2117 3533
754 158 861 200 LIB.
895 158 929 199 Ι.
964 158 1047 199 ΕΡ.
1086 159 1156 198 16.

76 296 189 337 11111111
222 294 408 349 plumbeo
441 293 574 348 gladio
606 293 835 348 iugulatum
867 293 917 333 iri
958 298 1091 334 tamen
1132 292 1294 333 diceret.

1777 157 1833 196 39

1361 294 1401 332 3.
1444 291 1521 332 Sed
1561 290 1758 331 iudicium
1802 289 1835 329 si

78 368 232 423 quaeris
276 367 391 422 quale
434 367 573 408 fuerit:
614 366 842 407 incredibili
875 367 987 407 exitu
1019 367 1089 415 sic,
1123 365 1186 406 uti
1217 380 1325 406 nunc
1359 381 1406 406 ex
1450 368 1596 406 eventu
1640 363 1688 403 ab
1733 363 1834 413 aliis,

78 457 100 483 a
132 456 194 482 me
227 446 362 482 tamen
395 455 442 480 ex
474 440 560 495 ipso
594 440 711 480 initio
746 439 957 480 consilium

1002 439 1209 480 Hortensii
1252 437 1579 493 reprehendatur.
1644 437 1751 478 Nam
1791 439 1838 476 ut

77 514 236 556 reiectio
269 513 373 555 facta
406 518 466 554 est
509 512 748 554 clamoribus
791 513 988 563 maximis,
1034 528 1157 567 quum
1203 516 1408 553 accusator
1450 517 1654 565 tamquam
1699 524 1837 550 censor

77 586 205 628 bonus
238 585 418 626 homines
451 585 715 640 nequissimos
749 585 941 635 reiiceret,
976 601 1067 626 reus
1108 590 1313 640 tamquam
1355 584 1527 624 clemens
1570 582 1716 623 lanista
1756 581 1836 622 fru-
1869 592 1881 615 5

76 658 324 713 galissimum
368 673 564 712 quemque
609 662 843 707 secerneret,
888 662 934 698 ut
980 658 1154 711 primum
1197 657 1350 698 iudices
1396 656 1676 704 consederunt,
1721 653 1835 694 valde

78 730 254 773 diffidere
287 730 383 771 boni
416 734 644 786 coeperunt.
698 731 792 771 Non
825 731 932 771 enim
965 746 1145 785 unquam
1177 730 1332 786 turpior
1364 730 1408 770 in
1439 728 1536 769 ludo
1569 727 1709 769 talario
1744 741 1836 766 con-

77 819 206 845 sessus
249 803 340 844 fuit.

75 868 208 931 quam,
242 881 289 917 ut
321 875 585 931 appellantur,
620 876 774 916 aerarii.
828 876 952 917 Pauci

406 803 603 844 Maculosi
645 808 857 853 senatores,
900 803 1001 844 nudi
1044 803 1212 857 equites,
1254 803 1408 844 tribuni
1452 817 1533 842 non
1574 806 1656 841 tam
1699 799 1835 848 aerati,

985 880 1119 917 tamen
1155 876 1250 917 boni
1282 876 1453 926 inerant,
1491 890 1589 930 quos
1622 873 1837 914 reiectione

77 948 213 1003 fugare
246 948 313 990 ille
345 963 426 989 non
459 953 656 1003 potuerat,
691 948 761 1003 qui
793 949 934 989 maesti
966 949 1071 989 inter
1105 949 1167 990 sui
1202 948 1413 990 dissimiles
1447 951 1486 989 et
1518 951 1738 988 maerentes
1781 960 1885 988 se-10

77 1021 225 1063 debant
257 1026 296 1062 et
329 1021 565 1075 contagione
597 1021 863 1076 turpitudinis
897 1022 1151 1063 vehementer
1184 1021 1530 1077 permovebantur.

1590 1023 1630 1061 4.
1665 1020 1759 1069 Hic,
1794 1022 1841 1058 ut

76 1109 255 1149 quaeque
288 1109 349 1135 res
383 1093 432 1134 ad
465 1094 676 1134 consilium
720 1094 859 1148 primis
902 1094 1244 1149 postulationibus
1288 1093 1546 1144 referebatur,
1591 1090 1841 1133 incredibilis

76 1171 159 1208 erat
192 1166 394 1216 severitas,
427 1166 539 1207 nulla
570 1166 761 1207 varietate
795 1166 1084 1207 sententiarum
1118 1166 1221 1208 nihil
1253 1165 1494 1221 impetrabat
1526 1181 1633 1222 reus,
1662 1165 1751 1220 plus
1780 1178 1842 1204 ac-

121 1314 159 1345 13
181 1312 371 1354 impetrarat
394 1332 435 1336 —

121 1461 139 1500 ξ
162 1461 190 1490 3.
214 1459 400 1491 Incredibili
423 1460 511 1490 erz'tu
532 1458 578 1488 sie
601 1468 633 1489 o:
658 1459 818 1491 iudicium
843 1469 935 1501 prop-
959 1462 960 1467 ’

79 1519 128 1544 ter
150 1513 278 1544 exitum
300 1514 502 1555 insperatum
523 1513 569 1544 sic
591 1512 662 1550 fuit,
687 1513 751 1544 tale
774 1514 847 1544 fuit.
886 1513 937 1543 Sic

79 1568 125 1597 est
147 1578 189 1594 ε
209 1566 272 1597 hoc
293 1567 392 1597 modo
414 1575 448 1597 se
469 1565 579 1596 habet.
602 1564 652 1596 Cf.
674 1565 769 1596 Rose.
785 1566 863 1596 Am.
879 1566 936 1596 84:
960 1574 961 1580 ¹

79 1618 130 1650 Sio
151 1618 216 1649 vita
239 1618 393 1649 hominum
415 1620 472 1648 est.

122 1672 152 1701 A
173 1681 219 1701 me
240 1672 344 1701 {anien
368 1681 407 1700 ea*
428 1670 494 1710 ipso
515 1670 616 1701 initio.
654 1670 843 1709 Madvigius
871 1680 937 1701 cor-

81 1724 168 1756 rexit
191 1736 210 1754 a
232 1735 277 1754 me
302 1725 364 1754 iam
387 1729 446 1761 cet,
462 1725 550 1765 quod
565 1724 683 1755 merito
698 1723 849 1764 probavit
863 1723 938 1754 &Ve-

80 1778 171 1810 senb.
194 1778 234 1808 ad
257 1778 354 1808 Tusc.
377 1777 439 1808 IV.
463 1777 490 1809 7.

122 1831 270 1862 Reiectio.
300 1831 469 1862 Iudicibus
491 1836 577 1862 sorte
599 1830 683 1861 datis
713 1835 744 1862 et
772 1835 939 1861 accusator

81 1891 112 1917 et
135 1895 208 1916 reus
231 1885 410 1915 nonnullos
432 1885 566 1915 reiicere
588 1889 749 1925 poterant.
772 1884 938 1915 Numerus

83 1948 140 1979 pro
170 1937 282 1968 iudicii
305 1943 422 1968 natura
450 1942 519 1968 erat
547 1937 705 1967 diversus.
750 1936 800 1968 Cf.
829 1935 937 1967 Geibii

81 2004 131 2034 op.
155 1993 241 2024 laud.
263 2003 294 2032 p.
316 1992 375 2025 307
400 2002 466 2033 seq.

124 2048 306 2078 Accusator.
336 2041 382 2085 εἷς
417 2049 483 2079 τῶν
524 2043 728 2091 δημάρχων,
770 2051 807 2075 ut
842 2045 940 2076 refert
962 2043 963 2080 J

86 2104 173 2135 Plut.
196 2104 229 2134 in
254 2099 348 2134 Caesss
371 2103 408 2132 10
431 2108 463 2133 et
484 2102 617 2142 quidem
638 2102 678 2132 L.
694 2102 866 2138 Lentulus,
883 2101 939 2142 qui
962 2108 964 2133 i

86 2166 113 2187 a.
137 2156 195 2188 705
218 2165 294 2186 01110
316 2154 353 2185 C.
376 2155 535 2185 Marcello
557 2154 672 2184 consul
703 2153 773 2190 fuit,
804 2154 939 2184 subscri-

87 2208 237 2239 bentibus
266 2207 394 2238 duobus
423 2206 495 2237 aliis
523 2206 685 2236 Lentulis.
724 2205 799 2235 Vid.
830 2204 940 2235 Schol.
964 2226 965 2232 .

87 2262 241 2292 Ambros.
264 2261 303 2290 ad
325 2260 415 2292 Orat.
438 2259 471 2289 in
496 2259 589 2289 Clod.
613 2263 643 2289 et
673 2258 807 2289 Curion.
838 2259 881 2288 V.
912 2260 940 2295 3,

88 2325 117 2354 p.
141 2314 200 2344 336
223 2312 278 2344 Or.
301 2313 376 2343 coll.
398 2313 438 2342 de
459 2312 601 2351 Harusp.
623 2312 719 2351 Resp.
742 2310 780 2343 37
805 2315 836 2341 et
865 2310 941 2341 Val.

90 2368 180 2398 Max.
204 2368 266 2398 IV.
289 2368 316 2403 2,
331 2368 359 2396 5.
382 2367 473 2397 Inter
494 2366 728 2405 subscriptores
742 2369 942 2396 memoratur
964 2366 966 2407 ξ

90 2431 219 2461 quoque
243 2420 278 2452 C.
302 2420 458 2456 Fannius,
481 2419 567 2450 infra
588 2419 635 2449 ΙΙ.
658 2420 706 2455 24,
731 2420 759 2449 3.

132 2475 268 2505 (leniens
289 2474 419 2505 lanista.
441 2474 596 2504 Lanistae
618 2483 685 2504 non
701 2482 815 2504 omnes
831 2482 941 2503 servos

88 2534 231 2560 coemtos
254 2528 287 2558 in
311 2528 427 2558 ludum
448 2527 578 2563 dabant,
602 2527 658 2557 sed
679 2526 830 2556 homines
853 2525 941 2564 frugi
964 2519 965 2536 l

88 2582 297 2622 seponebant,
313 2581 505 2621 plerumque
524 2590 590 2610 non
604 2580 788 2616 clementia,
805 2579 862 2610 sed
876 2589 941 2609 ma-
964 2597 965 2600 =

88 2636 165 2666 ioris
189 2635 270 2665 lucri
293 2644 348 2674 spe
370 2634 462 2664 moti.
485 2633 539 2664 Sic
562 2632 698 2664 Clodius
720 2633 753 2664 in
777 2634 838 2664 hoc
861 2633 941 2663 iudi-

89 2689 139 2719 cio
161 2693 249 2719 emto
271 2688 393 2718 iudices
416 2687 644 2727 integerrimos
667 2687 831 2723 reiecerat,
849 2687 942 2727 quasi
964 2682 966 2717 ἕ

89 2741 225 2772 lanistae
248 2746 354 2781 partes
377 2746 498 2779 ageret.
520 2739 559 2770 cf.
584 2738 685 2770 Gron.
702 2738 838 2770 Observ.
862 2740 889 2770 I.
913 2741 942 2770 8.
964 2728 966 2780 J

130 2793 170 2822 Ia
192 2792 266 2823 ludo
288 2792 416 2823 talario.
452 2791 583 2823 Sordidi
604 2791 754 2822 homines
783 2791 816 2821 in
846 2791 942 2821 illum

90 2848 196 2877 locum
220 2846 468 2881 conveniebant,
493 2851 524 2876 et
547 2845 621 2875 talis
644 2845 756 2876 ludere
770 2850 838 2875 erat
853 2845 942 2884 inge·
965 2825 967 2851 J

89 2900 135 2930 nii
157 2898 327 2929 illiberalis
350 2899 595 2929 documentum.
626 2897 692 2927 vid.
723 2897 829 2928 Beier.
852 2898 893 2927 ad
915 2898 943 2927 I.
966 2883 968 2927 l

88 2953 128 2982 de
151 2951 214 2983 Off.
238 2951 308 2981 150.
967 2939 968 2942 '

130 3004 285 3036 illac-ulosz'
305 3007 478 3035 senatores.
500 3004 663 3035 Maculosi
686 3009 762 3034 sunt
778 3004 863 3034 vitae
879 3013 943 3033 sor-

88 3058 183 3088 dibus
206 3057 360 3097 insignes,
385 3057 521 3087 avaritia
553 3062 585 3087 et
604 3056 740 3086 libidine
771 3056 865 3092 foedi,
896 3055 942 3085 in-
967 3047 968 3078 l

90 3110 205 3142 famiae
220 3109 357 3141 maculis
372 3109 548 3149 conspersi.
561 3108 600 3140 cf.
617 3108 721 3139 Tacit.
735 3109 825 3139 Ann.
840 3108 942 3139 XIII.

90 3163 138 3194 33.
161 3162 248 3196 Hist.
272 3163 299 3194 l.
323 3162 350 3199 7,
374 3163 421 3194 ΙΙ.
444 3162 493 3199 30,
517 3162 583 3194 ΙΙΙ.
606 3162 663 3198 38;
695 3161 832 3194 minime
854 3170 942 3198 vero,
967 3160 968 3182 l

985 1465 1021 1491 ut
1050 1459 1227 1497 Gronovio,
1260 1461 1377 1492 Beiero
1411 1466 1443 1492 et
1472 1460 1640 1491 Matthiae*
1661 1459 1794 1500 placuit,
1825 1468 1844 1488 a

986 1512 1166 1543 censoribus
1189 1514 1301 1544 notati.
1325 1514 1408 1551 Quis
1431 1513 1521 1545 enim
1542 1513 1661 1549 credat,
1686 1512 1767 1542 tales
1788 1512 1843 1542 ho-

986 1566 1090 1597 mines
1114 1577 1132 1596 a·
1153 1573 1301 1607 praetore
1324 1567 1357 1597 in
1381 1568 1494 1597 album
1515 1567 1614 1597 fuisse
1638 1565 1781 1596 relatos?

1027 1620 1113 1650 Nudi
1136 1622 1263 1662 equite&
1295 1627 1371 1652 sunt
1394 1622 1518 1661 inopes.
1556 1621 1607 1651 Ita
1630 1620 1742 1650 vocab.
1765 1620 1844 1650 acci-

986 1674 1142 1715 piendum
1165 1680 1213 1706 est
1235 1685 1265 1715 p.
1288 1675 1416 1711 Flacco,
1441 1676 1489 1705 51.
1516 1674 1610 1714 Quem
1627 1676 1661 1703 tta
1677 1684 1845 1713 —semper

961 1747 962 1772 ἶ
986 1727 1099 1757 mulum
1123 1736 1190 1757 esse
1212 1727 1348 1764 voluisti,
1372 1733 1404 1758 et
1419 1727 1555 1758 Clodius
1579 1736 1621 1757 ex
1635 1726 1756 1757 iudicio
1776 1731 1843 1757 tan-

961 1781 963 1794 '
986 1789 1085 1820 quam
1121 1789 1138 1811 e
1174 1780 1346 1819 naufi'agio
1382 1780 1483 1810 nudus
1519 1780 1687 1811 emersisse
1725 1780 1844 1810 dicitur

987 1833 1072 1873 apud
1095 1832 1162 1864 Cic.
1185 1833 1219 1863 in
1244 1833 1336 1864 Clod.
1360 1834 1387 1864 Ι.
1411 1833 1439 1863 6.

1032 1887 1159 1918 Tribuni
1181 1898 1241 1918 non
1264 1890 1325 1918 tam
1349 1888 1462 1924 (cerati,
1493 1899 1583 1929 quam.
1613 1890 1646 1917 ul
1682 1888 1844 1928 appellan—

961 1955 962 1968 1
987 1944 1039 1971 lm·
1061 1942 1182 1971 aerarii
1215 1942 1356 1972 Tribuni
1379 1942 1495 1973 aerarii
1518 1948 1611 1973 erant
1632 1942 1782 1973 homines
1805 1942 1845 1972 de

987 1995 1091 2035 plebe,
1115 1996 1172 2036 qui
1194 1996 1357 2036 stipendia
1370 1996 1532 2026 militibus
1549 1996 1746 2031 tribuebant,
1764 2005 1845 2035 quos

987 2050 1144 2090 suspicari
1166 2050 1243 2080 licet
1265 2050 1457 2090 plerumque
1488 2050 1588 2080 fuisse
1617 2052 1743 2080 aeratos
1774 2050 1794 2080 i.
1819 2060 1845 2080 e.

988 2112 1061 2133 aere
1084 2103 1297 2139 abundantes,
1325 2103 1406 2134 bene
1430 2109 1625 2139 numinatos,
1656 2103 1845 2143 locupletes.

989 2156 1047 2186 Illi
1069 2166 1111 2187 ex
1135 2157 1208 2196 lege
1237 2158 1377 2188 Aurelia
1399 2168 1465 2187 una
1489 2168 1564 2187 cum
1586 2158 1791 2188 senatoribus
1815 2164 1847 2188 et

989 2207 1154 2247 equitibus
1177 2209 1297 2239 iudicia
1320 2210 1534 2245 exercebant3
1567 2210 1623 2240 sed
1646 2209 1679 2239 in
1710 2210 1771 2239 hoc
1801 2210 1845 2239 iu-

964 2287 966 2304 J,
990 2261 1075 2291 dicio
1104 2266 1197 2292 erant
1226 2271 1300 2292 vere
1329 2263 1449 2292 aerarii
1478 2263 1637 2299 homines,
1667 2263 1760 2303 digni
1790 2264 1847 2303 qui

964 2340 966 2344 .
991 2313 1077 2343 tribu
1099 2319 1311 2344 moverentur
1333 2319 1365 2344 et
1384 2315 1469 2345 inter
1484 2315 1623 2345 aerarios
1639 2314 1847 2345 referrentur.

991 2366 1141 2405 Suspicio
1162 2365 1200 2396 G.
1224 2367 1409 2397 Meutzneri
1432 2377 1501 2397 voc.
1525 2367 1629 2397 aerati
1657 2372 1847 2408 corruptum

964 2410 966 2451 :J
990 2429 1058 2450 esse
1082 2429 1125 2450 ex
1139 2419 1246 2449 aerari
1262 2420 1313 2450 vel
1330 2426 1499 2461 propterea
1514 2421 1691 2452 reiicienda
1706 2422 1845 2458 videtur,

964 2488 965 2515 3
989 2472 1076 2511 quod
1099 2471 1217 2502 tribuni
1237 2472 1287 2502 illi
1303 2482 1423 2503 nomen
1441 2483 1506 2503 non
1522 2474 1687 2505 habebant
1701 2475 1742 2504 ab
1757 2484 1845 2504 aera-

989 2524 1045 2560 rio,
1076 2525 1132 2555 sed
1161 2525 1202 2554 ab
1231 2534 1312 2562 aere,
1349 2526 1437 2565 quod
1466 2526 1627 2556 militibus
1656 2526 1845 2557 reddebant.

989 2576 1055 2606 vid.
1078 2576 1140 2606 Th.
1163 2577 1360 2614 Mommsen,
1383 2578 1423 2608 de
1446 2578 1596 2608 tribubus
1625 2578 1719 2610 Rom.
1743 2589 1772 2619 p.
1795 2580 1845 2616 45,

990 2630 1062 2660 adn.
1088 2629 1137 2661 71.

1034 2681 1225 2722 Contezqimze
1240 2682 1456 2723 ltarpiluclim's.
1485 2698 1496 2708 ν
1507 2683 1605 2721 Quod
1621 2684 1789 2720 timebant,
1806 2694 1846 2716 ne

990 2734 1051 2774 ipsi
1073 2734 1224 2765 absoluto
1248 2734 1363 2766 Clodio
1387 2735 1420 2766 111
1444 2735 1615 2766 infamiam
1629 2736 1846 2776 corruptionis

965 2788 966 2818 l
989 2788 1172 2819 veni1·ent.”
1194 2788 1273 2818 Ern.

1032 2841 1049 2880 ξ
1072 2842 1101 2871 4.
1123 2840 1232 2871 Primis
1241 2842 1520 2881 postulationibus.
1537 2843 1709 2874 Postulare
1718 2843 1846 2883 proprie

991 2893 1110 2923 dicitur
1133 2894 1168 2930 is,
1193 2894 1249 2934 qui
1271 2900 1452 2934 praetorem
1474 2901 1576 2935 rogat,
1601 2901 1637 2926 ut
1666 2896 1763 2926 liceat
1784 2896 1847 2926 sibi

966 2981 968 2993 J
992 2948 1129 2979 alicuius
1152 2959 1273 2980 nomen
1290 2949 1431 2986 deferre3
1450 2951 1506 2981 sed
1521 2950 1573 2980 hic
1590 2951 1687 2981 latius
1704 2956 1793 2991 patet
1816 2956 1847 2982 et

967 3042 968 3045 J
990 3000 1052 3030 hoc
1069 3000 1201 3031 nomine
1216 3002 1428 3032 eontinentur
1445 3012 1659 3043 quaecunque
1675 3008 1706 3034 et
1722 3013 1846 3034 accusa-

992 3059 1043 3084 tor
1065 3059 1097 3084 et
1118 3063 1191 3084 reus
1214 3054 1248 3084 in
1272 3054 1392 3085 iudicio
1415 3055 1477 3085 sibi
1499 3056 1633 3086 concedi
1655 3057 1832 3097 postulant.

1032 3106 1237 3147 Impetrahat.
1253 3107 1374 3148 Scripsi
1390 3119 1406 3139 e
1423 3110 1603 3140 necessaria
1616 3110 1847 3142 Lambinicor-

991 3161 1145 3194 rectione.
1167 3161 1208 3193 cf.
1231 3162 1386 3195 Wesenb.
1408 3163 1546 3195 Emend.
1570 3175 1599 3206 p.
1623 3165 1671 3195 29.
