2117 3533
690 168 794 207 Lm.
836 168 887 207 [1.
928 169 1006 208 ΕΡ.
1051 170 1114 208 ll.
1154 169 1222 207 112.
1789 169 1840 207 92⁷

85 310 125 344 et
158 303 248 343 ferri
282 302 392 343 nullo
425 306 540 356 pacto
574 306 719 355 potest.
755 301 926 341 Emittam
959 301 1008 341 ad
1043 316 1103 341 me
1138 300 1322 351 Publius,
1352 301 1421 355 qui
1442 301 1674 354 obsignent:
1704 300 1844 341 iurabo

86 378 262 416 Cnaeum
296 379 490 423 nostrum,
526 373 716 427 collegam
756 372 882 422 Balbi,
918 374 1031 413 Antii
1056 374 1154 414 1111111
1174 389 1352 415 narrasse
1378 390 1417 414 se
1440 375 1482 415 in
1507 375 1685 430 auspicio
1706 374 1844 415 fuisse.

87 450 122 487 ί)
154 461 293 487 suaves
326 447 512 501 epistolas
544 451 634 487 tuas
668 461 748 486 uno
781 450 958 499 tempore
991 445 1090 486 1111111
1110 446 1222 487 datas
1247 445 1370 487 duas!
1408 446 1554 500 quibus
1575 443 1844 505 ἐυαγγέλια

87 535 185 574 quae
219 519 395 569 reddam,
420 519 574 568 nesci03
601 517 735 558 deberi
759 517 920 571 quidem
944 517 1060 571 plane
1084 518 1222 559 fateor.
1259 521 1299 558 2.
1324 518 1401 559 Sed
1427 519 1514 559 vide
1539 516 1844 577 συγκύρημα.

88 594 332 634 Emerseram
366 591 618 632 commodum
652 606 700 631 ex
734 590 891 630 Antiati
924 591 966 630 111
1000 591 1171 645 Appiam
1207 590 1256 631 ad
1291 590 1377 631 Tris
1410 591 1624 641 Tabernas,
1652 592 1748 645 ipsis
1772 591 1844 631 Ce-

86 665 264 715 rialibus,
311 681 434 720 quum
476 665 517 705 in
553 680 613 705 me
656 664 826 704 incurrit
860 664 986 704 Roma
1021 664 1182 704 veniens
1217 664 1338 705 Curio
1383 679 1508 705 meus.
1554 664 1711 705 Ibidem
1751 665 1844 705 ilico

86 754 182 793 puer
216 737 285 778 abs
319 743 358 778 te
391 753 481 778 cum
515 736 706 791 epistolis.
742 736 814 776 Ille
849 751 894 776 ex
930 751 991 776 me
1024 736 1177 777 nihilne
1212 737 1411 778 audissem
1443 737 1556 778 novi:
1593 753 1664 791 ego
1685 753 1844 792 negare.

92 838 111 861 u
128 810 307 860 Publius,
341 811 488 864 inquit,
522 809 775 850 tribunatum
809 809 862 863 pl.
898 809 1043 863 petit.''
1070 809 1179 860 Quid
1202 811 1285 851 ais?
1326 811 1413 860 HEt
1434 811 1736 851 inimicissimus
1759 812 1845 865 qui-

86 883 175 924 dem
210 883 402 932 Caesaris,
438 887 477 923 et
509 888 555 923 ut
589 882 735 932 omnia,
770 882 916 935 inquit,
947 882 1024 922 ista
1046 882 1292 923 1·esei11dat.”
1327 883 1436 934 Quid
1460 883 1631 924 Caesar?
1664 884 1844 938 inquam.

92 984 111 1007 ss
124 957 258 1010 Negat
292 972 331 996 se
366 955 585 1010 quidquam
620 955 669 995 de
702 955 811 995 1111115
846 954 1058 1009 adoptione
1092 955 1278 996 tulisse.''
1312 955 1467 996 Deinde
1492 971 1623 1005 suum,
1648 956 1845 1006 Memmii,

87 1030 241 1070 Metelli
274 1028 445 1083 Nepotis
479 1028 725 1082 exprompsit
757 1027 908 1067 odium.
954 1027 1195 1082 Complexus
1229 1029 1413 1069 iuvenem
1448 1029 1596 1079 dimisi,
1632 1044 1847 1084 properans

87 1102 134 1143 ad
169 1102 369 1157 epistolas.
404 1100 485 1141 Ubi
519 1106 627 1151 sunt,
664 1101 731 1154 qui
767 1100 880 1140 aiunt
916 1098 1073 1152 ζώσης
1108 1105 1302 1155 (pontin-1⁹
1336 1102 1499 1153 Quanto
1532 1102 1658 1155 magis
1693 1101 1774 1141 vidi
1801 1117 1847 1142 ex

130 1293 146 1320 5
170 1289 322 1321 commode
344 1308 384 1311 ——

88 1448 221 1478 fortasse
244 1457 365 1487 negare
387 1452 546 1487 poterant.
576 1447 692 1487 Itaque
715 1447 767 1478 vel
791 1448 830 1478 de
854 1446 945 1479 Orel-

88 1502 125 1532 lii
154 1502 239 1532 coni.
260 1501 385 1541 factum
415 1512 434 1531 a
460 1512 527 1532 sese
551 1511 617 1532 esse
640 1502 851 1532 scribendum
873 1512 946 1532 cen-

90 1565 154 1593 seo,
178 1556 230 1586 vel
255 1564 321 1585 esse
344 1556 536 1585 mutandum
559 1555 593 1585 in
617 1566 636 1585 a
659 1565 701 1585 Se.
746 1556 852 1586 Paulo
875 1560 947 1596 post

89 1618 147 1648 pro
170 1607 293 1639 emittat
316 1608 536 1639 necessarium
558 1612 637 1647 puto
661 1607 778 1638 mittat.

134 1660 193 1701 Qui
225 1660 385 1701 obsi-quent
422 1660 659 1697 testimonium,
698 1661 785 1700 quod
826 1661 947 1691 iuratus

89 1715 184 1745 dabo.

135 1767 266 1798 Gnaeum
297 1769 444 1803 nostrum,
475 1766 624 1806 collegsam
663 1766 766 1797 Balbi.
812 1768 852 1797 In
887 1767 948 1798 hac

97 1821 248 1861 Pompeii
284 1820 512 1860 designatione
549 1821 699 1851 aculeum
736 1821 836 1852 latere
866 1821 948 1852 mihi

90 1883 278 1915 persuasum
302 1879 359 1903 est.
405 1872 470 1903 Sed
493 1872 636 1903 difficilis
667 1873 755 1913 optio
786 1873 872 1903 iuter
901 1873 948 1903 M.

91 1926 207 1957 Atium
242 1925 401 1961 Balbum,
424 1924 594 1955 hominem
633 1925 819 1962 Aricinum,
851 1935 947 1966 quem

90 1979 176 2009 inter
197 1977 268 2009 XX
297 1977 385 2008 viros
413 1977 511 2008 fuisse
540 1978 637 2007 tradit
667 1977 755 2009 Suet.
787 1978 899 2010 Octav.
929 1980 949 2008 4

91 2036 122 2061 et
143 2030 195 2061 cui
219 2030 264 2061 Μ.
289 2030 458 2060 Antonius
482 2030 612 2069 generis
634 2030 878 2069 ignobilitatem
893 2031 948 2061 ob—

94 2083 169 2114 iecit
191 2082 278 2113 Phil.
303 2082 367 2112 III.
394 2082 441 2119 16,
466 2087 496 2112 et
524 2082 564 2112 L.
589 2081 781 2113 Cornelium
805 2083 948 2114 Balbum

91 2136 300 2173 Gaditanum,
325 2146 342 2166 a
365 2136 524 2176 Pompeio
547 2136 678 2167 civitate
694 2138 860 2167 donatum.
884 2136 949 2168 Sed

93 2191 151 2221 vix
173 2189 330 2220 credibile
352 2189 450 2226 hunc,
475 2190 531 2229 qui
562 2194 642 2220 teste
672 2190 804 2221 Velleio
834 2191 879 2221 ΙΙ,
911 2191 947 2220 51

92 2245 206 2275 60115111
230 2244 331 2274 factus
355 2248 402 2274 est
425 2253 467 2274 ex
490 2244 625 2283 privato,
657 2245 711 2274 vel
742 2245 775 2274 in
806 2245 875 2275 XX
906 2245 951 2275 vi-

93 2303 163 2329 ratu
192 2298 244 2328 vel
276 2298 309 2328 in
341 2298 407 2327 alio
436 2307 573 2328 munere
602 2297 753 2337 Pompeii
789 2299 952 2338 collegam

94 2350 200 2381 fnisse.
248 2350 357 2387 Quare
380 2351 418 2380 de
449 2350 508 2380 illo
538 2350 683 2389 cogitare
713 2351 810 2380 malo.
855 2350 952 2389 Quod

95 2409 203 2435 autem
233 2404 443 2434 Thierscliius
487 2408 600 2434 contra
629 2404 730 2435 libros
760 2405 813 2435 hic
843 2405 952 2435 Bibali

95 2465 215 2487 nomen
246 2456 454 2486 scribendum
490 2461 592 2496 putat,
623 2467 688 2487 11011
727 2458 839 2497 probo,
876 2468 952 2498 quo-

95 2509 184 2538 niam
219 2508 360 2539 Bibulus
395 2514 481 2539 certe
517 2508 566 2538 illi
609 2509 754 2549 auspicio
797 2509 952 2540 interesse

96 2561 248 2598 noluerit,
271 2570 379 2601 neque
401 2562 441 2591 de
464 2561 529 2591 alio
557 2571 702 2598 munere,
732 2561 764 2591 in
796 2571 861 2601 (1110
889 2562 951 2592 601-

98 2614 190 2654 legae
214 2612 345 2650 fuerint,
369 2618 494 2653 agatur.

138 2665 175 2696 Se
197 2666 230 2696 in
253 2666 391 2706 auspicio
405 2666 521 2706 fuisse.
545 2667 733 2698 Pronomen
757 2678 799 2705 Se,
826 2668 859 2699 in
883 2669 953 2699 cod.

97 2719 247 2750 Mediceo
270 2720 386 2749 ultima
407 2720 535 2760 syllaba
557 2722 704 2760 praeced.
728 2722 878 2752 vocabuli
902 2722 954 2752 ab·

98 2779 254 2813 sorptum,
278 2773 390 2803 abesse
414 2782 480 2803 non
504 2779 621 2813 potest.
659 2774 834 2814 Pompeius
865 2774 955 2805 Cice-

98 2835 212 2856 ronem
234 2825 376 2856 Antium
400 2826 556 2856 convenit
580 2825 724 2863 fortasse,
755 2827 788 2856 in
820 2826 956 2867 Campa-

100 2879 189 2909 niam
211 2878 430 2918 proficisccns.
460 2878 537 2909 Esse
560 2879 593 2909 in
617 2879 757 2919 auspicio
786 2891 815 2920 p.
846 2882 957 2912 adesse

99 2932 242 2973 auspicio
265 2936 390 2964 veteres
413 2932 574 2963 dicebant.
611 2932 659 2964 Cf.
690 2933 802 2964 Divin.
832 2936 877 2966 II.
909 2935 958 2968 71.

99 2985 178 3025 Rep.
201 2985 247 3015 II.
271 2984 319 3015 16.

143 3042 160 3081 ξ
191 3042 219 3072 2.
257 3040 446 3072 Commodum
478 3059 517 3064 *-
546 3053 645 3082 qmem.
677 3043 734 3073 Bis
765 3044 798 3074 in
830 3046 957 3085 scriptis

103 3095 269 3126 Ciceronis
293 3095 414 3135 legitur
446 3095 598 3126 commode
627 3115 668 3119 —
695 3107 784 3137 [ecum
814 3098 846 3129 11.
876 3099 897 3130 1.
928 3105 957 3130 et

104 3147 197 3178 Verr.
231 3148 295 3178 III.
325 3148 373 3184 61,
405 3148 459 3178 ubi
499 3155 607 3179 tamen
650 3159 745 3180 verae
781 3151 958 3191 scripturae

165 3204 200 3244 Ι.

993 1445 1132 1485 vestigia
1154 1445 1187 1475 in
1213 1446 1374 1476 Vaticano
1397 1446 1508 1477 codice
1531 1446 1755 1486 (postmodum)
1786 1456 1850 1478 cer-

993 1503 1125 1528 nuntur.
1157 1499 1197 1528 In
1222 1498 1330 1529 Plauti
1360 1499 1559 1529 Trinummo
1590 1500 1634 1529 II.
1667 1501 1695 1536 3,
1728 1502 1755 1536 9,
1785 1501 1852 1531 Rit-

993 1551 1134 1581 schelius
1156 1561 1173 1581 e
1196 1552 1405 1592 palimpsesto
1434 1552 1658 1582 Ainbrosiano
1688 1553 1850 1592 reposuit:

994 1603 1175 1633 commodum
1199 1603 1265 1643 ipse
1288 1604 1353 1634 exit
1382 1604 1567 1635 Lesbonicus
1597 1615 1660 1634 eum
1691 1615 1778 1635 Servo
1798 1605 1855 1645 fo·

994 1667 1058 1687 raS.
1104 1658 1179 1687 Non
1211 1658 1359 1688 dubitavi
1389 1658 1443 1688 hic
1474 1659 1657 1688 commodum
1682 1659 1854 1699 corrigere,

994 1716 1030 1742 ut
1052 1711 1184 1741 volebat
1206 1712 1401 1752 Malaspina.
1427 1712 1477 1743 Cf.
1500 1712 1716 1753 Wesenberg,
1731 1714 1770 1743 ad
1784 1713 1855 1744 Ses-

995 1764 1128 1800 tianam,
1164 1774 1194 1804 p.
1231 1764 1270 1794 24
1303 1774 1349 1804 sq.
1388 1770 1419 1795 et
1452 1765 1563 1796 Hand.
1606 1765 1639 1795 in
1679 1766 1774 1795 Turs.
1809 1766 1857 1797 II.

994 1826 1024 1856 1).
1048 1817 1117 1846 102.

1038 1869 1121 1909 Ipsis
1146 1869 1330 1901 Cerialibus.
1360 1871 1623 1903 Celebrabantur
1645 1883 1672 1902 a.
1696 1873 1726 1903 d.
1752 1873 1852 1903 XIII.

994 1922 1070 1952 Kal.
1106 1922 1185 1959 Mai,
1227 1923 1365 1953 biduum
1407 1929 1482 1955 ante
1518 1924 1652 1956 Parilia.
1692 1925 1856 1955 Describit

995 1974 1091 2007 Ovid.
1114 1975 1201 2006 Fast.
1225 1976 1287 2006 IV.
1311 1978 1371 2007 389
1395 1987 1482 2018 seqq.

1037 2027 1154 2058 Ibidem
1178 2028 1263 2059 ilico.
1299 2028 1422 2060 Citavit
1444 2030 1524 2061 haec
1548 2031 1646 2061 verba
1669 2031 1781 2061 Madv.
1817 2032 1857 2061 ad

995 2081 1070 2112 Fin.
1094 2082 1120 2112 I.
1146 2082 1184 2112 19
1215 2082 1271 2112 ubi
1302 2082 1416 2113 deinde
1445 2083 1555 2114 ibidem
1587 2085 1731 2124 explicat
1753 2094 1857 2124 paene

996 2134 1099 2165 eodem
1122 2136 1267 2175 {emporis
1290 2138 1448 2167 momem‘o.
1478 2137 1520 2167 Et
1541 2137 1587 2167 516
1612 2138 1734 2174 malim,
1758 2148 1856 2178 quain

997 2197 1071 2217 611111
1096 2187 1228 2217 Handio
1252 2189 1346 2219 Turs.
1369 2190 1433 2219 III.
1457 2200 1487 2229 p.
1511 2191 1570 2220 208
1588 2191 1627 2220 de
1644 2191 1714 2220 1060
1730 2191 1856 2221 dictum

998 2242 1153 2281 accipere.
1176 2241 1257 2272 Ilico
1280 2244 1393 2283 scripsi
1409 2254 1467 2283 pro
1486 2243 1573 2274 illico
1590 2246 1717 2275 monitu
1732 2246 1856 2275 Klotzii

998 2295 1038 2325 ad
1061 2295 1136 2326 Ter.
1158 2297 1264 2326 Andr.
1288 2307 1317 2336 p.
1341 2298 1380 2326 38
1404 2298 1453 2327 ed.
1476 2298 1566 2338 Lips.
1590 2309 1617 2328 a.
1643 2299 1732 2329 1565.

1041 2348 1081 2377 El
1104 2348 1335 2379 inimicissinms
1365 2350 1485 2390 quidem
1522 2351 1653 2382 Caesari
1682 2362 1791 2389 PETlT,
1823 2355 1856 2382 ‘ut

997 2402 1109 2439 omnia,
1132 2402 1243 2443 inquil,
1274 2404 1337 2432 isla
1367 2404 1537 2435 rescindat.
1579 2406 1653 2436 Nisi
1681 2407 1857 2436 statuimus

999 2454 1178 2486 Curionem
1207 2456 1343 2487 obscure
1377 2457 1523 2488 locutum
1553 2468 1631 2495 6556,
1671 2460 1715 2489 ita
1751 2460 1857 2499 potius

998 2507 1066 2538 eius
1089 2508 1187 2538 verba
1210 2509 1383 2540 scribenda
1405 2516 1491 2548 sunt,
1516 2520 1616 2551 quam
1639 2517 1674 2542 ut
1697 2513 1729 2542 in
1765 2513 1858 2542 codd.

998 2562 1126 2602 seriptis
1160 2562 1383 2600 inveniuntur,
1415 2565 1475 2595 etsi
1505 2565 1609 2596 critici
1639 2567 1771 2596 silentio
1801 2576 1858 2596 suo

998 2615 1147 2655 probant.
1171 2633 1211 2637 —
1232 2616 1333 2656 inquit
1357 2628 1388 2647 a:
1412 2623 1449 2648 ut
1470 2619 1579 2658 inquit
1602 2620 1751 2650 Publius.

1041 2667 1164 2698 Deinde
1192 2678 1289 2705 suum,
1321 2668 1467 2707 Memmii,
1496 2670 1621 2701 illele'lc'
1650 2672 1778 2712 Nepolis
1807 2682 1857 2702 ew-

990 2720 1144 2759 prompsit
1167 2720 1279 2751 odium.
1308 2721 1387 2752 Sine
1410 2723 1510 2753 dubio
1532 2733 1604 2753 611111
1630 2724 1782 2754 Manutio
1804 2724 1857 2753 hic

997 2774 1037 2804 de
1060 2774 1135 2804 odio
1158 2774 1258 2804 trium
1287 2775 1420 2806 illorum
1444 2777 1476 2807 in
1509 2779 1681 2808 Caesarem
1712 2778 1856 2816 cogitan-

998 2829 1078 2858 dum
1107 2833 1163 2865 est,
1194 2838 1300 2869 neque
1330 2831 1514 2861 andiendus
1544 2832 1766 2868 Τ1116156111115,
1800 2832 1856 2871 qui

1000 2891 1074 2921 gen.
1099 2881 1244 2919 Mwnmz'i,
1267 2882 1393 2914 Metelli
1411 2885 1571 2915 obiective
1592 2886 1744 2925 explicat,
1762 2885 1856 2925 quasi

999 2935 1038 2964 de
1062 2934 1216 2965 Curionis
1239 2936 1272 2965 in
1296 2936 1492 2967 Memmium
1516 2944 1547 2968 et
1578 2938 1751 2968 Metellum
1779 2938 1856 2968 odio

999 2998 1106 3019 sermo
1127 2988 1251 3020 fuisset.

1047 3040 1155 3078 ζώσης
1172 3043 1294 3085 φωνῆς.
1320 3042 1434 3083 Suppl.
1456 3042 1561 3088 μείζω
1585 3041 1752 3088 ἐνέργειαν
1771 3039 1857 3078 εἶναι

1001 3094 1139 3140 ἀφώνων
1168 3093 1403 3130 διδασκάλων.
1427 3100 1521 3130 Idem
1533 3099 1745 3140 proverbium
1761 3102 1857 3142 respi-

1001 3152 1089 3183 ciunt
1114 3152 1253 3189 Plinius,
1278 3164 1325 3195 611.
1346 3155 1389 3184 ll.
1414 3156 1441 3190 3,
1466 3156 1494 3185 ἓ).
1528 3155 1669 3194 Quintil.
1692 3157 1719 3187 I.
1744 3158 1781 3189 Ο.
1813 3157 1856 3187 11.

1650 3212 1669 3251 7

1869 964 1902 997 io
