2117 3533
722 137 830 178 LIB.
864 137 898 177 I.
933 137 1018 177 ΕΡ.
1056 138 1126 176 11.

1748 133 1803 172 33

47 274 211 317 consilio
244 274 350 315 idem
386 275 576 329 [praetor]
612 275 805 313 uteretur.
856 270 904 311 Id
939 275 1071 311 autem
1105 275 1189 311 erat
1223 270 1271 311 de
1305 269 1500 310 Clodiana
1532 267 1723 322 religione
1758 265 1807 307 ab

48 353 188 391 senatu
220 347 498 388 constitutum.
552 349 592 386 2.
625 345 728 385 Tum
760 344 975 398 Pompeius
1014 340 1131 400 μάλ)
1178 340 1609 402 ἀριστοκρατικῶς
1649 341 1808 381 locutus

48 427 119 472 est,
155 426 394 475 senatusque
429 419 709 461 auctoritatem
742 417 818 458 sibi
852 417 1037 459 omnibus
1071 419 1114 459 in
1147 417 1265 459 rebus
1298 418 1462 458 maximi
1495 416 1621 457 videri
1642 428 1811 470 semper-

49 509 124 549 que
155 494 281 534 visam
314 508 397 534 esse
430 491 635 547 respondit
667 496 707 531 et
739 490 781 531 id
814 490 952 531 multis
993 490 1138 532 verbis.
1189 491 1333 532 Postea
1374 490 1547 531 Messala
1592 489 1732 530 consul
1770 488 1814 529 in

48 571 188 608 senatu
221 566 269 607 de
302 565 492 620 Pompeio
525 564 736 619 quaesivit,
771 563 868 617 quid
903 563 951 604 de
985 563 1177 618 religione
1202 568 1242 604 et
1265 563 1313 604 de
1337 562 1814 619 promulgatarogatione
1847 574 1860 599 5

50 639 226 681 sentiret.
260 639 439 680 Locutus
460 638 518 679 ita
541 642 600 678 est
621 638 665 678 in
689 642 844 687 senatU,
868 642 914 677 ut
937 637 1071 677 onmia
1093 637 1202 678 illius
1228 637 1379 678 ordinis
1403 637 1586 678 consulta
1607 635 1817 695 γενικῶς

49 712 229 755 laudaret
260 712 454 766 mihique,
487 717 534 752 ut
567 710 728 761 assedit,
764 709 868 751 dixit
901 726 941 751 se
985 715 1125 765 putare
1169 711 1265 752 satis
1305 710 1354 751 ab
1397 726 1437 752 se
1478 711 1596 751 etiam
1642 710 1690 750 de
1729 709 1817 750 istis

49 784 167 827 rebus
201 799 284 826 esse
316 799 563 839 responsum.
616 785 656 824 3.
692 784 858 824 Crassus
891 788 1028 837 postea
1063 798 1179 837 quam
1215 783 1319 824 vidit
1352 784 1467 824 illum
1501 784 1702 839 excepisse
1733 782 1819 822 lau-

51 858 142 899 dem
174 873 222 899 ex
253 873 313 909 eo,
348 857 453 912 quod
487 857 790 912 suspicarentur
818 856 999 897 homines
1033 857 1069 897 ei
1103 857 1355 898 consulatum
1380 873 1514 898 meum
1537 857 1707 912 placere,
1735 869 1819 896 sur-

51 931 154 973 rexit
186 930 514 984 ornatissimeque
547 929 595 970 de
628 944 715 970 meo
750 928 961 970 consulatu
993 929 1152 970 locutus
1194 936 1253 971 est
1287 936 1333 971 ut
1355 931 1411 971 ita
1435 930 1608 981 diceret3
1634 944 1688 980 se,
1715 926 1821 982 quod
1835 939 1868 964 10

52 1009 154 1047 esset
186 1009 356 1055 senator,
392 1003 498 1058 quod
532 1003 644 1054 civis,
679 1002 787 1057 quod
819 1001 935 1053 liber,
970 1003 1078 1057 quod
1111 1003 1274 1054 viveret,
1300 1003 1401 1044 mihi
1425 1008 1633 1059 acceptum
1655 1001 1821 1053 referre3

52 1077 207 1132 quoties
239 1077 409 1132 patriam
442 1076 608 1126 videret,
642 1075 761 1116 toties
796 1090 836 1116 se
870 1074 1112 1117 beneficium
1147 1092 1282 1118 meum
1317 1077 1465 1118 videre.
1516 1077 1627 1129 Quid
1667 1075 1823 1118 multa?

51 1150 198 1192 Totum
230 1150 339 1190 hunc
371 1149 519 1200 locum,
555 1163 674 1203 quem
708 1163 781 1202 ego
814 1148 922 1189 varie
956 1149 1054 1190 meis
1090 1149 1353 1201 orationibus,
1390 1165 1559 1205 quarum
1583 1156 1630 1192 tu
1651 1150 1825 1191 Aristar-

54 1222 153 1264 chus
186 1238 241 1273 es,
276 1221 383 1263 soleo
416 1222 595 1277 pingere,
630 1221 679 1262 de
712 1221 884 1272 flamma,
920 1220 969 1262 de
1002 1221 1105 1264 ferro
1141 1248 1198 1253 —-
1234 1224 1341 1265 nosti
1373 1224 1463 1265 illas
1482 1220 1731 1277 ληκύθους
1752 1247 1825 1273 —,

54 1294 168 1336 valde
201 1295 373 1349 graviter
406 1294 621 1349 pertexuit.
662 1293 875 1334 Proximus
910 1294 1101 1350 Pompeio
1147 1295 1349 1338 sedebam.
1394 1296 1583 1338 Intellexi
1623 1296 1827 1337 hominem
1841 1301 1874 1327 1⁵

54 1367 217 1418 moveri,
251 1372 389 1408 utrum
422 1366 610 1408 Crassum
642 1366 743 1407 inire
778 1381 865 1407 eam
898 1368 1082 1421 gratiam,
1117 1384 1237 1422 quam
1271 1370 1355 1424 ipse
1388 1369 1734 1425 praetermisisset,
1778 1384 1829 1410 an

56 1454 140 1480 esse
173 1444 306 1481 tantas
339 1454 401 1481 res
434 1444 604 1490 nostras,
641 1454 741 1494 quae
774 1443 856 1480 tam
890 1439 1037 1482 libenti
1072 1446 1215 1483 senatu
1248 1443 1524 1494 laudarentur,
1559 1442 1609 1484 ab
1643 1458 1689 1484 eo
1717 1457 1829 1498 prae-

57 1511 207 1562 sertim,
242 1512 311 1566 qui
343 1511 444 1552 mihi
475 1511 637 1554 laudem
669 1511 779 1553 illam
812 1528 858 1553 eo
891 1513 1026 1554 minus
1063 1514 1239 1567 deberet,
1275 1516 1382 1571 quod
1415 1517 1514 1558 meis
1557 1515 1744 1558 omnibus
1783 1514 1830 1555 li-

104 1666 132 1697 1.
149 1668 293 1706 praetor.
316 1667 389 1707 Ego
412 1666 542 1698 seclusi.
565 1684 606 1688 —
628 1665 646 1698 7
668 1667 707 1698 de
729 1667 822 1700 istius
843 1668 933 1700 rebus
955 1688 996 1692 —-
1019 1670 1057 1701 15
1080 1669 1228 1701 Proxime
1250 1669 1426 1712 Pompeium
1450 1670 1602 1702 sedebam.

62 1810 90 1847 l,
112 1810 178 1840 huc
198 1819 266 1840 non
287 1811 438 1850 pertinet.
467 1811 641 1844 Caeterum
662 1814 705 1844 de
725 1814 920 1854 quaestioni-

62 1862 121 1893 bus
143 1867 236 1893 extra
257 1862 407 1894 ordinem
428 1864 548 1896 habitis
581 1865 621 1896 cf.
651 1865 760 1897 Geibii
788 1866 925 1898 historia

63 1915 127 1946 iud.
150 1915 277 1946 crimin.
300 1917 388 1956 apud
408 1916 502 1948 Rom.
525 1928 555 1958 p.
580 1918 753 1949 219—225.

107 1970 125 2009 ᾗ
147 1970 176 2000 2.
199 1968 239 1999 In
261 1971 384 2000 senatu.
416 1970 561 2002 Habitus
583 1978 633 2003 est
654 1977 726 2003 tum
749 1978 843 2004 extra
873 1983 923 2003 ur-

65 2023 148 2061 bem,
172 2023 307 2054 fortasse
330 2024 363 2054 in
387 2025 466 2055 aede
496 2025 655 2057 Bellonae
664 2040 671 2063 3
703 2027 799 2057 aliter
829 2027 924 2057 Pom-

65 2075 157 2115 peius
179 2075 337 2106 interesse
360 2086 426 2106 non
449 2077 619 2117 potuisset.

107 2129 153 2159 Ab
175 2138 218 2159 se.
240 2129 340 2160 Recte
363 2131 574 2161 emendatum
596 2136 654 2168 est,
678 2133 765 2171 quod
786 2132 820 2162 in
836 2133 926 2163 Med.

66 2183 162 2223 Hisp.
178 2183 316 2223 aliisque
332 2188 381 2213 est
394 2184 448 2213 abs
462 2186 503 2214 te.
525 2185 617 2215 Ante
632 2194 728 2215 voces
743 2185 838 2216 litera
852 2186 927 2216 sibi-

68 2236 157 2266 lante
173 2236 366 2276 incipientes
381 2236 418 2266 ab
428 2236 580 2277 frequens
590 2243 648 2268 est.
665 2237 873 2270 Vid.Osann.
887 2239 927 2269 ad

71 2287 187 2318 Cic.de
202 2288 305 2328 Repb.
318 2298 349 2328 p.
365 2289 414 2325 81,
431 2295 550 2329 etquos
560 2289 701 2320 laudabo
710 2290 821 2320 adIV.
840 2291 887 2327 18,
899 2293 927 2321 5.

112 2339 158 2369 De
180 2340 250 2369 istis
278 2340 376 2371 rebels.
412 2341 598 2382 Pompeius,
622 2342 679 2382 qui
701 2343 867 2374 neminem
883 2343 928 2373 of-

72 2392 202 2424 fendere
235 2393 375 2431 volebat,
406 2404 471 2424 non
502 2401 611 2435 aperte
642 2396 683 2426 ad
702 2396 928 2436 quaestionem

70 2446 214 2477 consulis
236 2447 412 2487 respondit,
435 2448 492 2478 sed
514 2448 547 2479 in
570 2449 762 2480 universum
786 2449 873 2481 SCta
895 2460 928 2482 se

71 2500 204 2531 absente
227 2500 310 2531 facta
332 2501 487 2539 laudavit,
511 2511 614 2543 eoque
636 2503 706 2543 ipso
730 2503 807 2534 satis
829 2504 929 2534 etiam

71 2554 111 2584 de
133 2554 229 2584 rebus
252 2563 269 2584 a
293 2552 451 2586 Cicerone
474 2555 574 2595 gestis
596 2556 720 2587 dixisse
750 2557 812 2587 sibi
843 2557 929 2589 vide-

72 2608 177 2639 batur.
198 2608 291 2639 Haec
312 2608 415 2649 igitur
436 2620 503 2640 non
532 2610 699 2650 pertinent
730 2612 770 2642 ad
799 2612 929 2653 religio-

72 2671 149 2694 nem
171 2668 203 2694 et
224 2663 431 2703 rogationem
459 2665 720 2705 promulgatam,
752 2676 830 2697 nam
860 2672 931 2698 tum

74 2713 188 2745 Cicero
210 2714 390 2755 scripsisset
411 2715 450 2746 cle
477 2716 546 2747 illis
575 2717 675 2754 rebus,
706 2727 814 2759 neque
844 2720 930 2750 addi·

73 2766 173 2797 disset
194 2767 389 2808 particulam
421 2767 525 2799 etiam.
562 2768 628 2800 Sed
658 2780 761 2811 quum
790 2772 931 2804 scribere

73 2821 231 2861 potuisset
253 2821 292 2851 cle
314 2822 388 2852 meis
410 2822 509 2859 rebus,
532 2828 570 2854 ut
591 2824 735 2855 correxit
757 2824 930 2865 Corradus,

74 2874 209 2905 retinuit
231 2874 332 2915 ipsius
356 2875 504 2915 Pompeii
526 2876 626 2907 verba
654 2887 721 2908 non
750 2878 848 2909 nimis
876 2879 931 2910 ho-

75 2928 225 2958 norifica:
265 2929 370 2959 asans
400 2937 431 2959 a*
449 2940 495 2960 me
524 2929 619 2960 etiam
648 2930 686 2961 de
714 2931 788 2962 istis
817 2933 862 2972 (oz
894 2933 933 2963 [le

76 2981 154 3023 tuis)
177 2982 267 3012 rebus
289 2992 465 3022 responsum
484 2985 596 3023 pala*
618 2984 715 3015 Hanc
739 2995 808 3017 esse
821 2987 933 3017 verbo-

77 3044 151 3066 rum
173 3036 369 3066 sententiam
392 3045 434 3067 ex
457 3036 504 3073 iis,
525 3047 608 3078 quae
624 3038 663 3069 de
679 3037 797 3070 Crasso
811 3040 933 3070 addun-

78 3096 138 3127 tur,
163 3097 303 3132 apparet.
326 3091 366 3122 cf.
382 3092 557 3123 Mentzner
572 3093 606 3124 in
621 3092 711 3125 Diar.
723 3094 842 3135 Antiq.
855 3095 934 3126 anni

79 3145 167 3183 1837,
191 3157 222 3187 p.
244 3147 305 3178 436
328 3157 375 3188 sq.
404 3148 457 3179 Ex
480 3157 528 3185 eo,
552 3149 639 3189 quod
663 3149 695 3179 in
720 3159 823 3190 marg.
847 3149 935 3182 Crat.

141 3201 177 3243 Ι.

970 1818 1127 1859 scriptum
1149 1823 1198 1850 est
1227 1817 1357 1858 demptis
1379 1818 1479 1856 rebus,
1515 1818 1710 1850 Tunstallus
1733 1829 1764 1860 p.
1794 1820 1832 1849 35

971 1871 1055 1902 eruit
1077 1870 1115 1901 de
1137 1871 1196 1901 mei
1208 1870 1309 1911 ‘ipsius
1330 1871 1429 1909 reva,
1446 1872 1535 1912 quod
1549 1872 1711 1913 optimum
1725 1872 1834 1903 visum

971 1925 1139 1965 Martynio
1163 1924 1231 1956 Cic.
1254 1926 1315 1966 Ep.
1338 1936 1368 1966 p.
1392 1927 1461 1964 229,
1478 1926 1531 1957 cui
1546 1937 1613 1957 non
1630 1926 1806 1957 adsentior.

1014 1980 1032 2018 ξ
1055 1980 1084 2010 3.
1108 1978 1275 2019 Eraepisse
1297 1979 1432 2011 laudem.
1456 1979 1511 2011 Sic
1534 1980 1669 2018 invidia,
1694 1980 1834 2010 inimici-

973 2032 1036 2062 tiae
1060 2032 1279 2072 excipiuntur,
1303 2032 1324 2062 i.
1348 2042 1375 2063 e.
1405 2038 1588 2073 captantur,
1619 2042 1722 2073 quum
1752 2032 1835 2064 forte

972 2084 1164 2115 offeruntur.
1187 2085 1301 2115 Minus
1317 2085 1485 2125 aliquanto
1501 2090 1550 2117 est
1564 2095 1664 2126 quam
1679 2086 1835 2126 accipere.

1014 2137 1150 2176 Pin-(sere
1194 2148 1226 2168 o:
1276 2139 1458 2170 luminibus
1503 2139 1660 2170 orationis
1708 2149 1836 2171 ornare.

973 2192 1100 2224 Eodem
1122 2197 1270 2232 spectant
1294 2186 1460 2234 ληκύθοι,
1476 2203 1541 2234 quo
1556 2193 1691 2224 nomine
1706 2193 1836 2234 proprie

973 2249 1129 2280 dicuntur
1150 2260 1236 2287 vasa,
1260 2251 1294 2281 in
1319 2251 1437 2292 quibus
1459 2252 1630 2292 pigmenta
1645 2256 1834 2287 servantum

974 2303 1062 2343 quod
1084 2303 1278 2334 transfertur
1307 2305 1348 2334 ad
1376 2304 1533 2335 orationis
1562 2310 1726 2335 ornatum.
1763 2304 1836 2345 Piq-

974 2357 1076 2385 menia,
1099 2355 1184 2386 dixit
1205 2357 1277 2387 Att.
1300 2357 1347 2387 ΙΙ.
1371 2357 1398 2394 1,
1426 2357 1453 2394 1,
1474 2357 1568 2388 Brut.
1586 2358 1656 2387 298.
1679 2357 1836 2397 aazpullas

975 2408 1133 2439 Horatius
1156 2409 1200 2439 A.
1224 2409 1261 2439 P.
1285 2409 1333 2446 97,
1357 2411 1445 2441 unde
1467 2415 1583 2441 natum
1605 2410 1723 2441 Franc.
1753 2411 1837 2451 style

975 2460 1126 2501 ‹mzpoule‘,
1142 2463 1420 2502 quemadmodum
1435 2463 1539 2494 oratio
1555 2464 1681 2494 tumida
1697 2469 1729 2494 et
1744 2463 1837 2504 quasi

976 2514 1170 2544 calamistris
1207 2515 1317 2546 inusta
1352 2516 1546 2556 appellatur.
1583 2516 1623 2547 cf.
1656 2516 1835 2552 VVeichert,

976 2572 1062 2607 poet.
1084 2567 1178 2598 latin.
1201 2567 1287 2599 vitae
1311 2574 1342 2599 et
1364 2578 1463 2599 carm.
1478 2579 1508 2609 p.
1525 2568 1585 2601 387
1601 2579 1648 2610 sq.
1664 2588 1705 2591 —
1719 2569 1837 2609 Magni

976 2621 1136 2652 momenti
1159 2627 1207 2652 est
1229 2621 1282 2652 hic
1305 2622 1395 2653 locus
1419 2623 1459 2653 ad
1480 2623 1654 2663 ingenium
1682 2623 1835 2664 eloquen-

977 2674 1040 2705 tiae
1064 2674 1238 2706 Tullianae
1261 2677 1535 2715 cognoscendum,
1560 2677 1599 2707 de
1618 2686 1682 2717 quo
1696 2677 1834 2718 pruden-

978 2732 1027 2758 ter
1062 2732 1094 2758 et
1130 2733 1223 2758 acute
1251 2728 1332 2770 disp.
1362 2729 1487 2760 Bakius
1517 2729 1551 2760 in
1582 2729 1693 2761 Schol.
1723 2730 1833 2770 Hypo-

978 2780 1162 2817 mnemafis,
1186 2780 1213 2811 Ι.

1019 2831 1195 2869 Pet-texuit,
1220 2843 1252 2863 o:
1277 2834 1437 2875 explicuit
1467 2840 1498 2865 et
1528 2835 1622 2876 quasi
1651 2836 1752 2867 telam
1782 2837 1834 2867 ab·

979 2885 1088 2916 solvit.

1020 2938 1186 2969 Proximus
1209 2939 1353 2980 Pompeio
1374 2942 1515 2972 sedebam
1540 2952 1557 2974 e
1586 2945 1656 2974 cod.
1686 2944 1836 2975 Mediceo

980 2992 1117 3029 restitui,
1141 3003 1244 3033 quum
1266 2994 1424 3032 codicum,
1456 2995 1488 3025 in
1513 2996 1632 3036 quibus
1662 2996 1761 3028 fuisse
1790 2997 1835 3028 di-

980 3045 1077 3076 citur:
1108 3046 1252 3086 proxime
1287 3046 1462 3087 Pompeiam
1498 3048 1637 3079 sedebam
1667 3050 1767 3082 (lubia
1795 3051 1836 3081 sit

982 3099 1157 3130 auctoritas
1181 3110 1240 3131 nec
1262 3100 1431 3133 Diomedis
1455 3107 1555 3139 tanta,
1578 3108 1614 3134 ut
1636 3104 1737 3136 verba
1758 3113 1837 3135 sana

981 3151 1026 3183 ita
1048 3152 1215 3184 immutari
1237 3154 1387 3185 debeant.

1626 3216 1650 3255 3
