2117 3533
717 164 825 206 LIB.
860 164 911 205 V.
945 163 1030 205 ΕΡ.
1067 165 1138 205 15.
1175 165 1246 204 16.
1778 163 1863 203 233

107 304 184 347 Sed
215 303 398 353 feremus,
440 301 572 352 modo,
608 300 640 341 si
674 315 735 341 me
769 315 891 351 amas,
927 300 980 340 sit
1013 314 1156 341 annus.
1200 299 1320 340 Adsis
1354 302 1401 339 tu
1435 297 1484 338 ad
1518 301 1693 352 tempus,
1727 301 1774 338 ut
1808 312 1868 338 se-

106 382 246 419 natum
279 375 442 417 excites.
491 374 661 416 Mirifice
696 372 891 414 sollicitus
925 388 1027 424 sum,
1064 372 1171 427 quod
1216 372 1295 413 iam
1339 371 1410 412 diu
1451 371 1590 426 ignota
1634 375 1729 412 sunt
1769 370 1869 411 mihi

106 449 183 490 ista
215 448 361 490 omnia.
406 448 553 500 Quare,
588 452 634 488 ut
668 447 718 488 ad
750 452 790 488 te
827 451 918 488 ante
953 447 1107 502 scripsi,
1144 461 1267 502 quum
1304 450 1448 496 cetera,
1493 449 1581 485 tum
1613 459 1675 485 res
1708 442 1871 500 publica

106 537 200 563 cura
232 525 279 562 ut
310 521 410 562 mihi
442 525 538 562 nota
572 521 637 562 sit.
687 520 713 563 †
747 520 869 561 Plura
903 519 1075 561 scribam
1109 519 1222 561 tarde
1255 518 1332 559 tibi
1375 518 1571 568 redituro,
1614 517 1683 558 sed
1728 515 1871 557 dabam

107 594 292 636 familiari
325 594 480 634 homini
514 608 558 634 ac
593 593 827 644 domestico,
861 593 907 633 C.
943 592 1177 633 Andronico
1212 591 1448 632 Puteolano.
1494 591 1555 630 Tu
1589 594 1722 630 autem
1757 605 1873 644 saepe

105 667 198 708 dare
230 666 450 708 tabellariis
482 666 789 722 publicanorum
823 666 974 722 poteris
1020 680 1090 721 per
1134 665 1346 719 magistros
1390 663 1611 718 scripturae
1646 667 1686 703 et
1730 666 1870 717 portus

106 744 332 781 nostrarum
366 739 623 781 dioecesium.

148 883 164 913 1
188 881 247 913 sim
268 890 393 912 annuus
418 898 459 902 —
480 882 515 910 ut
537 880 679 910 senatum
702 878 798 909 totum
822 877 940 909 excites
962 897 1002 901 —

105 1003 202 1036 verba
226 1002 377 1035 Ciceroni
400 1002 462 1043 ipsi
485 1003 599 1033 tribuit
621 1012 679 1043 pro
701 1001 803 1033 illane
827 1011 869 1033 ex
884 1002 965 1033 Am-

105 1056 208 1088 miani
230 1056 252 1086 1.
275 1065 302 1086 0.
326 1056 472 1087 scribens
496 1055 606 1095 plane.
643 1055 716 1095 Ego
745 1056 788 1086 ob
821 1055 966 1087 colorem

106 1109 271 1150 poeticum
292 1118 406 1140 versus
428 1118 497 1140 esse
520 1115 610 1149 puto.

147 1163 194 1194 Sit
226 1171 329 1194 annus
359 1172 375 1194 e
396 1162 548 1194 Mediceo
570 1172 636 1193 non
660 1167 734 1202 eget
756 1161 965 1197 correctione,

106 1217 166 1248 etsi
188 1220 339 1257 potuerat
361 1216 459 1247 scribi
481 1215 538 1245 sim
562 1225 696 1246 annuus.
721 1214 772 1246 Cf.
796 1225 845 1255 ep.
869 1214 917 1252 17,
947 1216 964 1244 5

105 1271 140 1300 ut
161 1268 261 1300 annui
283 1278 426 1300 essemus,

151 1322 188 1352 Ut
210 1324 352 1353 senatum
374 1324 468 1353 totum
493 1321 612 1352 excites
634 1331 668 1353 se
700 1330 743 1352 ex
771 1322 865 1352 codd.
898 1321 965 1352 suis

106 1377 273 1417 scripsisse
296 1376 342 1407 ait
370 1376 500 1408 Bosius.
544 1376 585 1406 In
615 1376 704 1407 Med.
737 1377 834 1405 totum
864 1375 965 1411 abest,

105 1432 189 1460 tuum
213 1439 231 1459 a
253 1434 436 1461 correctore
458 1429 603 1460 accessit.
634 1428 751 1468 Neque
775 1429 882 1464 totum,
907 1437 960 1458 ne-

105 1493 168 1525 que
198 1485 271 1521 tum,
305 1484 392 1524 quod
428 1482 615 1514 Buchelero
650 1482 772 1522 placuit
808 1482 842 1512 in
879 1481 965 1512 Mus.

106 1538 212 1569 Rhen.
235 1537 299 1568 XI.
321 1547 351 1577 p.
376 1537 445 1573 513,
470 1546 487 1565 a
502 1534 661 1566 Cicerone
674 1535 823 1566 additum
837 1544 966 1566 censeo.

105 1590 192 1622 Satis
215 1594 299 1621 erat:
323 1590 357 1619 ut
380 1590 523 1619 senatum
544 1587 671 1618 excites.

145 1646 162 1681 †
184 1643 286 1673 Plura
309 1641 440 1673 scribam
470 1641 563 1672 tarde
593 1641 649 1672 tibi
678 1640 829 1672 redituro.
866 1640 966 1679 Quod

105 1696 259 1728 nonnulli
282 1696 358 1727 libri
380 1706 456 1726 cum
478 1696 567 1727 Med.
589 1706 672 1726 corr.
695 1696 774 1726 dant
792 1695 959 1725 scribebam

105 1749 203 1780 nihili
227 1754 284 1780 est.
308 1747 375 1779 Sed
397 1758 500 1789 quum
522 1748 556 1778 in
581 1749 651 1778 cod.
675 1747 708 1778 X
732 1754 816 1779 esset
832 1747 964 1778 redditu

102 1803 153 1840 iri,
177 1808 259 1834 teste
281 1802 455 1839 Lambim,
479 1802 659 1833 verisimile
691 1808 740 1833 est
762 1812 793 1832 v.
822 1801 964 1832 redituro

1016 1000 1158 1031 coniecit
1180 1001 1207 1031 I.
1230 999 1285 1030 Fr.
1308 998 1496 1030 Gronovius
1514 999 1613 1039 plura
1635 1004 1744 1030 ortum
1767 1007 1837 1030 csse
1857 1009 1874 1030 c

1015 1054 1211 1095 compendio
1233 1054 1319 1085 male
1350 1053 1518 1084 intellecto
1549 1053 1619 1093 epla
1649 1058 1681 1085 et
1710 1053 1874 1093 corrigen-

1014 1110 1095 1140 dum
1118 1117 1204 1140 esse:
1236 1107 1407 1147 Epistolam
1435 1106 1567 1137 sciebam
1598 1107 1691 1138 tarde
1719 1106 1776 1137 tibi
1808 1106 1875 1137 red-

1013 1162 1110 1193 ditum
1134 1161 1186 1192 z'ri.

1056 1215 1119 1245 Per
1141 1215 1309 1256 mayz'stros
1331 1232 1372 1236 ——
1393 1213 1588 1245 dioecesium.
1613 1213 1762 1255 Maqistrz'
1778 1214 1811 1245 in
1828 1224 1875 1246 so-

1014 1267 1191 1299 cietatibus
1213 1267 1428 1307 vectigalium
1450 1267 1656 1304 dicebantur,
1679 1267 1735 1308 qui
1749 1268 1875 1299 Romae

1014 1323 1158 1354 rationes
1181 1321 1345 1352 societatis
1368 1321 1588 1352 conficiebant
1620 1309 1663 1352 et·
1679 1321 1714 1352 in
1746 1321 1875 1362 provin-

1013 1375 1079 1406 cias
1106 1375 1210 1406 alium
1232 1374 1408 1406 mittebant
1430 1384 1489 1414 pro
1511 1374 1679 1414 magistro,
1709 1375 1779 1405 Att.
1810 1374 1875 1406 XI.

1015 1429 1065 1466 10,
1090 1430 1117 1459 1.
1154 1428 1202 1459 Cf.
1236 1429 1448 1459 Burmannus
1482 1429 1523 1459 de
1551 1428 1671 1468 vectig.
1695 1438 1764 1469 cap.
1789 1429 1817 1466 9,
1844 1439 1873 1469 p.

1015 1482 1083 1513 163.
1110 1500 1148 1503 —-
1171 1480 1334 1521 Scriptura
1358 1486 1406 1512 est
1430 1481 1583 1521 vectigal,
1600 1482 1689 1521 quod
1705 1481 1874 1522 publicani

1014 1544 1031 1566 e
1053 1534 1182 1575 pascuis
1206 1534 1247 1564 ab
1270 1534 1318 1570 iis,
1342 1533 1399 1574 qui
1421 1534 1561 1574 pecudes
1584 1543 1657 1564 suas
1688 1534 1874 1572 mittebant,

1013 1588 1200 1629 exigebant.
1235 1606 1276 1610 —
1306 1587 1423 1618 Portus
1444 1588 1498 1618 hic
1522 1594 1553 1619 et
1576 1587 1639 1619 XI.
1663 1589 1712 1625 10,
1747 1589 1762 1618 1
1788 1589 1872 1629 sing.

1012 1652 1103 1673 num.
1139 1641 1272 1683 ponitur
1306 1652 1365 1682 pro
1388 1641 1551 1681 portoriis,
1588 1642 1628 1673 de
1658 1642 1778 1682 quibus
1807 1643 1873 1673 vid.

1015 1696 1201 1727 Burmanni
1225 1705 1275 1736 op.
1299 1696 1321 1726 l.
1343 1706 1370 1726 c.
1394 1697 1423 1726 5.
1446 1714 1486 1718 —
1509 1695 1675 1727 Dz'oeceses
1693 1702 1757 1728 tres
1772 1697 1873 1728 Asiae

1013 1749 1181 1781 Ciceronis
1204 1750 1394 1790 provinciae
1417 1750 1561 1781 adiectae
1583 1755 1684 1788 erant,
1708 1756 1743 1781 ut
1760 1751 1873 1782 scribit

1010 1804 1051 1834 ad
1074 1802 1167 1834 Fam.
1191 1802 1294 1834 XIII.
1319 1803 1368 1835 67.
1393 1802 1444 1835 Cf.
1469 1804 1609 1835 Beckeri
1624 1804 1742 1844 Antiq.
1760 1805 1869 1842 111.1,

103 1862 293 1898 corruptum
325 1865 394 1888 esse
426 1865 468 1887 ex
504 1854 662 1887 redditum-2
696 1855 748 1886 ἑνὶ.
790 1855 964 1887 Praeclare
1011 1866 1041 1897 p.
1064 1855 1136 1886 166.

698 1961 820 2003 XVI.

885 1961 950 2014 (A.
993 1962 1037 2002 U.
1076 1962 1117 2002 c.
1157 1962 1272 2015 703.)

168 2080 207 2118 1.
242 2078 331 2118 Etsi
362 2077 405 2118 in
438 2077 525 2133 ipso
558 2077 701 2118 itinere
734 2082 775 2117 et
824 2076 888 2117 via
933 2075 1195 2117 discedebant
1235 2075 1544 2131 publicanorum
1590 2076 1788 2119 tabellarii
1829 2085 1869 2121 et

103 2166 259 2193 eramus
292 2151 336 2191 in
369 2165 503 2201 cursu,
537 2154 672 2191 tamen
707 2148 1004 2204 surripiendum
1041 2148 1194 2203 aliquid
1228 2150 1368 2203 putavi
1402 2149 1534 2204 spatii,
1569 2164 1618 2190 ne
1647 2166 1709 2192 me
1732 2152 1868 2193 imme-

103 2239 252 2265 morem
285 2222 466 2264 mandati
498 2223 559 2263 tui
593 2227 768 2277 putares.
811 2221 954 2274 Itaque
988 2219 1152 2261 subsedi
1184 2221 1227 2261 in
1259 2220 1346 2275 ipsa
1380 2221 1457 2272 via,
1492 2220 1588 2262 dum
1620 2222 1732 2275 haec,
1768 2241 1868 2280 quae

102 2297 324 2352 longiorem
358 2295 587 2336 desiderant
621 2295 855 2344 orationem,
891 2293 1123 2334 summatim
1155 2292 1233 2334 tibi
1267 2293 1566 2348 perscriberem.
1615 2299 1656 2337 2.
1691 2297 1870 2340 Maxima
1915 2318 1925 2323 ·

104 2369 400 2426 exspectatione
435 2369 477 2409 in
511 2369 709 2424 perditam
743 2374 783 2410 et
816 2367 933 2423 plane
967 2382 1144 2407 eversam
1177 2367 1220 2407 in
1253 2372 1493 2422 perpetuum
1526 2370 1774 2423 provinciam
1797 2387 1870 2413 nos

104 2443 259 2484 venisse
293 2441 393 2483 scito
437 2442 565 2497 pridie
607 2442 700 2483 Kal.
746 2441 928 2491 Sextiles,
973 2444 1146 2481 moratos
1188 2440 1368 2482 triduum
1410 2441 1645 2494 Laodiceae,
1689 2444 1870 2486 triduum

104 2517 319 2571 Apameae,
364 2514 534 2556 totidem
579 2514 664 2555 dies
709 2513 908 2569 Synnade.
964 2511 1207 2553 Audivimus
1250 2512 1354 2554 nihil
1398 2514 1507 2555 aliud
1552 2515 1630 2557 nisi
1647 2524 1660 2529 “
1677 2516 1871 2572 imperata

104 2584 403 2643 ἕπικεφάλια
439 2587 588 2629 solvere
622 2602 703 2628 non
736 2601 864 2642 posse,
911 2581 1046 2635 ώνάς
1089 2584 1268 2626 omnium
1312 2586 1511 2638 venditas,
1555 2588 1764 2630 civitatum

146 2737 215 2776 §2
250 2735 315 2767 Nos
353 2735 474 2766 venisse
502 2735 581 2766 scito
604 2734 710 2775 pridie
743 2733 818 2765 Kal.
856 2733 958 2768 Se.1·t.;

103 2794 238 2823 moratos
260 2810 302 2815 ——
322 2791 477 2832 Synnade.
502 2792 603 2823 Codd.
627 2793 773 2822 moratus.
810 2789 962 2821 Correxit

103 2844 250 2876 Faernus
273 2845 308 2875 in
331 2844 447 2875 Ursini
481 2844 703 2875 adnotatione.
748 2843 862 2875 Cicero
893 2842 962 2873 dies

103 2897 372 2928 commorationis
418 2907 484 2927 11011
529 2896 784 2936 diligentissime
827 2895 964 2926 notavit.

103 2949 191 2980 Nam
212 2950 274 2980 hoc
297 2949 355 2980 lib.
380 2958 429 2990 ep.
452 2949 501 2986 20,
526 2950 541 2979 1
575 2949 688 2979 scribit
710 2958 743 2979 se
766 2949 965 2979 Laodiceam

103 3002 208 3042 pridie
243 3002 318 3032 Kal.
357 3001 450 3033 Sext.
479 3001 618 3038 venisse,
650 3001 696 3031 ibi
725 3006 889 3031 moratum
919 3000 963 3031 bi-

103 3055 214 3091 duum,
238 3054 406 3095 Apameae
437 3054 581 3094 quinque
610 3054 688 3090 dies,
719 3053 886 3094 Synnadis
910 3053 963 3084 tri-

104 3109 216 3146 duum,
244 3108 436 3140 Philomelii
472 3108 619 3150 quinque
648 3108 727 3146 dies,
762 3107 869 3138 Iconii
906 3108 962 3138 de·

104 3169 185 3194 cem.
207 3162 332 3194 Rursus
355 3161 474 3194 Catoni
497 3161 604 3202 (Fam.
628 3161 708 3193 XV.
730 3162 760 3199 4,
785 3161 818 3201 2)
852 3164 963 3194 nan-at

1805 2606 1870 2645 ge-

1012 2740 1046 2762 se
1077 2731 1213 2762 biduum
1240 2732 1425 2765 Laodiceae
1453 2733 1563 2772 fuisse,
1594 2735 1764 2776 Apameae
1793 2748 1870 2778 qua-

1011 2783 1165 2822 tridumn,
1188 2784 1334 2816 triduum
1357 2786 1533 2827 Synnadis,
1551 2788 1689 2821 totidem
1709 2790 1779 2822 dies
1796 2791 1872 2823 Phi·

1010 2840 1148 2872 lomelii.

1057 2889 1273 2937 ἐπικεφάλια,
1312 2896 1434 2927 tributa
1468 2906 1526 2937 per
1563 2897 1668 2938 capita
1704 2898 1872 2937 solvenda,

1011 2948 1189 2989 hoofdyeld.
1211 2949 1305 2980 Fam.
1328 2950 1394 2980 111.
1426 2951 1454 2987 8,
1485 2951 1501 2980 5
1532 2951 1595 2981 hoc
1623 2960 1728 2991 genus
1759 2952 1873 2984 tributi

1013 3002 1156 3042 appellat
1170 3001 1402 3033 acerbissimam
1416 3002 1610 3033 exactionem
1626 3003 1772 3043 capitum.
1795 3005 1873 3036 Pos-

1013 3061 1064 3087 tea
1094 3055 1246 3096 capz'tatio
1276 3056 1341 3086 dici
1370 3062 1484 3096 coepta
1520 3062 1578 3088 est.
1623 3056 1673 3088 Cf.
1708 3058 1873 3090 Huschkii

1012 3109 1095 3149 disp.
1118 3109 1158 3140 de
1180 3118 1282 3140 censu
1303 3109 1397 3140 Rom.
1420 3119 1450 3150 p,
1474 3110 1512 3140 21
1537 3110 1571 3141 111
1595 3111 1669 3141 adn.
1692 3112 1742 3142 40.

1053 3159 1139 3199 ὠνὰς
1162 3172 1195 3194 o:
1219 3162 1440 3203 possessiones
1462 3174 1563 3205 quum
1573 3165 1781 3205 praediorum
1797 3172 1868 3199 tum
