2117 3533
224 156 308 194 102
620 152 704 193 ΕΡ.
739 150 814 191 AD
847 150 893 189 T.
927 147 1277 189 POMPONIUM
1310 146 1578 188 ATTICUM.

223 294 261 329 te
296 302 520 329 consessore
555 289 731 340 spectare
763 284 896 325 liceat.
931 285 972 324 3.
1017 282 1153 334 Quum
1185 282 1283 323 haee
1316 282 1486 323 maxime
1520 280 1746 332 scriberem,
1781 295 1872 322 ecce
1903 281 1980 322 tibi

225 360 410 401 Sebosus.
462 357 657 399 Nondum
688 356 805 411 plane
837 355 1131 410 ingemueram:
1185 354 1376 405 ssSalve'’,
1421 354 1555 408 inquit
1597 353 1753 394 Arrius.
1798 354 1888 395 Hoc
1921 357 1982 394 est

224 434 348 474 Roma
384 431 586 472 decedere.
621 430 733 481 Quos
766 444 838 484 ego
871 428 1052 469 homines
1087 428 1222 482 effugi,
1258 443 1380 482 quum
1412 429 1456 469 in
1488 428 1561 468 hos
1593 426 1748 468 incidi?
1770 427 1857 481 Ego
1889 441 1981 467 vero

595 528 642 568 In
677 531 822 568 monles
846 526 1006 580 patrios
1038 531 1076 567 et
1108 527 1163 566 ad
1195 527 1432 567 incunabula
1468 531 1601 567 nostra

190 650 203 674 5
225 642 399 682 pergam.
450 625 647 680 Denique,
683 626 715 667 si
749 626 856 666 solus
889 640 971 666 non
1004 631 1184 680 potuerO,
1220 639 1311 665 cum
1355 624 1513 665 rusticis
1554 626 1688 680 potius
1729 640 1849 680 quam
1893 640 1984 666 eum

225 701 288 741 his
328 697 577 754 perurbanis,
621 699 678 740 ita
722 704 855 739 tamen
900 703 959 748 ut,
1003 697 1192 752 quoniam
1232 702 1279 737 tu
1320 697 1418 738 certi
1461 697 1565 738 nihil
1609 697 1763 749 scribis,
1807 699 1850 739 in
1892 699 1985 739 For-

227 775 360 815 miano
392 772 469 813 tibi
502 771 717 826 praestoler
750 786 876 825 usque
911 787 946 812 a.
981 771 1021 811 d.
1056 784 1126 811 111.
1169 771 1278 811 Non.
1325 770 1425 811 Mai.
1484 773 1522 811 4.
1555 771 1764 812 Terentiae
1803 776 1987 826 pergrata

227 854 287 889 est-
321 846 534 888 assiduitas
566 850 637 886 tua
670 850 710 885 et
743 845 954 899 diligentia
984 845 1027 885 in
1062 843 1330 885 controversia
1363 843 1587 884 Mulviana.
1642 844 1785 885 Nescit
1825 844 1987 885 omnino

226 926 264 961 te
299 933 550 961 communem
594 933 755 958 eausam
793 917 1007 966 ,defendere
1049 932 1200 966 eorum,
1245 917 1315 970 qui
1357 931 1471 970 agros
1515 915 1698 971 publicos
1738 917 1984 971 possideant.

176 1004 209 1029 10
229 993 305 1035 Sed
339 1003 473 1032 tamen
505 996 552 1030 tu
585 990 737 1044 aliquid
769 989 996 1046 publicanis
1030 989 1195 1045 pendis3
1230 989 1327 1030 haee
1361 989 1480 1031 etiam
1513 989 1556 1029 id
1596 995 1766 1031 recusat.
1810 991 1870 1031 Ea
1912 989 1989 1030 tibi

228 1066 353 1120 igitur
386 1070 426 1105 et
459 1062 700 1120 Κικέρων,
736 1059 1290 1122 ἁριστοκρατικώτατος
1324 1066 1463 1116 παῖς,
1499 1062 1666 1104 salutem
1701 1063 1856 1104 dicunt.

231 1243 345 1274 Cicero
368 1249 523 1277 muneres,
546 1238 602 1279 qui
624 1237 663 1267 de
693 1233 810 1266 Clodio
839 1230 1084 1272 spargebantur,
1106 1230 1107 1236 ¹

231 1297 378 1337 cogitans
401 1295 445 1325 ita
467 1294 616 1329 scribere,
640 1296 840 1331 quamquam
860 1284 922 1326 ipsi
955 1294 1022 1314 non
1051 1282 1085 1312 in

231 1356 375 1381 mentem
405 1348 556 1379 veniebat
578 1355 648 1377 rem
670 1342 836 1385 publicam
858 1349 875 1369 a
904 1338 962 1369 tali
983 1336 1086 1367 homi-

232 1413 272 1434 ne
295 1407 439 1434 erectum
461 1401 511 1431 iri.

273 1457 291 1496 ξ
315 1457 343 1486 3.
366 1454 444 1484 Ecce
465 1452 522 1483 tibi
545 1452 572 1481 S.
598 1452 638 1481 In
662 1448 847 1480 narratione
868 1445 915 1475 rei
937 1442 1089 1483 improvi-

233 1518 286 1539 sae
309 1508 423 1539 Cicero
445 1515 540 1546 saepe
569 1503 623 1533 tibi
653 1501 775 1533 addidit
803 1497 981 1540 particulae
1009 1505 1088 1525 eece.

235 1564 284 1595 t‘f.
314 1564 348 1594 in
378 1563 428 1593 his
456 1562 561 1602 epistt.
590 1560 636 1590 II.
665 1560 692 1595 8,
724 1558 750 1587 1.
782 1555 879 1587 XVI.
903 1554 941 1583 13
965 1562 992 1588 a,
1016 1552 1035 1581 2
1058 1557 1089 1581 et

234 1618 331 1653 locos,
353 1626 434 1656 quos
453 1613 587 1653 collegit
608 1611 718 1641 Hand.
743 1610 777 1639 in
796 1608 890 1638 Turs.
909 1606 955 1636 II.
976 1616 1007 1645 p.
1020 1605 1090 1634 350.

277 1669 315 1699 In
327 1670 444 1698 montes
458 1666 593 1707 patrios,
616 1668 676 1695 eet.
698 1662 902 1693 Hexameter
924 1668 966 1689 ex
981 1657 1091 1697 aliquo

235 1722 379 1753 carmine
401 1720 502 1760 ipsius
525 1716 701 1752 Ciceronis,
718 1721 752 1745 ut
767 1714 905 1743 videtur.
926 1709 1092 1741 Heusdius

237 1776 270 1805 in
294 1774 374 1814 disp.
399 1773 487 1803 laud.
512 1782 541 1812 p.
566 1771 605 1801 52
628 1768 725 1799 refert
755 1767 795 1797 ad
824 1766 937 1796 fictum
960 1771 1092 1793 carmen

237 1828 276 1857 de
298 1827 379 1856 villa
401 1824 565 1865 Arpinati,
583 1823 623 1854 de
637 1832 702 1862 quo
717 1820 864 1851 diximus
879 1818 919 1848 ad
934 1818 962 1848 Ι.
978 1816 1027 1853 16,
1045 1817 1093 1850 18,

1863 1226 1992 1257 Occulta

1132 1280 1282 1322 tacitique
1304 1290 1495 1311 Anvex‘rmt
1516 1290 1624 1312 TRIUM
1656 1280 1825 1312 cohortium
1849 1281 1992 1321 praesto-

1133 1335 1197 1364 lari
1219 1334 1386 1374 occipiunt.

1131 1228 1299 1259 cohortium
1330 1228 1481 1259 ferendus
1511 1238 1578 1258 non
1610 1234 1666 1258 est.
1699 1227 1829 1259 Scribe:

1177 1389 1209 1419 Si
1231 1389 1315 1420 solus
1337 1399 1395 1420 non
1414 1392 1554 1429 potuero,
1579 1399 1644 1419 eum
1667 1388 1794 1419 rusticis
1807 1388 1915 1429 potins
1931 1394 1992 1419 cet.

1135 1444 1260 1474 Duram
1289 1443 1381 1473 verbi
1410 1442 1621 1473 omissionem
1656 1442 1839 1472 tollendam
1876 1450 1994 1472 censeo

1135 1496 1358 1537 geminatione
1379 1495 1478 1525 trium
1500 1495 1683 1526 literarum:
1707 1494 1739 1523 Si
1761 1495 1846 1524 solus
1862 1505 1922 1524 mm
1939 1503 1994 1534 po-

1135 1552 1232 1586 tuero,
1257 1557 1324 1578 ERO
1347 1558 1411 1577 cum
1436 1547 1564 1577 rusticis
1578 1547 1685 1586 polius
1706 1552 1767 1577 cet.

1179 1603 1196 1642 ξ
1220 1604 1249 1632 4.
1279 1602 1319 1631 Im
1349 1601 1560 1631 controversia
1592 1599 1769 1630 Mulvium.
1804 1600 1995 1631 Possidebat

1114 1675 1115 1681 1
1138 1655 1294 1686 Terentia
1316 1654 1386 1693 agri
1415 1653 1537 1693 publici
1566 1658 1701 1693 partem,
1731 1662 1790 1692 pro
1819 1662 1883 1692 qua
1912 1652 1996 1682 nihil

1116 1708 1309 1752 pendebat,
1332 1716 1389 1736 usa
1419 1706 1577 1736 beneficio
1605 1705 1689 1745 legis
1718 1705 1869 1736 Thoriae.
1911 1704 1996 1735 Mul-

1116 1761 1117 1766 ’
1140 1761 1221 1797 vius,
1245 1767 1378 1791 exactor
1405 1759 1664 1799 publicanorum,
1696 1758 1895 1789 contendens
1926 1767 1997 1788 eam

1118 1815 1251 1859 ¹legem
1280 1823 1348 1844 esse
1379 1813 1577 1852 abrogatam,
1615 1811 1757 1851 vectigal
1789 1821 1827 1842 eo
1863 1811 1998 1842 nomine

237 1879 430 1911 Tunstallus
453 1888 482 1918 p.
506 1878 565 1908 109
589 1886 605 1907 e
622 1875 730 1907 Mario
751 1883 820 1905 esse
835 1871 983 1908 coniecit,
1007 1870 1096 1911 quod
1118 1861 1119 1909 1
1141 1868 1305 1908 exigebat.
1333 1867 1503 1898 Adversus
1533 1875 1632 1906 quem
1660 1865 1834 1896 Terentiae
1867 1874 1999 1895 causam

236 1943 313 1964 sane
339 1931 509 1973 probabile
533 1937 590 1961 est.

282 1986 347 2016 Tibi
362 1984 551 2026 praestoler.
587 1983 745 2014 Dativum
766 1980 843 2010 huic
866 1979 965 2010 verbo
988 1977 1097 2017 iungit
1118 2014 1119 2031 ἰ

238 2041 367 2076 Cicero,
392 2039 432 2069 cf.
455 2039 520 2069 III.
545 2038 592 2074 20,
617 2038 644 2067 1.
669 2035 764 2067 Catil.
788 2035 815 2065 I.
845 2035 893 2063 14.
931 2032 1015 2063 Cum
1045 2040 1094 2061 ae-

238 2094 382 2124 cusativo
405 2096 598 2122 construunt
622 2089 757 2120 Plautus
781 2086 907 2127 saepius
930 2092 962 2116 et
974 2085 1094 2114 Teren-

238 2147 312 2177 tius.
335 2147 376 2176 ln
400 2145 586 2185 fragmento
599 2142 759 2173 Sisennae
774 2140 848 2170 hist.
866 2139 920 2168 lib.
937 2137 992 2168 ΙΠ
1009 2137 1095 2176 apud

239 2199 387 2230 Nonium
416 2209 445 2239 p.
482 2198 551 2234 161,
588 2197 625 2227 31
663 2195 828 2235 genitivus
863 2189 1095 2222 advenientium

814 2310 934 2351 XVI.

1118 1937 1119 1981 ἢ
1142 1923 1287 1954 defendit
1308 1922 1449 1958 Atticus,
1478 1922 1529 1951 eui
1559 1921 1749 1951 immunitas
1779 1920 1849 1960 agri
1876 1920 1999 1961 publici

1143 1982 1173 2007 et
1196 1976 1257 2016 ipsi
1278 1975 1437 2015 proderat.
1462 1973 1511 2005 Cf.
1534 1975 1573 2004 de
1591 1973 1660 2013 agri
1673 1972 1796 2013 publici
1812 1972 1999 2003 conditione

1142 2036 1213 2071 post
1228 2030 1335 2069 legem
1344 2028 1509 2059 Liciniam
1517 2027 1652 2063 Walter,
1663 2027 1696 2057 in
1712 2027 1799 2057 Hist.
1809 2026 1888 2056 iuris
1904 2027 1999 2057 Rom.

1141 2095 1170 2124 p.
1194 2083 1347 2118 239-41,
1371 2087 1401 2112 et
1424 2091 1466 2112 ex
1489 2080 1674 2111 auctoribus
1696 2079 1742 2109 ibi
1764 2079 1870 2110 citatis
1892 2079 2000 2119 impri-

1141 2136 1202 2166 mis
1225 2135 1422 2166 Plutarchus
1444 2134 1478 2164 in
1505 2133 1540 2165 C.
1563 2132 1698 2164 Gracch.
1730 2132 1757 2162 9.
1789 2132 1932 2172 Appian.
1961 2133 2002 2164 B.

1118 2199 1120 2222 1
1143 2189 1180 2220 C.
1204 2189 1231 2219 I.
1256 2188 1304 2220 27.

1002 2310 1066 2361 (A.
1109 2308 1153 2348 U.
1192 2307 1233 2346 C.
1269 2307 1388 2358 695).

308 2436 347 2473 1.
383 2433 560 2472 Coenato
594 2428 693 2468 mihi
728 2432 767 2467 et
798 2426 878 2466 iam
913 2422 1146 2464 dormitanti
1179 2420 1283 2476 prid.
1320 2419 1411 2460 Kal.
1437 2418 1536 2458 Mai.
1560 2416 1725 2472 epistola
1749 2420 1809 2456 est
1830 2415 1899 2456 illa
1916 2415 2002 2455 red-

245 2506 341 2554 dita,
377 2505 418 2544 in
454 2518 531 2556 qua
565 2501 612 2541 de
647 2515 741 2554 agro
775 2499 977 2552 Campano
1011 2494 1167 2536 scribis.
1218 2492 1326 2544 Quid
1362 2490 1546 2544 quaeris?
1581 2489 1715 2529 Primo
1748 2489 1804 2528 ita
1837 2503 1898 2529 me
1932 2503 2003 2542 pu-

246 2578 377 2633 pugit,
412 2583 458 2616 ut
492 2589 675 2615 somnum
708 2572 807 2613 mihi
842 2570 1047 2618 ademerit,
1082 2568 1149 2609 scd
1183 2567 1223 2608 id
1249 2564 1489 2620 cogitatione
1517 2563 1642 2617 magis
1666 2577 1783 2616 quam
1808 2561 2002 2602 molestia.

246 2649 451 2704 Cogitanti
486 2652 618 2688 autem
652 2647 750 2687 haec
784 2645 863 2686 fere
898 2641 1202 2684 succurrebant:
1238 2639 1410 2694 primum
1445 2652 1490 2677 ex
1515 2652 1578 2687 eo,
1602 2634 1707 2689 quod
1732 2633 2003 2690 superioribus

286 2826 303 2853 3
327 2823 462 2853 Primum
485 2840 526 2845 —

288 2982 305 3020 ξ
330 2981 358 3010 1.
391 2979 493 3010 Primo
517 2979 560 3008 ita
585 2988 630 3007 me
647 2988 679 3017 p.
718 2977 772 3008 Si(-
803 2982 887 3008 recte
920 2976 990 3006 cod.
1012 2974 1101 3005 Med.
1149 2971 1295 3010 sequitur
1315 2970 1445 3009 primam
1470 2986 1510 2990 -ψ
1531 2966 1644 2998 deinde
1673 2984 1713 2988 —-
1734 2967 1916 3005 praeterea.
1948 2964 1997 2994 Cf.

249 3035 351 3074 prima
375 3043 509 3069 manus3
534 3032 590 3062 alii
602 3031 744 3072 primvm.
768 3031 858 3060 Illud
875 3038 1001 3069 semper
1018 3027 1103 3068 apud
1150 3024 1365 3062 Wesenberg.
1390 3023 1430 3052 ad
1453 3020 1592 3052 Sestiau.
1616 3029 1646 3059 p.
1669 3019 1718 3049 24.
1741 3016 1879 3057 Reisigii
1895 3016 2005 3047 Schol.

1152 3076 1169 3116 ξ
1194 3076 1252 3106 118
1275 3075 1386 3116 ibique
1409 3074 1482 3104 adn.
1505 3072 1631 3103 Haasii.

1196 3127 1232 3157 Ul
1257 3138 1302 3157 sne
1324 3128 1439 3168 eyomet
1463 3124 1610 3155 consoler.
1647 3122 1772 3154 Nititur
1799 3122 1879 3153 haee
1909 3121 2005 3163 scrip·

248 3087 441 3118 Ciceronem
459 3088 498 3117 de
515 3094 659 3126 tempore
674 3085 816 3125 ponitur,
831 3083 981 3124 valetque
994 3080 1084 3111 initio
1092 3094 1101 3116 ,-

248 3140 311 3172 hm:
340 3140 371 3171 iu
405 3138 627 3170 enumerando
655 3138 763 3168 locum
792 3136 900 3172 habet,
929 3139 965 3165 ut
996 3133 1104 3164 statim
