2117 3533
209 652 222 675 ὅ

193 1082 227 1107 10

193 1449 226 1474 15

246 149 327 187 1122
647 145 728 185 ΕΡ.
764 143 839 183 AD
872 143 918 182 T.
953 140 1301 182 POMPONIPM
1336 140 1598 180 ATTICUM.

242 281 374 322 minus
407 296 486 335 qua
519 279 701 320 advocati
736 277 862 318 sibilis
896 276 1110 326 conscissi3
1145 275 1251 316 ludis
1287 274 1587 330 Apollinaribus
1622 273 1810 329 Diphilus
1843 278 1995 327 tragoe-

243 354 318 395 dus
351 355 391 394 in
425 357 607 394 nostrum
641 351 876 406 Pompeium
909 350 1135 405 petulanter
1168 349 1350 389 invectus
1383 354 1463 398 est;

370 437 514 477 Nostra
549 436 704 477 miseria
739 440 782 476 ltu
816 450 854 476 es
886 449 1047 486 maynus
1082 458 1138 462 —
1176 458 1231 462 -—

244 534 372 574 milies
407 536 567 573 coactus
601 536 660 572 est
694 530 839 571 dicere.

369 630 540 670 Eandem
573 628 755 670 virtutem
790 627 904 667 istam
938 625 1063 666 veniet
1097 629 1244 677 tempus
1277 641 1361 666 cum
1389 626 1566 678 qravz'ter
1593 640 1742 677 qemes:

242 726 367 767 totius
399 725 547 766 theatri
581 725 748 765 clamore
783 723 886 763 dixit
918 723 1094 775 itemque
1129 724 1272 760 cetera.
1314 721 1421 761 Nam
1444 726 1484 760 et
1506 720 1703 761 eiusmodi
1726 724 1821 761 sunt
1852 719 1881 760 ii
1920 734 2002 760 ver-

245 815 326 849 sus,
361 804 407 839 ut
438 799 480 838 in
514 802 672 852 tempus
706 795 755 836 ab
788 795 952 836 inimico
985 792 1167 847 Pompeii
1201 792 1338 847 scripti
1372 807 1455 833 esse
1491 792 1714 832 videantur.

370 894 411 934 Sa·
446 909 564 948 neque
598 894 695 944 leqes
729 897 765 932 te
798 906 918 945 neque
949 905 1069 931 mores
1102 896 1240 943 eoyunfi
1274 915 1331 921 ——
1367 916 1424 921 —

248 998 287 1032 et
322 995 452 1030 cetera
484 1003 628 1042 magno
663 1001 754 1027 cum
788 985 950 1025 fremitu
983 990 1023 1024 et
1056 984 1224 1025 clamore
1259 990 1354 1026 sunt
1388 985 1509 1026 dicta.
1543 985 1687 1026 Caesar
1721 999 1845 1039 quum
1879 983 2006 1024 venis-

247 1069 306 1104 set
339 1067 495 1102 mortuo
529 1061 686 1117 plausu,
721 1059 842 1099 Curio
876 1058 982 1098 filius
1016 1062 1076 1098 est
1107 1058 1329 1099 insecutus.
1383 1058 1491 1098 Huic
1523 1058 1580 1098 ita
1612 1057 1798 1112 plausum
1842 1060 1916 1106 est,
1961 1060 2008 1095 ut

247 1137 352 1179 salva
385 1151 426 1176 re
460 1134 621 1191 publica
655 1132 846 1188 Pompeio
878 1131 1017 1186 plaudi
1050 1130 1216 1171 solebat.
1271 1131 1381 1171 Tulit
1424 1130 1568 1172 Caesar
1607 1130 1793 1184 graviter.
1849 1129 2007 1170 Literae

247 1212 426 1266 Capuam
467 1208 516 1249 ad
561 1207 795 1262 Pompeium
837 1205 967 1246 volare
1012 1204 1263 1245 dicebantur.
1313 1204 1475 1245 Inimici
1520 1208 1633 1245 erant
1676 1201 1893 1258 equitibUS,
1940 1201 2008 1255 qui

248 1283 415 1326 Curioni
449 1286 600 1323 stantes
633 1280 876 1335 plauserant,
910 1277 1044 1318 hostes
1089 1277 1289 1318 omnibus.
1344 1278 1511 1318 Rosciae
1544 1277 1638 1332 legi,
1682 1276 1803 1317 etiam
1836 1275 2009 1315 frumen-

247 1358 385 1407 tariae,
420 1353 726 1396 minitabantur.
777 1353 879 1393 Sane
912 1366 974 1391 res
1008 1355 1092 1391 erat
1124 1349 1370 1405 perturbata.
1404 1350 1605 1404 Equidem
1637 1349 1868 1398 malueram,
1903 1345 2010 1401 quod

248 1436 332 1472 erat
365 1434 595 1483 susceptum
629 1425 678 1466 ab
712 1424 805 1475 illis,
841 1423 1001 1464 silentio
1033 1423 1216 1473 transiri,
1253 1423 1321 1463 sed
1354 1438 1503 1473 vereor,
1538 1437 1588 1462 ne
1622 1437 1703 1462 non
1736 1421 1869 1461 liceat.
1914 1420 2009 1459 Non

250 1505 383 1545 ferunt
416 1501 611 1550 homines,
647 1498 753 1553 quod
788 1497 946 1538 videtur
979 1512 1063 1537 esse
1096 1502 1230 1536 tamen
1265 1496 1487 1536 ferendum.
1523 1495 1600 1536 Sed
1635 1500 1695 1535 est
1727 1494 1807 1535 iam
1829 1508 1911 1533 una
1934 1507 2009 1532 vox

251 1577 443 1626 omnium,
478 1574 604 1628 magis
639 1571 730 1612 odio
771 1571 925 1610 firmata
970 1584 1088 1623 quam
1130 1568 1342 1623 praesidio.
1400 1571 1440 1608 4«.
1474 1569 1622 1609 Noster
1666 1572 1799 1608 autem
1840 1565 2012 1607 Publius

250 1651 348 1691 mihi
382 1648 605 1697 minitatur,
640 1644 827 1686 inimicus
860 1648 920 1684 est
930 1661 939 1693 3
974 1641 1180 1697 impendet
1212 1642 1432 1696 negotium,
1469 1641 1517 1681 ad
1553 1640 1659 1693 quod
1692 1645 1739 1681 tu
1763 1639 1916 1681 scilicet
1943 1637 2010 1678 ad-

294 1812 312 1841 3
336 1810 471 1852 illa-quus
494 1828 535 1832 --
557 1809 575 1839 6
599 1808 677 1839 Nam
703 1809 767 1850 [et]
791 1807 941 1839 eiusmodi
964 1825 1005 1829 —
1027 1807 1045 1836 S
1067 1806 1151 1846 [eyes
1175 1814 1272 1845 neque
1295 1823 1334 1827 ——

296 1956 457 1996 Diphilus.
490 1955 573 1986 Rem
596 1959 706 1984 narrat
729 1954 804 1984 Val.
826 1953 918 1984 Max.
943 1952 1005 1983 VI.
1029 1952 1056 1988 2,
1080 1952 1108 1988 9,
1134 1958 1136 1986 1'
1158 1950 1201 1980 V.
1223 1951 1272 1981 29.
1313 1950 1558 1990 Quotiescunque
1580 1948 1696 1980 dieitur
1718 1948 1799 1978 male
1821 1947 1888 1988 quis
1917 1946 1955 1977 de
1983 1955 2015 1977 se

255 2012 288 2042 in
312 2021 350 2042 eo
374 2016 483 2040 tamen
506 2018 626 2045 errans,
651 2008 739 2048 qnod
761 2008 841 2038 11300
864 2007 897 2037 111
915 2005 1110 2045 Pompeium
1134 1992 1136 2046 l,
1158 2004 1269 2034 mereri
1290 2003 1407 2044 sibique
1429 2003 1571 2033 inimicus
1592 2011 1659 2032 esse
1680 2003 1773 2042 atque
1796 2000 1903 2037 hostis,
1920 1999 2015 2030 vitam

255 2068 459 2104 praesentem
487 2061 573 2092 dicta
606 2060 711 2097 refert,
742 2060 798 2100 qui
828 2064 863 2089 ut
900 2069 916 2089 e
953 2057 1111 2089 Cicerone
1134 2048 1136 2082 l
1158 2056 1289 2097 denique
1302 2056 1428 2096 fieqere,
1452 2061 1482 2087 et
1505 2056 1539 2086 111
1563 2055 1658 2085 Verr.
1680 2054 1754 2085 Lib.
1776 2054 1822 2084 Η.
1846 2054 1885 2083 58
1914 2051 2015 2082 inimi-

256 2122 381 2149 constat
404 2122 474 2146 tum
498 2115 628 2155 Capuae
652 2120 729 2146 erat.
772 2115 861 2144 Nota
890 2119 938 2144 est
967 2113 1110 2147 libertas,

256 2182 353 2212 quam
383 2170 559 2201 histriones
591 2169 763 2199 sumebant
795 2168 829 2198 in
858 2166 1032 2206 tangendis
1062 2165 1111 2200 iis,

257 2224 528 2265 quaeidentidem
539 2223 572 2253 in
586 2222 760 2262 republica
773 2222 905 2252 fiebant.
924 2219 973 2251 Cf.
984 2230 1014 2260 p.
1029 2218 1111 2250 Sest.

256 2289 325 2319 cap.
349 2279 481 2307 ’ὃὸ-58.
504 2278 575 2307 Att.
596 2275 694 2306 XIV.
716 2276 743 2312 52,
761 2274 888 2305 1.Dia1.
904 2275 944 2304 de
964 2278 1044 2303 orat.
1063 2272 1112 2301 40.
1138 2303 1140 2327 l

299 2332 436 2362 Eandem
459 2342 477 2361 a
507 2331 582 2361 val.
613 2331 704 2361 Max.
735 2330 756 2360 1.
785 2340 812 2359 0.
842 2329 1000 2359 omissum
1028 2331 1114 2357 recte

258 2385 364 2416 verbis
393 2390 506 2424 poetae
536 2383 672 2419 additur,
708 2387 743 2412 ut
773 2381 814 2412 sit
843 2386 1030 2412 tetrameter
1053 2385 1113 2409 tro·
1139 2404 1141 2432 ἡ

258 2440 397 2469 ehaicus.
422 2437 471 2468 Cf.
495 2437 633 2476 Malasp.
657 2437 697 2466 ad
720 2436 751 2465 h.
776 2435 797 2465 1.

300 2492 379 2521 Nam
409 2493 438 2521 et
467 2489 616 2520 eiusmodi
646 2491 719 2519 suat
749 2507 788 2511 —
817 2487 994 2519 videantur.
1037 2486 1115 2517 Non

260 2546 401 2577 multum
430 2544 529 2581 abest,
559 2543 639 2583 quin
676 2543 756 2573 haec
796 2542 908 2572 onmia
944 2540 1118 2581 glossatori

261 2599 413 2630 tribuam.
457 2597 550 2627 Nihil
588 2602 673 2627 verte
712 2596 891 2631 continent,
930 2595 1017 2634 quod
1052 2603 1118 2624 non

262 2651 390 2682 omissis
420 2651 460 2680 iis
490 2660 508 2679 a
538 2650 653 2689 quovis
687 2648 782 2679 facile
819 2648 1034 2687 intelligatur.
1078 2646 1118 2676 In

262 2714 358 2735 versu
381 2702 531 2743 sequenti
560 2704 591 2732 le
620 2701 743 2732 inserui
771 2701 809 2731 de
844 2698 1019 2731 Ribbeckii
1049 2707 1119 2728 sen-

263 2758 374 2788 tentia.
398 2756 475 2786 Vid.
498 2755 630 2795 Fragm.
654 2759 735 2794 trag.
758 2754 853 2785 Rom.
876 2763 906 2793 p.
930 2753 1000 2783 215.

306 2809 430 2840 Mortuo
445 2808 564 2848 plausu
587 2817 618 2837 o:
644 2807 817 2843 exstincto,
841 2814 948 2845 neque
972 2803 1120 2835 Caesaris

268 2863 403 2894 honoris
426 2872 523 2893 causa
545 2867 712 2892 101101310-

305 2920 441 2949 Stante&
465 2917 622 2957 Augebat
643 2917 705 2947 1100
729 2915 979 2946 benevolentiae
994 2912 1119 2952 signiti-

267 2972 442 3003 nationem.
466 2970 544 3000 vid.
569 2970 705 3001 Beierus
728 2970 769 2999 ad
790 2968 882 3000 Lael.
905 2968 955 2998 24.

308 3026 435 3057 Hostes,
466 3026 517 3056 Ita
539 3026 703 3063 dicuntur,
728 3025 785 3065 qui
808 3025 901 3055 sactis
925 3025 958 3054 in
981 3024 1122 3063 aliquem

268 3089 333 3109 non
358 3078 533 3114 abstinent,
565 3078 673 3118 qualia
704 3078 737 3108 in
768 3077 856 3108 bello
885 3075 1049 3107 committi
1077 3084 1124 3104 so-

268 3132 347 3161 lent.
385 3130 507 3161 Eadem
533 3131 716 3170 progressio
739 3130 883 3161 cernitur
905 3129 938 3158 in
968 3128 1020 3158 his
1050 3126 1123 3156 Fin.

1159 2119 1221 2148 cus,
1244 2111 1343 2142 hostis
1364 2113 1455 2141 esset.

1202 2164 1334 2194 Rosciae
1355 2163 1419 2204 leyc'
1443 2173 1552 2204 aquae
1575 2163 1662 2194 XIV
1686 2163 1718 2193 in
1737 2163 1864 2194 theatro
1884 2161 2015 2191 ordines

1137 2228 1139 2240 1
1161 2218 1326 2258 equitibus
1349 2218 1481 2248 ‹labat.”'
1505 2217 1624 2247 Matth.

1203 2271 1454 2301 Frmnenlariae.
1486 2270 1617 2301 Cassiae
1640 2269 1816 2300 Terentiae
1839 2279 1866 2299 a.
1891 2268 1951 2298 680
1974 2268 2016 2298 la-

1138 2331 1139 2339 *
1161 2332 1222 2362 tae,
1246 2325 1337 2355 cuius
1360 2324 1485 2355 mentio
1507 2325 1544 2354 tit
1566 2324 1599 2354 in
1618 2323 1779 2354 Verrinis.
1801 2323 1875 2354 Lex
1892 2322 2016 2358 Clodia,

1160 2390 1224 2420 qua
1246 2380 1368 2420 populo
1391 2379 1541 2410 semisses
1564 2384 1596 2409 et
1617 2379 1753 2409 trientes
1775 2377 1903 2409 remissi
1932 2382 2018 2413 sunt,

1160 2433 1222 2463 1100
1245 2438 1389 2472 tempore
1413 2432 1559 2462 nondum
1582 2431 1648 2462 lata
1671 2436 1748 2461 erat.

1207 2485 1296 2526 Quod
1317 2487 1384 2515 erat
1406 2486 1578 2524 susceptum
1601 2484 1637 2514 ab
1651 2483 1719 2514 illis
1739 2493 1771 2514 o:
1789 2483 1924 2513 illorum
1945 2492 2019 2514 con-

1163 2541 1236 2571 silia
1258 2546 1290 2572 et
1313 2540 1468 2571 actiones.

1207 2593 1310 2635 Maqis
1331 2593 1402 2623 odio
1414 2594 1549 2634 firmata
1572 2603 1660 2633 quam
1672 2591 1846 2633 praesidio.
1871 2590 2020 2631 Napoleo

1163 2648 1196 2677 in
1220 2647 1296 2677 hist.
1320 2646 1412 2677 Caes.
1436 2646 1462 2676 1.
1486 2656 1516 2685 p.
1539 2645 1600 2675 5264
1621 2645 1701 2676 11300
1724 2644 1824 2675 verba
1849 2644 1889 2674 ad
1920 2643 2018 2673 aliam

1140 2723 1141 2732 ,
1163 2710 1231 2731 rem
1255 2698 1417 2735 transfert,
1441 2698 1497 2729 sed
1521 2707 1586 2728 non
1603 2703 1752 2728 accurate
1769 2697 2018 2736 interpretatur:

1164 2753 1201 2785 οῐι
1218 2752 1343 2793 perfait
1359 2752 1434 2792 plus
1457 2751 1495 2781 cle
1518 2751 1612 2781 haine
1639 2761 1697 2792 que
1725 2751 1764 2780 de
1794 2748 1902 2779 ve'rz'te'.
1940 2747 2019 2779 Sen-

1166 2806 1303 2838 tentiam
1326 2805 1443 2835 melius
1466 2808 1632 2834 assecutus
1655 2808 1703 2833 est
1726 2803 1753 2832 I.
1769 2802 1807 2832 F.
1822 2801 2019 2837 Gronovius,

1166 2861 1223 2901 qui
1246 2859 1430 2899 adscripsit:
1457 2859 1569 2889 uidem
1592 2858 1772 2898 loquuntur
1787 2865 1901 2887 omnes
1914 2854 2020 2894 magis

1143 2937 1144 2945 ,
1166 2914 1241 2944 odio
1254 2912 1381 2943 incitati
1395 2911 1444 2951 (in
1454 2911 1650 2951 Pompeium
1665 2916 1697 2941 et
1712 2908 1910 2949 Caesarem),
1921 2916 2019 2947 quam

1167 2966 1292 2996 viribus
1315 2964 1423 2994 freti.“'

1211 3020 1228 3057 ξ)
1251 3020 1280 3048 4.
1306 3017 1488 3053 Minimlur,
1510 3015 1654 3046 inimicus
1677 3017 1734 3045 est.
1770 3013 1844 3043 Hoc
1866 3023 1933 3042 non
1965 3012 2022 3043 im-

1147 3071 1285 3110 ἰ11101110
1320 3069 1460 3100 Graevio
1493 3074 1523 3099 et
1556 3068 1695 3099 Ernesto
1728 3071 1916 3106 suspectum
1951 3064 2022 3096 fuit.

1147 3117 1149 3127 l
1169 3125 1257 3165 Quid
1280 3126 1367 3157 0111111
1393 3124 1551 3155 attinebat
1574 3123 1687 3154 Attico
1710 3122 1849 3153 scribere
1867 3120 2022 3153 Clodium
