2117 3533
249 140 305 179 30
648 142 732 184 ΕΡ.
767 143 843 183 AD
875 144 920 183 T.
955 138 1305 184 POMPONIUM
1338 142 1601 184 ATTICUM.

246 276 491 330 antiquetur.
526 276 699 317 Messala
732 275 987 317 vehementer
1020 276 1152 317 adhuc
1184 277 1268 331 agit
1301 291 1447 318 severe.
1482 277 1587 318 Boni
1610 277 1686 318 viri
1705 277 1890 334 precibus
1917 279 2005 320 Clo-

246 347 303 388 dii
335 353 587 389 removentur
621 364 643 389 a
676 363 808 400 causa,
844 364 985 404 operae
1019 356 1312 404 comparantur,
1348 354 1504 390 nosmet
1535 349 1626 404 ipsi,
1662 351 1731 404 qui
1762 351 1960 406 Lycurgei
1984 367 2007 392 a

1895 425 2005 476 Quid

244 492 396 533 multa?
453 493 602 534 Vereor
635 509 683 534 ne
718 494 815 535 haec
849 494 1030 548 neglecta
1064 511 1085 536 a
1118 494 1234 536 bonis
1267 493 1445 536 defensa’
1463 494 1512 536 ab
1546 495 1738 550 improbis
1770 512 2006 552 magnorum

244 421 440 475 principio
481 420 707 472 fuissemus,
750 421 929 476 quotidie
973 421 1268 476 demitigamur.
1309 424 1441 464 Instat
1482 427 1521 463 et
1561 428 1678 477 urget
1719 424 1833 464 Cato.

217 566 301 605 5rei
334 565 517 620 publicae
552 567 747 608 malorum
781 583 899 608 causa
929 569 993 609 sit.
1041 571 1081 608 4„
1114 569 1224 609 Tuus
1257 574 1390 609 autem
1424 569 1490 609 ille
1524 568 1675 609 amicus
1697 594 1754 598 ——
1780 571 1865 611 scin
1889 586 2006 624 quem

246 637 402 678 dicam?
437 663 493 668 —
529 639 577 680 de
614 655 691 694 quo
724 646 769 681 tu
804 640 853 681 ad
886 655 947 681 me
982 640 1188 694 scripsisti,
1224 646 1360 695 postea
1395 656 1513 695 quam
1547 656 1627 681 non
1669 640 1834 682 auderet
1877 656 2006 696 repre-

245 709 431 761 hendere,
468 711 630 753 laudare
665 713 854 768 coepisse,
889 728 961 753 nos
994 718 1040 753 ut
1073 712 1249 754 ostendit
1293 713 1509 754 admodum
1551 712 1696 767 diligit,
1739 713 2006 768 amplectitur,

245 788 364 833 amat,
400 789 532 839 aperte
567 785 719 836 laudat,
756 787 925 837 occulte,
971 787 1039 828 sed
1080 787 1137 827 ita
1177 792 1223 827 ut
1265 787 1520 842 perspicuum
1565 787 1630 836 sit,
1672 786 1840 827 invidet.
1890 785 2007 826 Nihil

245 872 369 906 come,
404 857 506 898 nihil
539 859 719 913 simplex,
754 859 856 900 nihil
891 857 945 902 ἐν
980 864 1084 910 τοῖς
1117 856 1394 910 πολιτικοῖς
1426 859 1653 909 honestiun,
1696 859 1798 900 nihil
1837 859 2005 910 illustre,

197 930 347 971 101111111
380 931 494 981 forte,
530 931 631 971 nihil
664 931 850 972 liberum.
897 933 974 974 Sed
1007 934 1105 974 haec
1139 933 1187 973 ad
1221 938 1261 974 te
1306 932 1475 974 scribam
1519 933 1615 974 alias
1660 932 1870 984 subtilius3
1914 948 2007 974 nam

245 1019 373 1057 neque
408 1004 539 1044 adhuc
573 1004 671 1045 mihi
705 1006 800 1046 satis
834 1011 928 1046 nota
962 1011 1056 1047 sunt
1089 1011 1129 1047 et
1161 1005 1254 1046 huic
1287 1011 1413 1046 terrae
1448 1005 1528 1046 filio
1562 1006 1695 1047 nescio
1730 1006 1795 1046 cui
1828 1006 2007 1046 commit-

245 1081 326 1116 tere
362 1077 569 1131 epistolam
601 1078 725 1118 tantis
759 1078 806 1119 de
831 1079 950 1120 rebus
973 1095 1054 1121 non
1088 1080 1229 1121 audeo.
1277 1081 1316 1119 5.
1351 1079 1582 1120 Provincias
1604 1085 1803 1134 praetores
1827 1079 2008 1120 nondum

247 1149 378 1189 sortiti
409 1155 517 1189 sunt.
552 1151 630 1191 Res
664 1151 801 1192 eodem
837 1158 896 1193 est
928 1153 1019 1203 loci,
1055 1168 1133 1207 quo
1166 1152 1378 1206 reliquisti.
1418 1151 1748 1203 Tmou-soleas,
1784 1167 1903 1206 quam
1920 1167 2008 1207 pos-

247 1221 365 1271 tulas,
402 1222 548 1264 Miseni
582 1228 622 1264 et
655 1224 914 1266 Puteolorum
947 1226 1151 1267 includam
1186 1225 1356 1266 orationi
1388 1239 1512 1266 meae.
1547 1226 1598 1265 A.
1633 1224 1672 1265 (1.
1697 1225 1766 1266 HI
1799 1225 1908 1266 Non.
1930 1225 2007 1266 De-

291 1435 306 1463 5
331 1444 426 1464 can-ra
449 1434 524 1464 siml.

248 1614 439 1644 attractione
460 1615 500 1644 ad
514 1616 702 1655 proximum
717 1615 948 1655 praedicatum.
971 1615 1036 1647 Sed
1051 1627 1104 1657 po-

245 1666 308 1697 tius
330 1666 410 1697 haec
433 1668 627 1708 explicanda
649 1674 723 1699 sunt
747 1679 763 1699 e
787 1670 928 1709 quodam
944 1670 1103 1700 acumine.

245 1720 356 1758 Quum
378 1726 486 1761 posset
507 1722 663 1753 scribere:
696 1722 817 1758 Vereor,
842 1733 880 1752 ne
902 1723 979 1754 llaec
1007 1733 1102 1753 cart-esc

244 1774 387 1814 neylecla
411 1793 451 1797 —
480 1775 629 1806 maloram
660 1786 756 1806 eausa
784 1776 836 1813 sit,
867 1777 968 1807 semel
997 1777 1103 1817 posuit
1126 1779 1128 1792 ‹

244 1839 340 1860 causa
364 1830 397 1860 111
420 1834 565 1861 extrema
588 1831 768 1862 sententiae
790 1838 889 1871 parte.

287 1885 305 1923 ξ
327 1885 356 1914 4.
384 1884 583 1915 Pasas—ille
605 1886 721 1916 amicvs
744 1892 803 1917 cet.
828 1887 939 1925 Quum
962 1887 1102 1927 superio-

245 1949 294 1970 res
318 1940 510 1979 interpretes
533 1940 583 1971 his
605 1941 713 1971 verbis
737 1940 797 1971 Cn.
830 1941 1025 1981 Pompeium
1056 1941 1102 1971 in-

244 1993 345 2023 dicari
367 1994 609 2031 arbitrarentur,
633 1995 757 2025 exstitit
780 1995 980 2032 Tunstallus,
996 1995 1101 2035 quiin

244 2045 346 2085 Epist.
370 2047 408 2076 ad
432 2047 582 2078 Middlet.
606 2058 636 2087 p.
660 2048 699 2077 36
722 2057 809 2088 seqq.
833 2047 987 2088 speciosis
1010 2057 1102 2087 argu·
1124 2080 1126 2090 <

244 2099 364 2129 mentis
386 2100 465 2130 haec
489 2101 529 2130 ad
552 2101 768 2132 Hortensium
798 2106 941 2141 spectare
971 2106 1102 2132 conten-

243 2153 342 2189 deret,
365 2158 395 2184 et
419 2154 452 2183 in
475 2164 567 2184 suam
590 2154 786 2185 sententiani
808 2154 963 2194 perduxit
985 2153 1102 2184 Ernes-

243 2210 314 2235 tum
336 2210 367 2236 et
389 2204 603 2237 Garatonium
626 2207 666 2237 ad
690 2206 912 2242 Plancianam,
943 2207 992 2236 85.
1038 2206 1103 2236 Sed

242 2260 459 2291 Hortensium
481 2261 612 2301 egregie
635 2261 786 2292 liberavit
806 2262 846 2291 ab
862 2261 922 2291 hac
938 2261 1102 2291 calumnia

243 2314 281 2345 L.
306 2313 341 2345 C.
364 2314 526 2345 Luzacius
549 2316 582 2346 in
606 2315 687 2356 disp.
711 2316 804 2346 docta
827 2316 867 2346 de
890 2314 930 2353 Q.
961 2315 1102 2346 Horten-

243 2367 290 2397 sio
320 2372 398 2397 orat.
428 2378 457 2407 p.
491 2369 625 2404 44—50,
657 2374 728 2408 post
758 2377 856 2408 quem
884 2367 1030 2398 Orellius
1068 2368 1126 2401 in:

246 2418 364 2450 0110111.
388 2420 476 2450 Tull.
500 2430 528 2460 p.
553 2420 612 2452 471
637 2425 668 2451 et
690 2420 874 2451 Abekenus
897 2430 947 2460 op.
974 2421 999 2456 l,
1015 2430 1044 2460 p.
1063 2421 1098 2450 51

244 2473 285 2503 ad
307 2472 501 2512 Pompeiiun
524 2473 699 2503 redierunt.

283 2525 331 2555 De
367 2536 423 2566 qm)
454 2528 487 2556 lu
518 2525 672 2566 scripsisli
702 2525 835 2557 laudare
872 2525 1007 2566 coepisse
1042 2537 1100 2568 pro

240 2588 325 2618 quem
350 2581 385 2608 lu
412 2584 472 2609 eet.
502 2579 605 2609 rarior
633 2579 831 2610 constructio
861 2585 918 2616 est,
947 2580 1003 2610 sed
1032 2590 1099 2610 11011
1122 2585 1124 2599 ¹

243 2631 312 2662 sine
335 2631 489 2671 exemplo
511 2631 609 2662 etiam
625 2632 710 2672 apud
726 2630 929 2663 Ciceronem.
953 2632 993 2663 cf.
1008 2632 1099 2662 Kuh-

243 2693 311 2714 ner.
334 2684 373 2713 ad
397 2683 494 2714 Tusc.
519 2683 559 2720 V,
585 2683 633 2715 57.

284 2737 519 2778 Reprehendere
541 2747 591 2768 res
614 2748 631 2768 a
653 2737 810 2769 Cicerone
834 2740 967 2770 consule
983 2744 1098 2779 gestas,

242 2796 278 2822 ut
299 2796 431 2832 apparet
453 2801 496 2822 ex
519 2792 610 2831 epist.
630 2802 695 2831 seq.
721 2792 739 2831 ξ
760 2793 850 2822 1-3.
874 2793 994 2823 Nullus
1016 2793 1100 2823 liber
1122 2827 1124 2837 ζ

1122 2841 1124 2861 ³
1146 2845 1270 2875 Handii
1294 2845 1389 2875 Turs.
1412 2846 1457 2876 ΙΙ.
1480 2856 1510 2885 p.
1533 2847 1594 2875 410
1617 2852 1647 2877 et
1670 2847 1728 2877 421
1754 2852 1784 2877 et
1806 2847 1923 2878 Haasii
1952 2848 2003 2877 ad-

243 2845 304 2875 Ms.
315 2844 400 2875 favet
408 2844 536 2874 Faerno
552 2850 626 2875 ante
640 2844 700 2874 hoc
717 2845 854 2875 verbum
871 2855 925 2875 2208
934 2846 1099 2876 scribenti.

283 2898 398 2937 Aperte
420 2896 544 2935 laudat,
567 2898 684 2927 occulte
706 2916 748 2920 —-
769 2897 896 2929 invidet.
935 2899 1009 2929 Hoc
1032 2904 1099 2929 erat

244 2949 403 2990 Pompeii.
439 2949 523 2980 Solet
545 2950 634 2986 enim,
659 2950 702 2980 ita
724 2951 770 2981 M.
795 2950 926 2982 Caelius
949 2952 983 2982 in
1006 2951 1098 2982 Fam.

244 3002 341 3033 VIII.
366 3003 393 3039 1,
417 3003 434 3033 3
458 3003 497 3033 (10
520 3012 557 3033 00
580 3003 701 3039 scribit,
724 3002 817 3034 aliud
830 3003 948 3034 sentire
964 3006 993 3034 el
1007 3003 1099 3045 loqui,

245 3065 341 3095 neque
363 3058 483 3086 lantum
506 3056 611 3086 valere
634 3055 767 3097 ιἠρεηίο,
791 3059 825 3087 ut
855 3067 916 3088 77022.
938 3059 1098 3098 appareat,

244 3108 319 3149 quid
339 3107 453 3150 cupiat.
478 3108 526 3141 Cf.
544 3110 613 3140 Att.
629 3110 690 3141 [V.
708 3110 755 3147 15,
772 3109 800 3143 7.
815 3110 903 3142 Plut.
920 3111 1034 3152 Pomp.
1050 3112 1099 3141 30.
1123 3104 1125 3117 '

1192 1617 1284 1649 Nihil
1304 1617 1431 1650 illustre
1454 1629 1487 1650 o:
1514 1620 1605 1650 nulla
1628 1620 1735 1656 elatio,
1753 1620 1845 1650 nulla
1861 1618 2006 1651 altitudo.

1151 1672 1355 1711 Mongaltius
1385 1677 1470 1703 recte
1500 1673 1748 1713 interpretatur:
1780 1672 1814 1703 m?
1842 1671 2006 1703 e'le‘valim).

1150 1723 1346 1755 Wielandus
1357 1729 1441 1755 errat
1450 1729 1580 1755 vertens
1591 1739 1596 1755 :
1608 1724 1689 1755 Kein
1698 1724 1761 1766 Zuy
1770 1735 1827 1755 von
1840 1724 2007 1766 Offenlzeit.

1192 1777 1342 1808 §albinius
1371 1788 1404 1808 o:
1435 1779 1625 1815 accuratius,
1655 1779 1850 1809 distinctius.
1888 1778 1936 1809 Cf.
1960 1779 2007 1809 II.

1151 1831 1199 1867 21,
1226 1831 1250 1861 l.
1275 1831 1323 1861 De
1345 1841 1406 1871 rep.
1431 1831 1506 1872 quid
1526 1842 1580 1872 ⁶²90
1596 1831 1651 1862 libi
1665 1831 1832 1862 sublililer.
1856 1830 2007 1862 Oratores

1150 1883 1184 1913 in
1207 1884 1375 1923 probando
1398 1889 1429 1914 et
1451 1885 1598 1915 docendo
1621 1885 1798 1915 utebantur
1825 1884 1933 1914 szcblz'lz'
1961 1884 2007 1914 (11-

1149 1936 1244 1966 cendi
1267 1945 1396 1975 genere.
1421 1936 1468 1967 Cf.
1494 1936 1548 1968 Or.
1573 1937 1621 1967 69.

1191 1988 1296 2029 Neque
1319 1989 1421 2019 adhue
1443 1989 1518 2019 mila?
1539 1989 1619 2020 salis
1632 1992 1707 2020 nola
1722 1992 1804 2020 suni.
1828 1990 2007 2031 Pompeius

1150 2042 1238 2072 enim
1260 2042 1398 2072 vixdum
1421 2053 1462 2073 ex
1484 2043 1567 2074 Asia
1591 2044 1623 2073 in
1646 2044 1762 2074 urbem
1783 2044 1932 2080 redierat,
1954 2053 2007 2075 ne-

1148 2104 1213 2135 que
1235 2095 1274 2125 (le
1298 2104 1345 2131 eo,
1369 2096 1457 2135 quod
1470 2101 1601 2126 acturus
1618 2101 1694 2133 erat,
1711 2101 1837 2127 certum
1852 2097 2006 2127 affirmari

1149 2152 1282 2188 poterat.

1195 2197 1398 2242 TerraefiHO.
1416 2201 1471 2233 Sic
1486 2202 1693 2242 appellantur
1703 2202 1854 2233 homines
1866 2203 2005 2233 obscuri.

1152 2253 1200 2285 Cf.
1231 2254 1297 2286 Cic.
1328 2254 1420 2285 Fam.
1451 2255 1530 2285 VII.
1561 2255 1588 2291 9,
1619 2256 1647 2285 3.
1679 2254 1768 2286 Pers.
1792 2254 1858 2286 Sat.
1882 2255 1942 2286 VI.
1967 2256 2006 2285 56

1151 2318 1238 2349 seqq.
1270 2309 1460 2348 Interpretis
1483 2309 1590 2339 vicem
1612 2314 1752 2349 praestat
1780 2308 2007 2340 Tertullianus

1149 2363 1293 2403 Apolog.
1319 2363 1372 2393 10:
1398 2362 1608 2403 lerraefilios
1628 2363 1738 2402 vul-{svs
1760 2365 1860 2401 vocal,
1881 2374 2007 2405 quorum

1145 2425 1244 2456 yenus
1274 2415 1427 2446 incertum
1456 2418 1511 2452 est,
1542 2417 1630 2447 unde
1666 2416 1804 2456 profecit
1839 2416 2006 2447 Minucius

1148 2468 1247 2499 Felix
1269 2469 1303 2499 in
1327 2468 1473 2506 Octavio,
1498 2470 1546 2506 22,
1570 2470 1628 2500 ubi
1651 2470 1778 2500 scribit:
1802 2468 1952 2510 z'fsnobz'les
1976 2472 2006 2500 et

1147 2521 1270 2562 iqnolos
1294 2524 1399 2552 terrae
1410 2521 1502 2561 filios
1524 2521 1725 2553 nomz‘nanms.

1190 2577 1207 2616 ξ
1231 2578 1258 2607 5.
1295 2576 1356 2607 Res
1385 2576 1489 2607 eodem
1518 2579 1564 2607 est
1593 2577 1663 2607 loci.
1707 2577 1877 2609 Adverbia
1905 2588 1941 2609 eo
1974 2584 2005 2610 et

1147 2629 1250 2660 eodem
1272 2639 1400 2670 semper
1421 2634 1548 2661 motum
1570 2631 1724 2668 indicant,
1740 2636 1901 2663 utcontra
1915 2632 2005 2663 Han-1

1146 2686 1239 2716 dium
1260 2685 1372 2716 docuit
1392 2685 1429 2716 F.
1452 2686 1562 2717 Haase
1583 2686 1618 2716 in
1648 2686 1737 2717 Diar.
1766 2687 1883 2728 Antiq.
1914 2688 2004 2725 1838,

1147 2749 1176 2779 p.
1200 2739 1269 2769 268.
1315 2738 1381 2769 Sed
1404 2750 1438 2770 eo
1460 2740 1520 2770 loci
1544 2739 1627 2779 (Cic.
1651 2739 1733 2771 Sest.
1757 2741 1811 2782 68)
1842 2746 1873 2772 et
1902 2741 2005 2772 eodem

1146 2791 1207 2821 loci
1235 2791 1368 2832 ponitur
1396 2793 1435 2822 (10
1466 2802 1512 2829 eo,
1544 2793 1633 2832 quod
1663 2798 1710 2824 est
1738 2793 1772 2824 in
1807 2793 1888 2824 loco.
1926 2793 2003 2825 Vid.

1146 2902 1212 2927 not.
1237 2898 1298 2928 534
1322 2898 1362 2928 ad
1384 2898 1523 2938 Reisigii
1548 2898 1693 2929 Scholas.
1719 2898 1894 2930 Caeterum
1908 2899 2004 2930 huius

1146 2951 1193 2981 rei
1215 2951 1338 2981 mentio
1361 2952 1396 2982 fit
1419 2952 1461 2981 ob
1483 2951 1523 2990 Q.
1549 2951 1750 2989 Ciceronem,
1767 2952 1823 2992 qui
1839 2953 2004 2993 superiore

1147 3016 1233 3037 anuo
1256 3011 1384 3046 praetor
1405 3007 1518 3038 fuerat.
1548 3007 1661 3038 Idibus
1683 3007 1811 3037 Martiis
1834 3007 1951 3038 Asiam
1973 3007 2003 3038 ei

1147 3062 1304 3101 obtigisse
1326 3062 1440 3093 Attico
1462 3063 1593 3093 nuntiat
1613 3063 1645 3093 h.
1668 3063 1690 3093 1.
1715 3063 1762 3100 15,
1787 3063 1815 3093 1.

1194 3113 1339 3146 Orationi
1362 3125 1455 3147 meae.
1486 3115 1595 3154 Quam
1616 3115 1702 3146 dicat
1723 3115 1913 3154 orationem,
1936 3125 2003 3147 non
