2117 3533
688 187 795 228 Lsss.
831 187 927 228 VII.
962 187 1046 229 ΕΡ.
1083 190 1123 227 2,
1701 184 1784 223 293

29 320 307 376 exspectabam
340 321 564 376 epistolam,
616 335 736 374 quam
770 320 991 362 Philoxeno
1033 320 1210 362 dedisses
1247 344 1303 349 —
1339 318 1551 373 scripseras
1595 318 1702 359 enim
1744 318 1788 358 in

31 408 76 434 ea
109 408 194 434 esse
228 393 277 434 de
306 408 484 434 sermone
509 393 691 449 Pompeii
708 393 977 448 Neapolitano
997 419 1068 445 —,
1105 394 1259 448 (quum)
1283 406 1370 432 eam
1393 391 1493 433 mihi
1514 392 1635 433 Patro
1658 392 1788 432 Brun-

31 464 123 506 disii
155 465 332 506 reddidit
340 484 350 516 3
387 465 593 520 Corcyrae,
627 470 674 507 ut
715 465 869 520 opinor,
916 470 1134 521 acceperat.
1184 464 1301 505 Nihil
1345 465 1478 519 potuit
1519 480 1602 505 esse
1646 465 1789 504 iucun-

30 537 134 578 dius.
168 538 266 579 Erat
298 538 405 579 enim
439 538 487 578 de
521 554 561 579 re
595 537 771 593 publica,
807 538 854 579 de
889 539 1091 594 opinione,
1138 553 1257 592 quam
1302 537 1336 577 is
1376 537 1435 578 vir
1478 536 1643 577 haberet
1686 536 1788 576 inte-

30 610 188 664 gritatis
221 626 345 662 meae,
381 611 429 652 de
463 611 754 662 benevolentia,
791 626 910 665 quam
944 611 1121 652 ostendit
1153 626 1199 651 eo
1243 625 1437 660 sermone,
1483 624 1602 664 quem
1645 607 1790 649 habuit

32 683 80 724 de
114 684 333 738 triumpho.
381 685 458 726 Sed
491 689 626 725 tamen
660 684 736 725 hoc
768 684 1120 734 iucundissimum,
1157 684 1263 737 quod
1305 683 1486 724 intellexi
1528 687 1567 723 te
1609 682 1657 722 ad
1698 696 1789 721 eum

31 756 198 807 venisse,
233 761 280 797 ut
312 757 397 798 eius
432 757 611 798 animum
645 772 737 811 erga
770 772 832 797 me
867 757 1123 811 perspiceres.
1158 757 1249 798 Hoc
1281 755 1395 806 mihi,
1429 755 1608 809 inquam,
1645 753 1792 795 accidit

31 825 385 867 iucundissimum.
421 830 462 868 6.
497 827 557 868 De
590 827 795 882 triumpho
830 831 965 867 autem
998 827 1108 868 nulla
1141 842 1204 868 me
1232 826 1432 881 cupiditas
1455 841 1634 881 unquam
1661 826 1793 867 tenuit

31 903 122 939 ante
156 898 295 940 Bibuli
327 900 698 955 impudentissimas
730 900 879 950 literas,
915 915 1014 954 quas
1048 901 1291 956 amplissime
1315 900 1555 955 supplicatio
1578 904 1794 940 consecuta

32 977 106 1013 est.
141 973 177 1012 A
212 986 290 1026 quo
325 972 358 1013 si
390 988 436 1013 ea
467 977 580 1026 gesta
613 976 760 1022 essent,
796 988 895 1026 quae
930 973 1102 1027 scripsit,
1131 972 1348 1027 gauderem
1372 977 1412 1013 et
1432 972 1576 1013 honori
1599 972 1792 1013 faverem:

32 1059 139 1085 nunc
172 1044 300 1095 illum,
336 1046 405 1099 qui
437 1046 579 1100 pedem
613 1050 741 1101 porta,
777 1046 909 1100 quoad
943 1046 1070 1087 hostis
1104 1047 1160 1087 cis
1194 1046 1445 1101 Euphratem
1477 1046 1570 1095 fuit,
1614 1061 1696 1086 non
1729 1060 1794 1085 ex-

32 1118 184 1168 tulerit,
219 1118 368 1159 honore
403 1119 554 1173 augeri,
590 1134 666 1170 me,
702 1119 744 1160 in
779 1119 893 1160 cuius
928 1119 1107 1160 exercitu
1141 1135 1250 1174 spem
1283 1119 1392 1160 illius
1416 1120 1613 1160 exercitus
1636 1118 1794 1168 habuit,

37 1191 143 1232 idem
175 1206 258 1232 non
291 1192 463 1246 assequi,
499 1192 672 1233 dedecus
706 1197 766 1233 est
798 1197 994 1242 nostrum,
1029 1197 1224 1242 nostrum,
1259 1193 1438 1246 inquam,
1469 1196 1508 1232 te
1532 1192 1795 1245 coniungens.

39 1265 181 1319 Itaque
215 1265 348 1306 omnia
393 1265 572 1320 experiar
613 1270 665 1315 et,
710 1270 757 1306 ut
801 1280 928 1320 spero,
970 1280 1171 1318 assequar.
1226 1264 1382 1316 Quodsi
1424 1268 1471 1305 tu
1511 1265 1675 1314 valeres,
1717 1264 1798 1304 iam

36 1337 136 1378 mihi
169 1337 364 1391 quaedam
398 1338 600 1392 explorata
634 1343 780 1378 essent.
816 1337 907 1389 Sed,
942 1343 988 1379 ut
1022 1353 1148 1393 spero,
1185 1338 1349 1379 valebis.
1388 1339 1427 1378 7.
1461 1338 1522 1378 De
1556 1336 1798 1378 raudusculo

38 1411 286 1452 Numeriano
320 1411 491 1452 multum
526 1416 565 1452 te
599 1426 702 1452 amo.
738 1411 982 1453 Hortensius
1015 1411 1112 1465 quid
1146 1411 1273 1465 egerit
1306 1426 1401 1452 aveo
1435 1411 1549 1460 scire,
1579 1410 1678 1451 Cato
1702 1409 1799 1463 quid

39 1487 143 1538 agat,
179 1483 249 1538 qui
283 1484 446 1538 quidem
478 1484 522 1524 in
555 1499 618 1525 me
651 1484 824 1539 turpiter
857 1484 936 1525 fuit
969 1485 1200 1525 malevolus.
1235 1484 1360 1525 Dedit
1392 1483 1650 1538 integritatis,
1684 1482 1800 1523 iusti-

38 1557 134 1608 tiae,
169 1556 417 1608 clementiae,
451 1557 546 1598 fidei
578 1557 679 1598 mihi
712 1557 1003 1609 testimonium,
1039 1557 1147 1613 quod
1180 1573 1261 1599 non
1296 1557 1556 1612 quaerebam3
1592 1556 1699 1611 quod
1733 1572 1801 1611 po-

39 1629 253 1680 stulabam,
288 1630 464 1684 negavit.
496 1630 638 1684 Itaque
680 1630 825 1671 Caesar
869 1630 919 1671 iis
962 1631 1103 1681 literis,
1153 1629 1300 1685 quibus
1344 1630 1445 1671 mihi
1492 1629 1716 1686 gratulatur
1762 1633 1802 1668 et

38 1777 94 1816 At
126 1774 192 1815 hic
225 1774 332 1815 idem
365 1773 513 1815 Bibulo
548 1775 573 1817 †
607 1789 714 1815 DXX.
765 1775 933 1829 Ignosce
967 1775 1082 1826 mihi,
1116 1791 1198 1817 non
1239 1790 1402 1831 possum
1444 1774 1543 1816 haec
1588 1774 1687 1816 ferre
1728 1789 1801 1815 1166

37 1848 175 1889 feram.
220 1851 261 1889 ὅ.
295 1847 424 1902 Cupio
470 1847 519 1888 ad
565 1863 701 1889 omnes
744 1852 834 1889 tuas
878 1848 1079 1903 epistolas,
1128 1848 1196 1889 sed
1240 1848 1343 1890 nihil
1386 1863 1545 1889 necesse
1591 1852 1664 1888 est.
1716 1847 1802 1887 Iam

38 1922 143 1963 enim
177 1927 216 1962 te
250 1918 408 1961 videbo.
459 1919 567 1961 Illud
600 1924 735 1961 tamen
769 1920 817 1961 de
851 1920 1073 1976 Chrysippo
1109 1945 1165 1951 -
1200 1936 1292 1962 nam
1326 1921 1374 1962 de
1410 1920 1532 1962 altero
1566 1919 1634 1960 illo
1667 1919 1801 1960 minus

80 2099 98 2129 9
121 2096 313 2137 amplissima
335 2114 375 2118 —
397 2096 435 2126 21
460 2094 574 2127 Bibulo
597 2096 717 2127 dieram
742 2105 801 2127 XX.

38 2268 95 2309 qui
118 2268 150 2298 in
182 2266 304 2308 protasi
335 2270 511 2306 ponuntur,
541 2266 574 2295 in
606 2264 799 2295 indieativos
830 2274 898 2296 mu-

38 2326 155 2359 tentur,
179 2326 214 2351 ut
237 2320 355 2351 melius
386 2320 494 2350 visum
526 2319 632 2350 Bakio
664 2319 696 2348 in
732 2318 830 2358 praef.
861 2320 901 2350 ad

946 2269 1057 2309 paucis
1080 2276 1155 2300 ante
1179 2274 1318 2299 mortem
1340 2268 1455 2299 diebus
1479 2268 1512 2298 in
1536 2273 1650 2298 senatu
1670 2267 1804 2297 dixerit.

39 2376 106 2408 Cic.
129 2376 209 2415 Leg.
234 2385 263 2415 p.
287 2373 425 2404 XXIII.

78 2429 95 2466 ξ
123 2430 151 2458 5.
178 2428 274 2467 Quum
299 2437 366 2457 eccm.
389 2425 464 2456 mihi
487 2425 524 2455 P.
549 2424 588 2455 B.
609 2425 759 2456 reddidit.
782 2426 899 2456 Nexus

39 2480 220 2512 sententiae
243 2484 274 2510 et
290 2489 367 2510 usus
383 2479 558 2509 Tullianus
577 2478 635 2509 vix
651 2478 772 2519 patitur
787 2479 900 2509 abesse

39 2544 137 2575 quum,
166 2533 255 2574 quod
285 2533 324 2563 de
354 2532 487 2563 Ernesti
517 2532 681 2562 sententia
708 2536 900 2572 receperunt

39 2587 214 2619 Schutzius
236 2591 267 2617 et
287 2585 441 2617 Orellius.
465 2585 515 2616 Cf.
530 2585 745 2623 Wesenberg,
759 2586 898 2616 Emend-

40 2652 70 2681 p.
93 2641 144 2671 81.

83 2694 100 2732 ξ
123 2694 151 2723 6.
183 2690 381 2730 Amplissz'ma
411 2690 598 2730 sujffllz'catio
627 2695 674 2721 est
705 2691 757 2721 Pii
786 2701 894 2735 παρα·

40 2739 244 2792 διόρθωσις.
268 2747 400 2787 Optime
422 2747 493 2777 cod.
522 2747 612 2778 Med.
642 2752 674 2777 et
702 2752 779 2777 vett.
805 2747 895 2777 editt.

39 2804 226 2845 amplissime
249 2814 282 2834 o:
308 2804 519 2844 amplissimis
542 2804 659 2834 verbis.

82 2861 99 2899 ξ
116 2860 144 2893 7.
165 2860 208 2890 De
222 2860 411 2890 raudusculo
424 2859 625 2890 Numeriano.
639 2859 689 2890 Cf.
703 2861 743 2890 ad
756 2860 817 2890 VI.
831 2861 859 2896 8,
869 2862 897 2890 5.

82 2914 274 2944 Hortensius
296 2913 371 2954 quid
392 2913 501 2954 eyerz't,
524 2923 600 2943 areo
625 2913 717 2944 scire.
758 2913 899 2944 Videtur

41 2968 200 3007 respicere
222 2967 262 2996 ad
280 2966 466 2996 auctionem
483 2966 700 3006 praediorum,
716 2975 798 3006 quae
815 2966 898 2996 Hor-

41 3020 164 3051 tensius
187 3025 278 3060 pater
301 3019 450 3050 Puteolis
480 3020 676 3059 possederat,
707 3029 725 3048 a
753 3019 823 3049 filio
852 3019 899 3049 in-

42 3073 249 3104 stituendam.
277 3072 328 3103 Cf.
351 3081 400 3112 ep.
424 3081 489 3112 seq.
513 3072 542 3102 9.
565 3072 639 3102 Nisi
661 3071 743 3102 forte
766 3072 829 3101 hoe
854 3081 899 3102 re-

43 3128 211 3158 ferendum
235 3127 277 3157 sit
300 3127 339 3157 ad
364 3126 534 3157 Hortensii
558 3125 658 3166 patris
692 3125 899 3162 sententiam,

44 3190 142 3222 quam
172 3181 213 3212 de
241 3179 478 3220 supplicatione
508 3178 658 3210 Ciceroni
696 3179 899 3211 decernenda
924 3176 925 3187 ¹

947 2324 983 2356 Si
1005 2325 1089 2356 illud
1112 2325 1277 2366 probatur,
1300 2335 1375 2356 cum
1390 2325 1469 2356 Ern.
1486 2325 1617 2355 malim:
1639 2323 1715 2356 Calo
1728 2323 1804 2364 quid

945 2377 1042 2418 ayit?
1066 2387 1106 2408 ne
1128 2378 1190 2408 hoe
1213 2387 1309 2417 agere
1325 2376 1458 2408 Catonis
1474 2387 1548 2407 cum
1567 2377 1625 2407 illo
1641 2386 1684 2407 ex
1700 2386 1803 2417 aequo

946 2431 1110 2471 iungatur.

988 2485 1030 2514 At
1059 2484 1110 2514 laic
1138 2484 1217 2514 idem
1252 2483 1368 2514 Bibulo
1398 2483 1496 2514 DXX.
1529 2485 1579 2515 Ita
1607 2484 1695 2514 Med.
1718 2483 1802 2513 Nota

946 2539 1083 2569 indicari
1106 2543 1223 2579 putant
1246 2538 1315 2569 dies
1337 2539 1449 2578 viyinti
1473 2549 1504 2569 o:
1530 2538 1804 2579 supplicationem

945 2592 1073 2623 dierum
1095 2592 1225 2632 viginti.
1249 2592 1314 2623 Sed
1337 2598 1425 2624 recte
1447 2592 1634 2623 Gronovius
1655 2596 1753 2632 negat
1772 2592 1804 2621 id

945 2645 1073 2675 admitti
1103 2654 1205 2685 posse,
1239 2655 1341 2685 quum
1372 2644 1505 2676 Caesari
1535 2644 1643 2675 Gallia
1676 2645 1805 2675 devicta

920 2725 921 2730 ,
945 2697 993 2727 bis
1017 2697 1086 2727 XX
1117 2698 1245 2728 dierum
1274 2698 1468 2738 supplicatio
1497 2698 1627 2729 decreta
1660 2698 1708 2729 sit,
1740 2697 1804 2727 vid.

944 2749 1035 2781 Caes.
1059 2751 1099 2781 B.
1121 2750 1159 2781 G.
1184 2751 1247 2781 IV.
1281 2751 1320 2781 38
1351 2756 1434 2782 extr.
1471 2756 1501 2782 et
1531 2751 1611 2781 VII.
1642 2752 1681 2781 90
1711 2755 1803 2782 extr..

942 2805 1042 2843 idque
1066 2802 1245 2834 Suetonius
1269 2813 1335 2834 11011
1365 2803 1523 2834 usitatum
1557 2802 1657 2834 fuisse
1687 2810 1804 2834 narret.

944 2859 978 2889 in
1002 2857 1093 2889 Caes.
1117 2859 1165 2889 24.
1193 2859 1335 2889 Bibulus
1358 2859 1444 2889 nihil
1469 2864 1614 2899 gesserat
1636 2869 1805 2898 magnum.

945 2911 1054 2941 Unius
1077 2910 1142 2941 diei
1172 2911 1367 2951 supplicatio
1396 2910 1469 2951 plus
1500 2917 1578 2947 erat,
1608 2922 1707 2951 quam
1737 2912 1806 2941 iure

945 2963 1110 3003 postulare
1132 2967 1251 3003 posset.
1282 2962 1365 2993 Cum
1389 2962 1558 2994 Gronovio
1582 2972 1658 2994 vere
1681 2964 1721 2993 ab
1746 2964 1806 2993 Πν-

947 3017 1020 3047 sino
1041 3016 1199 3056 scriptum
1221 3022 1316 3056 puto:
1344 3017 1386 3046 At
1422 3016 1472 3046 hic
1500 3016 1580 3046 idem
1613 3016 1726 3047 Bibulo
1756 3018 1807 3047 (le-

948 3069 1045 3099 erevit
1068 3079 1110 3100 se.
1134 3069 1408 3109 supplicationem
1432 3069 1529 3100 unius
1552 3069 1627 3100 diei.

991 3124 1009 3162 ξ
1031 3123 1059 3152 8.
1085 3122 1174 3153 Illud
1195 3125 1299 3152 lamen
1321 3122 1359 3152 de
1384 3122 1561 3163 (L'hfrysippo,
1585 3127 1646 3153 cet.
1670 3122 1723 3153 Ex
1747 3122 1803 3153 At-

949 3176 1004 3208 tici
1029 3176 1130 3207 literis
1153 3180 1310 3216 cognorat
1345 3176 1498 3208 libertum
1529 3185 1623 3208 suum
1654 3175 1805 3217 Chrysip-

1816 988 1848 1014 10

1820 1355 1852 1380 15
