2117 3533
237 1013 272 1039 10

283 144 341 183 64

686 140 772 181 ΕΡ.
806 139 883 180 AD
915 139 962 179 T.
997 135 1348 178 POMPONIUM
1381 133 1645 177 ATTICUM.

285 277 399 318 novis
432 274 618 318 amicitiis
651 273 846 329 implicati
879 288 1030 324 sumus,
1066 275 1111 312 ut
1145 270 1281 312 crebro
1313 271 1414 312 mihi
1446 269 1554 311 vafer
1585 268 1652 310 1118
1687 267 1844 309 Siculus
1867 267 2047 309 insusur-

286 354 347 390 ret
380 348 619 390 cantilenam
651 346 761 387 illam
797 361 930 388 suam:

380 447 521 501 Νᾶφε
554 442 642 487 καὶ
674 442 896 503 μέμνασ)
931 440 1173 486 άπιστεῖν.
1217 438 1387 501 ἄρθρα
1421 441 1581 484 ταῦτα
1615 440 1711 484 τᾶν
1744 437 1950 498 φρενῶν.

288 558 348 597 Ac
378 558 536 596 nostrae
570 553 733 608 quidem
764 553 930 593 rationis
964 567 1009 592 ac
1041 552 1146 593 vitae
1180 552 1294 607 quasi
1334 552 1537 607 quandam
1577 552 1758 603 formam,
1802 556 1849 592 ut
1892 551 2048 606 opinor,

288 629 413 670 vides.
458 631 497 669 9.
531 628 591 668 De
624 632 695 668 tuo
729 632 863 668 autem
895 625 1057 680 negotio
1091 641 1206 681 saepe
1241 625 1291 666 ad
1334 641 1396 666 me
1441 625 1581 667 scribis
1591 643 1602 676 5
1645 625 1711 666 cui
1750 623 1901 665 mederi
1941 637 2050 664 nunc

289 717 371 742 non
403 717 628 756 possumus.
673 702 747 742 Est
779 700 885 741 enim
917 699 1020 740 fflud
1053 703 1215 740 senatus
1250 699 1478 740 consultum
1512 713 1666 740 summa
1699 696 1952 753 pedariorum
1983 710 2050 736 vo-

289 774 459 826 luntate,
493 775 644 816 nullius
676 778 857 815 nostrum
891 771 1128 814 auctoritate
1162 771 1326 812 factum.
1360 772 1467 813 Nam
1503 770 1610 826 quod
1644 785 1707 811 me
1741 784 1825 811 esse
1866 768 1916 810 ad
1956 768 2050 810 scri-

291 847 469 889 bendum
502 848 626 899 vides,
661 863 709 888 ex
740 848 827 902 ipso
861 851 1022 887 senatus
1056 845 1238 886 consulto
1272 845 1495 900 intelligere
1528 849 1642 899 potes
1676 843 1793 884 aliam
1836 857 1920 882 rem
1962 846 2051 882 tum

291 922 470 972 relatam,
505 922 579 962 hoc
613 925 746 962 autem
779 920 827 961 de
860 920 1019 974 populis
1050 918 1188 960 liberis
1222 919 1307 960 sine
1340 934 1459 960 causa
1493 917 1675 959 additum
1685 935 1696 967 3
1739 920 1779 957 et
1810 915 1868 956 ita
1901 914 2052 955 factum

293 1000 352 1036 est
385 1010 407 1036 a
440 994 487 1035 P.
522 994 687 1036 Servilio
721 994 815 1045 filio,
861 993 930 1047 qui
961 993 1006 1034 in
1038 992 1248 1048 postremis
1282 993 1521 1034 sententiam
1565 990 1668 1032 dixit
1677 1009 1688 1042 3
1734 988 1803 1031 sed
1847 987 2051 1029 immutari

336 1182 352 1212 1
375 1180 552 1213 insusurret
577 1180 814 1222 [Epicharmus]
837 1199 878 1204 —

340 1364 435 1406 Vafer
456 1356 514 1394 {lle
535 1363 667 1394 Siculus
696 1363 743 1393 Ut
764 1361 868 1394 Siculi
890 1363 1044 1394 universe
1066 1362 1149 1393 dice-

295 1419 413 1450 bantur
431 1427 508 1459 yens
536 1420 640 1454 acula,
669 1417 761 1448 Brut.
790 1417 839 1454 46,
870 1417 915 1448 ita
933 1417 1149 1457 Epicharmus

294 1472 423 1512 origine
445 1471 541 1507 Cous,
565 1471 620 1501 sed
644 1470 700 1510 qui
722 1470 881 1501 maiorem
909 1471 995 1501 vitae
1024 1474 1150 1510 partem

293 1527 328 1556 111
352 1525 465 1557 Sicilia
486 1528 665 1565 peregerat,
689 1524 785 1554 Tuse.
808 1524 834 1554 1.
852 1524 889 1554 15
906 1524 1025 1554 dicitur
1040 1524 1150 1553 acutus

294 1590 350 1610 uec
371 1579 510 1609 insulsus
532 1579 629 1614 homo,
652 1579 686 1607 ul
709 1576 839 1608 Siculus.
863 1596 905 1600 —-
934 1577 1030 1617 Vafi'r
1051 1578 1091 1607 (18
1112 1586 1151 1607 80

294 1635 421 1671 dicitur,
452 1633 509 1674 qui
545 1632 672 1672 ingenii
709 1632 859 1663 acumine
894 1642 968 1663 cum
1009 1632 1152 1672 quadam

293 1687 420 1718 malitia
440 1686 536 1722 valet,
560 1695 625 1726 quo
639 1685 737 1715 modo
758 1683 959 1725 Chrysippus
980 1684 1150 1715 Stoicorum

292 1740 478 1771 somniorum
492 1738 680 1779 vaferrimus
693 1738 850 1778 interpres
865 1738 1046 1779 appellatur
1060 1738 1102 1768 N.
1111 1738 1151 1768 D.

294 1794 320 1824 I.
344 1794 383 1824 39
414 1797 445 1824 et
473 1792 564 1832 vafer
592 1791 726 1821 Flaccus
755 1799 771 1821 e
800 1790 906 1821 Persii
937 1790 1003 1821 Sat.
1033 1791 1060 1821 Ι.
1092 1790 1151 1821 116

293 1847 446 1878 omnibus
469 1851 564 1877 notus
594 1849 650 1876 est.
674 1862 716 1867 —
736 1843 942 1884 Epicharmus
971 1855 989 1875 a
1018 1845 1152 1876 librario

294 1902 403 1933 alieno
425 1902 497 1932 loco
521 1900 669 1930 additum
691 1899 809 1930 delevi.

341 1956 436 2000 Νάφε
465 1967 496 1986 κ.
528 1965 558 1986 τ.
596 1951 630 1985 λ,
653 1953 694 1991 Q.
719 1952 786 1983 Cic.
811 1953 850 1983 de
874 1952 970 1983 Petit.
994 1962 1082 1982 cons.
1100 1953 1149 1983 39.

298 2008 495 2049 Quamobrem
516 2000 764 2052 Ἐπιχαρμεῖον
808 2005 893 2035 illud
932 2007 1054 2035 lerzeto:
1082 2014 1150 2034 uer-

293 2072 346 2093 vos
380 2064 473 2102 atque
499 2063 590 2091 artus
629 2070 693 2091 esse
730 2059 907 2100 sapientiae
941 2069 1003 2089 uon
1039 2059 1150 2088 temere

293 2115 432 2145 eredere.

335 2169 353 2209 ξ
377 2169 405 2199 9.
428 2168 476 2198 De
499 2170 551 2198 tuo
572 2186 614 2191 —
635 2168 768 2209 ueyolio.
790 2167 870 2198 Eius
893 2165 1018 2197 mentio
1040 2165 1076 2195 fit
1100 2174 1149 2205 ep.

293 2233 369 2264 seq„
392 2225 421 2254 4.
445 2223 491 2254 Π.
516 2224 542 2260 1,
574 2223 622 2260 10,
653 2223 690 2253 21
723 2228 815 2259 extr„
846 2222 1026 2260 eodemque
1055 2219 1150 2259 perti-

293 2282 357 2313 net,
381 2277 468 2317 quod
489 2276 522 2306 h.
545 2276 566 2306 1.
591 2276 638 2312 13,
663 2276 678 2305 1
704 2277 744 2306 (18
767 2275 909 2315 Sicyone
931 2272 1151 2314 oppugnanda

292 2331 415 2361 scribit.
448 2329 617 2368 Quantum
639 2339 682 2361 ex
703 2329 754 2360 his
778 2329 858 2359 locis
880 2328 1042 2359 coniicere
1065 2327 1149 2363 licet,

293 2393 343 2414 res
366 2384 446 2413 haec
469 2388 552 2413 erat:
576 2382 689 2413 Attico
713 2381 946 2422 Sicyoniorum
967 2380 1083 2410 civitas
1100 2388 1151 2418 pe-

293 2438 425 2469 cuniam
438 2438 591 2473 debebam
610 2438 772 2467 incertum
787 2446 851 2476 quo
865 2435 1010 2465 nomine.
1030 2433 1151 2471 Quam-

293 2501 391 2532 quam
414 2491 624 2521 Burmannus
646 2490 685 2520 de
708 2489 826 2528 vectig.
849 2498 922 2528 pop.
953 2487 1047 2518 Rom.
1071 2496 1098 2516 c.
1122 2486 1150 2522 9,

295 2555 324 2586 p.
349 2545 409 2575 164
430 2544 507 2575 satis
529 2543 742 2584 probabiliter
770 2542 881 2573 statuit
907 2542 1067 2577 Atticum,
1096 2539 1151 2580 qui

295 2604 375 2630 teste
397 2598 534 2638 Nepote,
558 2598 585 2634 6,
609 2597 732 2628 nullius
755 2597 802 2628 rei
825 2605 932 2636 neque
960 2604 1063 2635 praes,
1097 2602 1152 2623 118-

296 2662 359 2693 que
381 2660 535 2691 manceps
564 2650 666 2681 faetus
697 2655 743 2681 est
771 2650 791 2680 i.
822 2659 848 2680 e.
882 2658 1052 2689 nunquam
1081 2655 1151 2677 vec-

296 2708 411 2749 tigalia
446 2707 613 2743 conduxit,
649 2715 756 2746 neque
798 2716 857 2746 pro
892 2703 1152 2744 redemptoribus

296 2762 395 2793 fidem
417 2771 509 2792 suam
531 2759 733 2801 interposuit,
757 2758 856 2790 fuisse
879 2759 913 2789 in
942 2758 1010 2788 illis
1038 2755 1151 2797 equiti-

298 2815 356 2846 bus
385 2814 553 2851 Romanis,
589 2813 645 2853 qui
681 2813 869 2844 societatem
904 2822 981 2842 cum
1007 2809 1150 2851 publica-

297 2869 348 2900 nis
370 2869 492 2899 inirent
514 2868 618 2908 iisque
640 2876 717 2908 opes
740 2871 771 2897 et
800 2865 974 2906 pecuniam
1003 2862 1150 2904 suppedi-

296 2928 411 2955 tarent.
456 2921 604 2962 Sicyonii
634 2921 743 2961 igitur,
767 2930 906 2960 quorum
928 2919 1044 2950 civitas
1065 2917 1151 2948 inter

297 2980 417 3010 liberos
449 2978 586 3019 populos
615 2981 683 3007 erat
711 2976 821 3013 relata,
851 2974 1017 3015 negabant
1052 2973 1151 3003 licere

297 3033 501 3074 magistratui
521 3032 581 3063 Ro.
605 3032 644 3062 de
665 3030 723 3061 illa
745 3040 780 3061 re
803 3030 852 3060 ius
874 3029 982 3060 <licere
1003 3037 1063 3058 nec
1077 3025 1151 3066 cogi

296 3087 438 3128 potuisse
459 3086 621 3117 videntur.
656 3083 705 3116 Cf.
728 3084 768 3114 de
790 3093 881 3124 prov.
909 3091 997 3112 cons.
1027 3080 1046 3111 6
1069 3084 1100 3111 et
1121 3078 1150 3115 7,

296 3140 332 3171 in
355 3139 466 3171 Pison.
490 3138 538 3170 37.
579 3138 688 3177 Quem
710 3137 837 3169 exitum
866 3145 963 3167 causa
989 3132 1149 3170 habuerit,

1197 1374 1264 1395 non
1288 1367 1423 1394 constat.
1457 1362 1507 1394 De
1528 1362 1657 1403 populis
1680 1366 1711 1393 et
1733 1361 1918 1392 civitatibus
1940 1361 2053 1392 liberis

1196 1420 1301 1451 multa
1322 1419 1501 1460 disputavit
1522 1419 1713 1455 Dirksenus,
1738 1418 1771 1449 in
1796 1417 1956 1448 Periculis
1981 1417 2052 1447 crit.

1197 1478 1227 1504 et
1251 1478 1377 1513 exeget.
1410 1472 1550 1502 fontium
1581 1472 1661 1502 iuris
1690 1471 1785 1502 Rom.
1815 1481 1846 1511 p.
1875 1471 1936 1500 144
1965 1479 2052 1510 seqq.

1198 1525 1245 1557 Cf.
1277 1526 1493 1566 Marquardus
1520 1525 1555 1555 in
1585 1524 1691 1564 operis
1726 1523 1924 1555 Beekeriani
1953 1523 2054 1554 conti-

1197 1580 1352 1610 nuatione
1375 1579 1451 1609 Vol.
1475 1579 1538 1609 III.
1562 1589 1591 1618 p.
1615 1578 1675 1608 249
1697 1587 1787 1618 seqq.

1240 1632 1454 1664 Pedariorum.
1479 1632 1632 1663 Diversas
1655 1631 1832 1662 sententias
1854 1631 1894 1661 (18
1914 1629 2054 1670 pedariis

1198 1688 1404 1719 senatoribus
1433 1692 1579 1718 recenset
1607 1685 1734 1717 Gellius
1766 1685 1807 1715 N.
1838 1685 1880 1715 A.
1910 1684 1974 1715 ΠΙ.
2005 1684 2054 1720 18,

1198 1744 1255 1774 sed
1278 1742 1502 1783 quaestionem
1524 1751 1593 1772 non
1622 1740 1763 1772 absolvit
1795 1739 1946 1779 verisque
1974 1738 2056 1769 falsa

1198 1796 1386 1827 immiscuit.
1432 1794 1479 1826 Cf.
1511 1794 1651 1826 Beckeri
1683 1793 1799 1834 Antiq.
1827 1793 1921 1824 Rom.
1951 1792 1996 1823 H.
2026 1792 2054 1829 2,

1198 1861 1227 1892 p.
1251 1851 1311 1881 431
1335 1859 1424 1890 seqq.
1462 1849 1516 1880 Ex
1537 1849 1599 1879 hoc
1622 1848 1694 1879 loco
1718 1847 1895 1884 Ciceronis,
1924 1846 1982 1877 ubi
2003 1855 2055 1887 pe-

1198 1906 1281 1936 darii
1303 1909 1412 1945 aperte
1434 1908 1643 1944 opponuntur
1665 1902 1891 1933 consularibus
1921 1900 2056 1939 (nullius

1198 1961 1337 1990 nostrum
1359 1958 1577 1999 auctoritate),
1602 1962 1698 1998 atque
1722 1967 1739 1988 e
1761 1956 1862 1988 simili
1887 1956 2056 1987 mentione

1199 2013 1283 2052 apud
1306 2012 1384 2041 Tac.
1407 2011 1499 2042 Ann.
1522 2011 1585 2041 III.
1610 2010 1648 2040 65
1667 2014 1799 2051 apparet
1820 2009 1964 2040 Gavium
1976 2009 2055 2039 Bas-

1197 2076 1279 2101 sum,
1302 2065 1452 2106 quamvis
1474 2064 1509 2095 in
1540 2064 1674 2095 nomine
1705 2063 1902 2104 explicando
1931 2071 2055 2093 errave-

1197 2118 1247 2155 rit,
1266 2123 1353 2149 'vere
1383 2117 1505 2148 dixisse
1535 2119 1695 2147 senatores
1723 2116 1859 2147 nondum
1888 2114 2056 2146 maioribus

1197 2171 1364 2202 honoribus
1377 2170 1511 2211 functos
1519 2170 1670 2211 peclarios
1685 2170 1871 2201 nominatos.
1893 2169 2054 2200 Servilius

1198 2225 1277 2266 ipse,
1298 2225 1354 2266 qui
1378 2235 1395 2255 a
1419 2224 1478 2257 706
1501 2224 1616 2255 consul
1639 2224 1710 2261 fuit,
1732 2224 1795 2254 hoc
1817 2228 1963 2264 tempore
1985 2226 2054 2253 tan—

1197 2282 1268 2308 tum
1288 2277 1484 2319 quaestorius
1507 2281 1584 2308 erat.

1241 2329 1295 2361 Me
1316 2340 1383 2361 esse
1405 2329 1604 2370 adscriptum.
1628 2329 1732 2360 Moris
1755 2333 1822 2359 erat
1852 2327 1946 2359 SCtis
1963 2337 2053 2368 prae-

1198 2394 1319 2424 ponere
1334 2384 1469 2414 nomina
1484 2393 1606 2419 eorum,
1623 2383 1678 2423 qui
1697 2382 1861 2413 scribendo
1883 2382 2053 2423 affuerant,

1200 2447 1283 2476 quae
1316 2436 1472 2467 solemnis
1497 2435 1637 2466 formula
1656 2435 1776 2475 legitur
1794 2435 1827 2465 in
1852 2433 1946 2465 SCtis
1968 2435 2055 2474 apud

1199 2490 1351 2526 Zellium,
1375 2489 1409 2519 in
1433 2489 1497 2519 del.
1520 2488 1665 2528 inscript.
1687 2488 1781 2518 Rom.
1806 2497 1838 2517 n.
1856 2487 1947 2523 1688,
1962 2487 2053 2524 1689,

1200 2544 1278 2574 1691
1304 2548 1335 2574 et
1356 2543 1390 2573 in
1408 2542 1652 2573 auctoritatibus
1665 2541 1751 2581 apud
1768 2540 1835 2572 Cic.
1848 2540 1941 2571 Fam.
1953 2540 2052 2571 VIII.

1200 2597 1228 2633 8,
1253 2597 1269 2625 5
1294 2599 1324 2626 et
1346 2596 1374 2625 6.
1398 2594 1508 2633 Quare
1530 2594 1627 2625 multi
1648 2594 1738 2624 fuere
1767 2593 1824 2634 qui
1845 2593 1877 2624 h.
1901 2593 1922 2624 l.
1946 2602 2053 2624 emen-

1199 2650 1314 2680 darent
1334 2658 1380 2678 me
1402 2647 1546 2688 adfuisse
1567 2648 1621 2678 vel
1650 2646 1760 2678 adesse
1787 2645 1966 2682 seribendae
1997 2646 2055 2677 sed

1200 2712 1301 2742 quum
1324 2701 1400 2732 libri
1429 2700 1523 2732 Fam.
1553 2699 1615 2731 IX.
1645 2701 1694 2737 15,
1723 2702 1752 2730 4.
1782 2699 1989 2730 consentiant
2018 2699 2051 2730 in

1200 2756 1339 2787 lectione
1355 2765 1458 2795 ponor
1480 2755 1524 2785 acl
1543 2753 1735 2785 scribendum
1758 2758 1789 2784 et
1810 2753 1887 2784 ibid.
1903 2752 1984 2784 XII.
2003 2753 2053 2792 29,

1201 2809 1228 2839 2.
1266 2807 1432 2848 Nunquam
1451 2806 1522 2847 fnit
1551 2806 1595 2837 ad
1620 2805 1823 2843 scribendum,
1853 2805 1911 2836 ubi
1946 2806 2054 2846 ipsum

1200 2862 1285 2892 illud
1298 2860 1458 2893 scribendo
1474 2861 1606 2902 affuisse
1621 2860 1771 2900 proxime
1785 2859 1957 2900 praecedit,
1977 2868 2052 2890 cum

1199 2914 1333 2946 Handio
1356 2914 1629 2954 acquiescendum
1648 2916 1726 2953 puto
1748 2912 1782 2942 in
1804 2912 1963 2952 scriptura
1983 2911 2053 2942 vul-

1201 2967 1281 3007 gari.
1303 2967 1381 2998 Non
1403 2972 1513 2997 tamen
1536 2965 1665 3005 negabo
1694 2974 1746 2995 me
1774 2964 1995 3004 probaturum,
2025 2963 2053 2994 si

1201 3020 1257 3060 qui
1278 3020 1362 3050 liber
1384 3020 1474 3050 daret
1496 3029 1542 3049 me
1564 3027 1631 3049 esse
1653 3015 1853 3057 adscriptum.

1241 3073 1270 3103 A
1293 3073 1327 3104 P.
1350 3072 1482 3104 Servilio
1500 3072 1586 3114 filio,
1616 3071 1815 3102 aemulatore
1843 3068 1986 3108 Catonis,
2016 3074 2053 3101 ut

1199 3131 1333 3158 vocatur
1354 3126 1399 3157 II.
1424 3126 1451 3163 1,
1476 3126 1524 3163 10,
1546 3128 1636 3166 patre
1657 3122 1804 3155 Isaurico
1826 3122 1936 3162 digno.
