2117 3533
694 169 802 210 ΜΒ.
843 169 912 210 VI.
946 161 1030 211 ΕΡ.
1066 172 1107 210 8.
1145 171 1185 209 9.
1734 168 1818 208 285

66 304 284 346 admiratus
317 318 418 355 sum,
453 309 500 346 ut
534 304 615 345 vidi
650 303 901 358 obsignatam
935 303 1157 359 epistolam,
1193 302 1429 344 brevitatem
1462 303 1564 353 61115,
1597 306 1645 344 111
1668 302 1821 357 aperui,

66 393 201 419 rursus
235 375 488 437 σύγχυσιν
521 377 784 427 literularum‚
820 392 921 431 quae
956 376 1085 417 solent
1125 381 1218 417 tuae
1263 375 1617 433 compositissimae
1662 380 1702 417 et
1745 374 1823 415 cla-

67 450 244 492 rissimae
278 466 375 501 esse,
411 466 469 502 ac,
503 466 553 492 ne
586 450 727 500 multa,
763 450 931 504 cognovi
964 465 1013 490 ex
1046 465 1106 500 eo,
1141 448 1249 505 quod
1292 448 1349 490 ita
1392 449 1620 504 scripseras,
1662 454 1701 489 te
1747 449 1824 489 Ro-

67 539 172 566 mam
216 524 370 566 venisse
415 540 451 565 a.
486 524 526 565 d.
561 537 643 566 XII.
679 523 768 564 Kal.
803 522 968 564 Octobr.
1003 538 1094 564 cum
1128 522 1244 563 febri.

67 614 139 639 nec
172 598 313 652 magis,
349 612 468 652 quam
502 596 639 647 debui,
674 595 810 637 statim
844 610 990 650 quaero
1023 611 1072 636 ex
1105 597 1264 636 Acasto.
1298 594 1372 635 Ele
1405 598 1446 635 et
1477 593 1554 635 tibi
1587 599 1628 635 et
1661 594 1739 636 sibi
1770 594 1826 635 vi·
1867 611 1880 634 ε,

1309 522 1527 563 Percussus
1570 522 1827 563 vehementer

68 687 155 712 sum
189 676 228 712 et
260 671 317 711 ita
351 685 391 711 se
425 669 533 710 domi
568 684 615 709 ex
648 668 730 709 tuis
765 667 938 718 audisse,
973 672 1020 709 ut
1052 667 1155 709 nihil
1189 671 1293 708 esset
1325 666 1593 708 incommode.
1637 667 1685 708 Id
1720 668 1827 708 vide-

68 744 185 785 batur
219 742 451 799 approbare,
487 741 593 797 quod
627 746 711 783 erat
742 742 785 782 in
819 745 1009 792 extremo,
1034 740 1270 782 febriculam
1292 744 1380 781 tum
1403 744 1442 780 te
1467 739 1682 781 habentem
1706 741 1828 796 scrip-

68 817 178 857 sisse.
212 817 238 860 †
272 815 350 858 Sed
383 815 551 856 clamavi
584 819 719 856 tamen
752 813 1053 868 admiratusque
1084 829 1187 863 sum,
1223 812 1330 868 quod
1363 812 1490 853 nihilo
1523 813 1657 853 minus
1692 813 1828 854 adme

67 896 137 931 tua
170 904 291 930 manu
325 888 564 943 scripsisses.
599 887 732 939 Quare
767 887 815 927 de
850 887 924 927 hoc
959 886 1069 927 satis.
1105 886 1227 941 Spero
1261 886 1382 937 enim,
1418 901 1519 940 quae
1552 890 1623 926 tua
1656 885 1829 942 pruden-

67 963 124 1004 tia
156 968 197 1003 et
228 961 492 1017 temperantia
527 965 599 1011 est,
634 965 674 1000 61
707 959 882 1010 hercule,
916 964 963 1000 ut
995 975 1057 1000 me
1092 957 1207 1000 iubet
1240 960 1426 1010 Acastus,
1473 958 1629 1000 confido
1662 964 1701 1000 te
1735 959 1828 1008 iam,
1853 974 1885 999 ιο

68 1042 114 1077 111
156 1036 352 1086 volumus,
407 1034 546 1076 valere.
608 1037 648 1075 2.
683 1035 720 1074 A
763 1033 958 1074 Turranio
1003 1038 1042 1074 te
1086 1032 1285 1087 accepisse
1330 1048 1437 1074 meas
1480 1033 1616 1074 literas
1661 1033 1829 1088 gaudeo,

69 1106 472 1167 Πὰραφύλαξον,
509 1108 541 1148 51
575 1123 637 1148 1116
672 1122 794 1158 amas,
830 1105 917 1160 τὴν
949 1107 1036 1149 τοῦ
1069 1103 1291 1165 φυράτου
1337 1103 1640 1163 φιλοτιμίαν
1681 1105 1829 1149 αυτό-

68 1197 211 1224 Taza.
252 1182 383 1232 Hanc,
419 1196 519 1236 quae
553 1180 777 1222 mehercule
812 1180 911 1221 mihi
944 1195 1088 1235 magno
1122 1179 1249 1221 dolori
1283 1185 1344 1221 est
1379 1207 1435 1212 ——
1471 1180 1594 1222 dilexi
1628 1181 1734 1222 enim
1760 1180 1830 1222 ho-

70 1255 217 1296 minem
252 1281 308 1286 —-
342 1269 525 1310 procura,
561 1253 916 1308 quantulacunque
961 1258 1034 1303 est,
1084 1253 1317 1294 Precianam
1362 1253 1626 1295 hereditatem
1669 1270 1831 1310 prorsus

69 1328 134 1369 ille
168 1343 218 1369 ne
252 1328 439 1382 attingat.
473 1327 593 1367 Dices
626 1341 770 1367 numos
803 1326 904 1367 mihi
937 1341 1037 1381 opus
1071 1341 1155 1367 esse
1189 1325 1239 1366 ad
1274 1330 1509 1381 apparatum
1542 1327 1753 1382 triumphi,
1787 1328 1831 1368 in
1852 1341 1884 1366 15

70 1415 162 1454 quo,
196 1405 243 1441 ut
276 1400 486 1456 praecipis,
521 1414 594 1440 nec
628 1414 690 1440 1116
724 1397 870 1443 κενὸν
903 1399 945 1439 111
991 1398 1214 1454 expetendo
1260 1414 1475 1454 cognosces
1520 1415 1593 1441 nec
1635 1397 1831 1456 ἄτυφον

68 1473 111 1514 111
145 1472 385 1514 abiiciendo.
433 1475 473 1513 3.
508 1472 696 1514 Intellexi
730 1488 778 1513 ex
810 1473 892 1513 tuis
926 1472 1052 1513 literis
1084 1476 1124 1513 te
1168 1488 1216 1513 ex
1259 1473 1454 1514 Turranio
1499 1473 1658 1515 audisse
1703 1490 1726 1515 a
1769 1490 1831 1515 me

69 1545 314 1601 provinciam
348 1545 460 1586 fratri
492 1545 696 1586 traditam.
731 1545 888 1586 Adeon'
923 1560 995 1599 ego
1028 1560 1110 1586 non
1144 1560 1421 1600 perspexeram
1453 1547 1710 1601 prudentiam
1744 1548 1831 1589 lite-

69 1635 200 1661 rarum
234 1619 420 1660 tuarum?
469 1615 699 1676 Ἐπέχειν
732 1622 771 1658 16
806 1616 1021 1658 scribebas.
1072 1617 1182 1669 Quid
1225 1623 1308 1659 erat
1349 1617 1602 1661 dubitatione
1647 1620 1830 1675 dignum,

70 1693 103 1733 si
136 1697 240 1734 esset
273 1692 507 1747 quidquam,
543 1707 612 1732 6111
646 1692 820 1747 placeret
853 1691 1029 1742 fratrem,
1054 1696 1094 1732 et
1116 1691 1237 1732 talem
1260 1690 1422 1733 fratrem
1445 1692 1646 1749 relinqui?
1683 1692 1829 1737 'Afflf-
1850 1708 1885 1734 20

69 1781 210 1819 τησις
242 1766 319 1807 ista
352 1765 452 1806 mihi
486 1770 568 1816 tua,
611 1780 692 1806 non
737 1762 891 1822 ἐποχή
935 1764 1162 1806 videbatur.
1212 1765 1408 1807 Monebas
1449 1766 1498 1808 de
1541 1767 1593 1819 Q.
1638 1767 1829 1809 Cicerone

66 1854 203 1894 puero,
239 1843 285 1880 ut
315 1854 406 1880 eum
439 1838 602 1893 quidem
635 1838 871 1892 neutiquam
904 1838 1184 1892 relinquerem.
1235 1835 1438 1896 Τοϋμὸν
1471 1837 1665 1899 ὄνειρον
1698 1838 1824 1899 ἐμοί.

64 1911 217 1953 Eadem
251 1912 398 1963 omnia,
434 1912 548 1966 quasi
582 1912 770 1953 collocuti
803 1927 993 1963 essemus,
1028 1912 1217 1953 vidimus.
1253 1913 1349 1954 Non
1384 1912 1462 1954 fuit
1494 1914 1724 1956 faciendum
1758 1915 1828 1956 ali-

62 1990 136 2037 ter,
170 2002 311 2042 ineque
346 1983 426 2028 ἐπι
426 1985 615 2045 χρονία
650 1983 804 2043 ἐποχή
836 1990 907 2027 tua
941 1985 1195 2027 dubitatione
1229 1985 1428 2028 liberavit.
1463 1988 1541 2029 Sed
1573 1993 1672 2044 puto
1706 1993 1745 2029 te
1765 2003 1827 2030 ac-

106 2114 124 2143 8
150 2113 213 2143 Sed
232 2115 249 2151 †
270 2114 404 2145 clamavi
426 2132 467 2136 ——
493 2114 532 2145 12
555 2116 704 2160 φυρατοῠ
734 2130 774 2135 —-

110 2218 386 2258 Compositissimae
408 2230 441 2251 οι
466 2230 595 2251 summa
616 2231 694 2252 cura
723 2221 923 2262 compositae

64 2272 133 2303 sive
155 2277 318 2304 exaratae.

106 2325 145 2355 A.
167 2325 197 2356 cl.
220 2325 296 2355 XII
322 2326 397 2357 Kal.
431 2326 552 2357 Octobr.
589 2327 728 2358 Temere
760 2327 922 2358 Hofman-

64 2387 137 2415 nus,
160 2379 200 2409 de
222 2379 304 2419 orig.
329 2379 408 2410 belli
437 2378 529 2410 Caes.
559 2390 588 2420 p.
620 2380 678 2410 101
710 2380 849 2410 affirmat
878 2389 921 2411 ex

64 2432 114 2469 iis,
147 2442 231 2473 quae
259 2433 300 2463 de
329 2432 444 2463 Acasti
474 2434 591 2464 itinere
621 2438 795 2464 narrantur
828 2434 920 2464 Fam.

64 2485 164 2517 XIV.
195 2488 222 2524 5,
255 2487 271 2517 1
302 2487 357 2517 hic
385 2488 619 2528 corrigendum
649 2497 719 2519 esse
748 2499 775 2519 a.
798 2489 828 2519 d.
851 2488 922 2519 XV

63 2538 139 2570 Kal.
163 2537 236 2571 Oct.

104 2591 283 2623 Percussus.
312 2591 367 2623 sie
389 2597 475 2623 16616
492 2593 526 2623 in
543 2594 635 2624 codd.
658 2594 748 2625 Male
762 2594 797 2624 in
812 2594 923 2634 paucis

63 2645 154 2675 editt.
176 2645 298 2685 legitur
314 2646 490 2684 perculsus,
514 2647 602 2686 quod
624 2646 765 2677 nimium
789 2652 846 2683 est,
861 2656 922 2678 nec

62 2698 156 2739 iungi
178 2703 285 2739 potest
306 2709 383 2729 cum
405 2700 514 2730 verbis
537 2710 594 2730 nee
615 2701 723 2739 mayz's,
746 2711 835 2741 quam
865 2700 919 2731 de·

61 2751 120 2783 bui.
158 2752 345 2784 Discrimen
367 2762 545 2793 cognoscas
566 2754 642 2784 licet
664 2763 706 2784 ex
735 2754 808 2784 aliis
837 2755 918 2784 locis

62 2806 273 2847 epistolarum
295 2807 399 2838 veluti
421 2817 463 2838 ex
487 2808 554 2838 ΙΙΙ.
577 2808 596 2838 2
619 2812 650 2838 61
672 2808 734 2838 IV.
759 2810 786 2845 8,
800 2810 828 2845 3,
847 2814 917 2839 tum

63 2869 107 2891 ex
130 2861 398 2891 annotationibus
423 2861 647 2901 interpretum,
671 2871 753 2901 quos
772 2862 919 2893 laudavit

62 2911 194 2943 Peerlk.
217 2914 257 2943 ad
279 2913 361 2944 Hor.
385 2913 488 2954 Epod.
513 2913 541 2945 7.

104 2964 167 2996 Ille
190 2968 220 2995 et
243 2965 299 2995 tibi
321 2968 352 2996 et
375 2965 434 2996 sz'bz'
455 2965 562 2997 visam.
585 2965 754 2998 Fortasse:
778 2967 842 3004 Ille
871 2968 919 2998 ait

61 3021 92 3049 et
112 3019 172 3050 sibi
192 3019 288 3050 visum
312 3024 373 3050 cet.

103 3075 166 3107 Sed
196 3077 340 3107 clamavi.
376 3076 432 3108 Or.
468 3078 612 3109 malebat
648 3078 705 3109 sed
735 3079 921 3110 exclamavi.

62 3124 216 3160 Klotzius
231 3130 336 3162 dedit:
353 3130 411 3161 sed
419 3129 575 3161 adamavi.
597 3131 687 3162 Illud
703 3131 748 3162 ita
758 3132 870 3173 probo,
883 3136 920 3163 ut

68 3180 252 3214 Exclamavz'
272 3184 306 3214 in
323 3183 381 3214 sed
392 3183 529 3215 clamavi
539 3185 753 3225 depravatum
766 3184 920 3218 iudicem.

1010 2216 1027 2256 ξ
1050 2216 1079 2246 2.
1102 2213 1348 2262 παραφύλαξον
1368 2229 1401 2251 κ.
1423 2230 1456 2252 τ.
1478 2216 1510 2253 λ,
1534 2230 1568 2252 o:
1586 2220 1733 2254 Observa
1752 2232 1826 2254 con-

967 2273 1144 2304 turbatoris
1167 2273 1341 2306 Philotimi
1363 2276 1524 2309 rationem
1548 2289 1647 2320 quam
1669 2281 1826 2312 maxime.

966 2325 1068 2357 Tecte
1091 2326 1265 2358 Philotimi
1288 2328 1438 2361 fraudem
1466 2329 1662 2377 φιλοτιμίας
1691 2334 1826 2365 nomine

964 2381 1096 2420 indicat,
1119 2388 1156 2414 ut
1179 2384 1259 2415 VH.
1283 2386 1311 2422 1,
1335 2387 1363 2417 1.

1007 2435 1195 2469 Precianam
1217 2439 1434 2472 hereditatem.
1457 2440 1506 2473 Cf.
1528 2442 1621 2474 Fam.
1636 2443 1734 2475 XIV.
1751 2446 1778 2482 5,
1795 2445 1824 2476 2.

966 2488 1036 2520 Att.
1060 2490 1140 2521 VII.
1165 2492 1192 2528 1,
1217 2492 1245 2522 9.

1008 2543 1111 2575 Dices.
1136 2560 1149 2571 u
1161 2545 1353 2585 Philotimo,
1377 2549 1404 2579 si
1427 2559 1461 2581 56
1480 2549 1665 2583 immiscere
1681 2553 1824 2584 voluerit

966 2596 1145 2628 Precianae
1166 2598 1355 2631 hereditatis
1378 2603 1546 2642 negotio.''
1568 2603 1702 2636 Schutz.

1009 2650 1026 2689 ξ
1049 2651 1078 2680 3.
1100 2650 1149 2680 Ex
1171 2651 1235 2682 tuis
1255 2653 1370 2692 literis,
1393 2665 1460 2686 non
1484 2657 1525 2686 ab
1553 2657 1687 2695 Acasto,
1718 2660 1774 2690 sed
1804 2670 1822 2690 a

966 2701 1108 2735 Xenone
1130 2705 1211 2737 mihi
1233 2708 1377 2739 redditis.
1401 2709 1478 2740 Vid.
1502 2710 1583 2741 VII.
1607 2712 1634 2748 1,
1659 2712 1687 2743 1.

1011 2752 1145 2800 ἐπέχειν
1167 2759 1197 2787 te
1219 2758 1382 2791 scribebas.
1406 2760 1454 2792 Cf.
1478 2771 1527 2802 ep.
1551 2762 1578 2800 6,
1603 2764 1621 2793 3
1643 2763 1676 2794 h.
1699 2764 1720 2795 1.

1007 2799 1192 2847 Ἀθέτησις
1214 2829 1254 2833 -
1283 2811 1446 2843 videbatur
1474 2823 1508 2844 o:
1537 2814 1596 2846 illa
1626 2816 1752 2848 ratione
1786 2823 1821 2847 tu

966 2865 1049 2895 mihi
1069 2865 1152 2896 illud
1173 2867 1279 2907 magis
1301 2867 1495 2908 improbare,
1525 2879 1625 2910 quam
1651 2882 1822 2903 assensum

966 2917 1119 2949 cohibere
1139 2919 1313 2951 videbaris.

1013 2965 1144 3015 Τούμὸν
1173 2966 1300 3017 ὄνειρον
1330 2970 1418 3018 ἐμοί,
1436 2985 1546 3007 meum
1561 2976 1643 3007 mihi
1658 2977 1825 3010 somnium

968 3035 1003 3056 o:
1027 3035 1097 3057 rem
1120 3029 1285 3066 narrabas,
1310 3039 1410 3070 quam
1432 3041 1531 3063 nemo
1553 3042 1606 3063 me
1628 3033 1746 3065 melius
1765 3044 1823 3065 no-

971 3079 1024 3117 vit,
1048 3081 1212 3119 narrabas,
1236 3084 1325 3122 quod
1346 3084 1415 3124 ipse
1436 3085 1668 3125 cogitaveram.

1011 3132 1052 3163 Te
1082 3134 1237 3175 accepisse
1266 3154 1308 3159 —
1340 3136 1511 3177 epistolam,
1540 3149 1623 3180 quae
1652 3145 1700 3173 est
1727 3141 1824 3173 huius

967 3185 1043 3216 libri
1066 3191 1169 3219 sexta.
