2117 3533
270 175 355 215 278
667 172 750 212 ΕΡ.
785 172 861 212 AD
894 171 940 211 T.
974 169 1324 211 POMPONIUM
1358 170 1622 211 ATTIOUM.

267 306 442 353 νιάτου
489 302 898 364 τυραννοκτόνου.
948 298 1156 347 δέδοικα
1212 298 1289 360 δή,
1339 304 1456 363 μήτι
1509 303 1706 364 νοήσῃς·
1754 298 1825 355 εἰς
1868 297 2021 357 δήπου

267 382 410 423 τοῦτο
460 375 518 432 δὴ
560 376 980 438 περισκεψάμενος
1036 375 1100 420 τα
1143 375 1290 421 λοιπά
1349 375 1701 434 ἐξασφαλισαι.
1775 378 1871 419 Non
1922 393 2023 433 queo

267 457 438 503 tantum,
474 455 669 506 quantum
702 466 852 497 vereor,
888 450 1069 492 scribere.
1102 451 1163 491 Tu
1197 455 1331 492 autem
1365 451 1426 492 fac
1459 454 1506 491 ut
1537 450 1638 491 mihi
1670 455 1763 492 tuae
1795 451 1934 491 literae
1956 465 2021 491 vo-

266 526 351 565 lent
383 523 533 565 obviae.
567 524 679 564 Haec
712 523 906 565 festinans
939 523 1080 578 scripsi
1112 523 1156 563 in
1178 523 1322 564 itinere
1348 527 1467 578 atque
1494 523 1667 578 agmine.
1702 523 1829 564 Piliae
1852 527 1892 564 et
1913 522 2022 577 puel-

266 597 325 638 lae
359 596 554 638 Caeciliae
588 596 827 639 bellissimae
862 597 1031 638 salutem
1065 595 1188 637 dices.

267 771 391 803 toniata
414 772 605 813 comparat).
650 771 762 804 Vereor
783 772 891 813 iyitnr,
914 774 949 803 ut
970 772 1118 804 senseris.
1166 778 1245 807 esse,
1260 770 1286 800 I.
1304 769 1342 800 F.
1355 767 1541 800 Gronovius
1558 767 1690 800 volebat
1704 767 1802 798 scribi
1815 764 2025 812 ἀλλογνοού·

264 824 347 855 Sane
376 824 474 861 velim,
503 825 560 855 hoe
588 825 673 855 solus
701 826 842 865 esplores
870 828 900 856 et
929 825 1050 867 reliqua
1083 825 1117 856 in
1166 833 1276 868 μενος,
1301 832 1365 863 quo
1381 817 1580 853 indicatur-b
1608 822 1848 865 παραφρονῶν.
1872 819 1937 852 Sed
1951 820 2026 853 Vide

264 880 333 908 tuto
348 887 460 917 pona&
484 877 533 908 De
556 887 590 908 re
612 877 653 908 cf.
676 878 718 908 V.
742 879 770 915 8,
795 879 814 909 2
836 885 868 910 et
890 879 952 909 VI.
977 880 1004 916 5,
1029 879 1045 908 1
1071 888 1118 918 sq.
1168 879 1312 911 Lobeck.
1336 879 1377 910 ad
1399 878 1524 919 Phryn.
1547 889 1577 919 p.
1601 877 1661 908 566
1684 887 1754 918 sqq.

266 929 331 959 Pro
369 926 626 974 ἀλογευὸμενος,
658 930 745 971 quod
783 931 926 970 negabat
959 929 1121 961 Graecum

898 1050 944 1091 V.
1011 1050 1077 1103 (A.
1119 1050 1163 1090 U.
1201 1051 1243 1090 C.
1282 1049 1399 1104 704.)

329 1166 368 1204 1.
403 1163 524 1203 Nunc
559 1163 720 1217 quidem
754 1163 931 1218 profecto
965 1164 1114 1205 Romae
1147 1178 1202 1214 οε,
1238 1179 1318 1219 quo
1350 1168 1405 1215 te,
1441 1164 1474 1205 si
1508 1164 1565 1205 ita
1594 1168 1667 1214 est,
1695 1163 1849 1204 salvum
1872 1163 2026 1205 venisse

263 1237 432 1293 gaudeo,
466 1236 574 1278 unde
609 1237 770 1291 quidem
805 1237 999 1292 quamdiu
1033 1237 1185 1287 afuisti,
1221 1237 1348 1291 magis
1383 1253 1405 1278 a
1437 1252 1500 1277 me
1523 1236 1659 1277 abesse
1684 1235 1886 1287 videbare,
1906 1251 2025 1290 quam

264 1312 297 1352 si
331 1310 439 1351 domi
472 1325 598 1362 esses;
634 1311 767 1352 minus
801 1312 907 1352 enim
941 1311 1042 1352 mihi
1074 1326 1184 1352 meae
1218 1315 1336 1351 notae
1369 1326 1430 1351 res
1464 1314 1591 1360 erant,
1636 1309 1769 1350 minus
1803 1310 1923 1351 etiam
1956 1325 2028 1366 pu-

229 1403 243 1426 5
264 1385 405 1426 blicae.
455 1385 588 1436 Quare
622 1385 755 1436 velim,
791 1386 880 1436 etsi,
915 1389 962 1426 ut
995 1400 1123 1440 spero,
1158 1389 1197 1425 te
1231 1385 1328 1425 haec
1362 1384 1519 1438 legente
1553 1383 1805 1438 aliquantum
1838 1382 1864 1425 †
1891 1386 2026 1424 tamen

212 1774 245 1799 10

264 1458 349 1499 viae
383 1472 622 1512 processero,
667 1462 802 1499 tamen
847 1457 1006 1499 obviam
1050 1458 1150 1498 mihi
1190 1457 1326 1499 literas
1370 1472 1490 1512 quam
1535 1456 1811 1511 argutissimas
1854 1454 1903 1496 de
1947 1470 2027 1496 om-

263 1530 383 1571 nibus
415 1529 534 1571 rebus
569 1530 705 1572 crebro
747 1531 898 1582 mittas,
947 1530 1144 1586 imprimis
1186 1530 1234 1571 de
1280 1545 1358 1584 quo
1403 1530 1544 1585 scripsi
1586 1529 1635 1570 ad
1676 1534 1716 1570 te
1759 1533 1896 1570 antea:
1942 1531 2029 1581 τῆς

263 1600 509 1661 ξυναόρου
543 1607 630 1656 τῆς
665 1600 787 1660 ἐμῆς
820 1599 1159 1661 οὑξελεύθερος
1201 1596 1343 1654 ἔδοξέ
1377 1616 1469 1658 μοι
1511 1599 1662 1659 θαμά
1702 1597 2030 1659 βατταρίζων

264 1673 353 1718 καὶ
386 1673 550 1719 ἀλύων
582 1680 690 1726 τοῖς
724 1672 950 1734 ξυλλόγοι
956 1690 984 1726 ς
1008 1673 1097 1717 καὶ
1120 1679 1237 1726 ταῖς
1258 1671 1473 1733 λέσχαις
1496 1671 1590 1717 ὑπό
1616 1690 1664 1715 τι
1688 1671 2028 1731 πεφυρακέναι

266 1747 356 1800 τοὶς
392 1748 589 1805 ψήφους
624 1746 678 1792 ἐν
710 1752 819 1798 τοῖς
852 1744 1137 1806 ὑπάρχουσι
1170 1752 1278 1798 τοῖς
1312 1749 1396 1789 τοῦ
1435 1744 1800 1805 Κροτωνιάτου.
1865 1748 1905 1785 2.
1940 1745 2029 1786 Hoc

265 1827 311 1863 tu
345 1822 506 1877 indaga,
543 1827 589 1863 ut
624 1821 746 1872 soles3
791 1825 852 1862 ast
886 1820 960 1862 hoc
994 1821 1141 1875 magis:
1190 1818 1241 1872 ἐξ
1274 1816 1461 1870 ἄστεως
1496 1816 1776 1875 ἑπταλόφου
1811 1818 2030 1875 στειχῶν

308 1994 324 2022 5
348 1992 547 2034 aliquantum
574 1990 645 2022 viae
665 2008 705 2013 -
728 1991 763 2023 11
792 1993 915 2037 τειχῶν
946 2009 984 2013 -

309 2156 326 2194 ξ
351 2156 377 2185 l.
411 2153 514 2193 Maqzs
537 2165 556 2184 ιι
586 2164 630 2184 me
659 2155 766 2186 abesse
796 2155 949 2192 videbare,
981 2166 1068 2196 quam
1098 2157 1145 2186 sa*

265 2206 346 2237 tlomi
375 2216 459 2237 esses
490 2216 523 2236 o:
554 2207 705 2247 quamvis
736 2208 769 2238 in
800 2205 936 2239 Graecia
966 2208 1076 2239 minus
1107 2200 1145 2253 a}

270 2259 384 2290 Cilicia
420 2259 558 2296 abesses,
589 2269 687 2299 quam
718 2260 850 2297 Romae,
883 2265 992 2291 tamen
1023 2271 1145 2301 quum,

268 2314 375 2344 minus
398 2314 502 2344 multa
526 2315 565 2344 de
583 2314 678 2344 rebus
694 2315 828 2345 urbanis
849 2325 891 2346 ex
907 2322 937 2346 te
953 2325 1126 2355 cognosce-

267 2378 344 2404 rem,
367 2368 473 2407 magis
496 2368 608 2398 abesse
632 2368 793 2399 videbare.
824 2369 1000 2409 Per-peram
1015 2370 1126 2400 Klotz.

268 2421 394 2451 videbar
417 2425 600 2451 correctum
622 2421 763 2452 volebat.

310 2473 510 2513 Aliquantum
543 2475 646 2503 tamen
676 2474 745 2503 viae
778 2484 974 2514 processero.
1012 2475 1148 2508 Iunium

268 2533 300 2557 et
323 2526 447 2565 Poplna
472 2528 575 2555 {semen
598 2526 668 2556 viae
691 2527 816 2558 librarii
840 2529 940 2559 errori
967 2528 1127 2559 tribuunt.

269 2579 391 2609 Lenior
421 2584 469 2609 est
493 2579 618 2609 medela
642 2580 669 2609 Ι.
699 2580 736 2610 F.
771 2580 931 2612 Gronovii
959 2582 1036 2623 aliq.
1066 2582 1125 2612 iam

271 2632 347 2668 sicce,
372 2632 457 2671 quod
481 2636 510 2662 et
534 2631 607 2662 aliis
631 2632 663 2662 in
689 2638 834 2664 mentem
857 2635 957 2665 venit.

312 2686 373 2721 τῆς
402 2680 565 2728 ξυναόρου
597 2695 631 2714 κ.
661 2696 689 2715 τ.
721 2682 753 2715 λ.
798 2686 924 2717 Uxoris
957 2697 1048 2718 meae
1088 2688 1126 2717 li-

271 2741 378 2770 bertus
402 2739 489 2769 visus
513 2745 559 2769 est
583 2739 673 2776 mihi,
693 2750 787 2780 saepe
806 2741 953 2777 garriens
970 2748 1002 2772 et
1017 2752 1126 2773 errans

271 2794 303 2822 in
328 2791 555 2822 conciliabulis
579 2796 608 2821 et
632 2792 771 2828 circulis,
793 2794 1035 2832 quodammodo
1053 2804 1127 2824 con-

271 2847 417 2878 turbasse
432 2845 573 2876 rationes
590 2846 622 2876 in
643 2846 734 2876 bonis
750 2847 897 2878 Milonis.
921 2848 969 2878 Cf.
986 2858 1034 2889 ep.
1050 2851 1078 2885 4,
1098 2851 1127 2879 3.

313 2899 330 2936 ξ
354 2898 383 2928 2.
405 2894 440 2936 ἐξ
463 2891 589 2933 ἄστεως
612 2909 644 2928 κ.
667 2908 699 2928 τ.
727 2894 744 2927 λ
784 2898 878 2936 Quae
903 2898 1017 2930 Cicero
1031 2901 1127 2940 scrip-

272 2951 311 2980 sit
336 2948 366 2981 ἐν
396 2947 581 2994 αἰνιγμοῖς,
606 2955 640 2980 ut
663 2950 729 2990 ipse
753 2950 798 2980 ait
820 2960 868 2990 ep.
892 2950 919 2987 7,
944 2952 970 2987 1,
995 2958 1024 2982 et
1044 2962 1127 2992 quae

273 3017 338 3036 non
362 3006 525 3037 intellecta
549 3016 566 3035 a
589 3006 703 3035 scribis
727 3006 842 3036 vitiose
864 3007 1024 3047 descripta
1037 3015 1124 3045 sunt,

273 3070 331 3091 nec
354 3061 450 3100 plene
473 3060 648 3090 emendare
672 3070 730 3090 nec
753 3060 850 3100 plane
874 3061 1040 3101 explicare
1056 3073 1126 3102 pos-

273 3126 352 3145 sum.
378 3116 415 3145 In
439 3115 555 3150 verbis,
579 3124 661 3154 quae
685 3115 828 3145 Orellius
850 3115 947 3151 dedit,
984 3116 1124 3155 primum

272 3167 405 3197 offendit
444 3162 479 3204 ἓξ
508 3161 634 3202 ἄστεως
660 3181 706 3185 -τ
744 3164 881 3210 τείχων,
921 3176 981 3196 nee
1012 3167 1126 3197 dubito

1169 2153 1250 2193 quin
1263 2151 1425 2183 Corradus
1441 2159 1528 2183 recte
1543 2151 1724 2183 emendarit
1737 2151 1901 2197 στείχων.
1926 2151 2028 2183 Verbi

1170 2201 1346 2250 neap-{dmm
1383 2205 1566 2236 subiectum
1600 2206 1813 2245 repetendum
1858 2214 1875 2235 e
1904 2214 2028 2244 praeee-

1169 2260 1260 2291 denti
1284 2257 1445 2289 sententia⁴
1476 2262 1523 2288 est
1556 2258 1617 2293 τῆς
1655 2253 1820 2300 ξυναόρου
1856 2259 1912 2294 τῆς
1947 2253 2030 2300 ε’μῆς

1170 2309 1424 2354 οὑξελεύὲὶερος,
1456 2311 1512 2342 sed
1535 2310 1698 2350 genitivos
1719 2311 1809 2354 μνῶν
1840 2324 1874 2328 ->
1897 2306 2031 2350 ὀφειλη-

1170 2363 1288 2410 μάτων
1318 2362 1513 2404 expediendi
1536 2362 1626 2392 viam
1648 2372 1714 2392 non
1739 2362 1884 2393 invenio.
1907 2361 2028 2403 Scripsi

1171 2428 1188 2449 e
1218 2419 1287 2449 cod.
1324 2416 1479 2447 Lambini
1525 2411 1693 2459 ὀφείλημα
1720 2417 1782 2460 τῷ.
1813 2415 2030 2446 Accusativos

1172 2467 1292 2502 ἑαυτόν
1322 2480 1357 2501 τε
1386 2465 1561 2511 ὀφείλοντα
1592 2474 1759 2508 corruptos
1790 2477 1860 2499 esse
1888 2467 2030 2499 ostendit

1172 2523 1395 2555 nominativus
1429 2517 1699 2565 κληρονομήσας.
1732 2519 1911 2550 Manifesto
1940 2518 2028 2550 enim

1171 2584 1349 2619 utrumque
1372 2576 1581 2618 participium
1604 2575 1811 2606 referendum
1835 2579 1883 2605 est
1905 2574 1945 2604 ad
1957 2573 2028 2605 sub-

1172 2631 1292 2662 iectum
1315 2630 1406 2661 verbi
1429 2624 1637 2673 παρέὸωκεν.
1666 2627 1756 2666 Ergo
1779 2626 2026 2666 corrigendum:

1173 2679 1275 2720 αὐτὸς
1302 2693 1337 2715 τε
1368 2678 1525 2726 ὀφείλων.
1549 2681 1615 2712 Pro
1640 2676 1896 2717 διαλύσασθαι,
1912 2677 2028 2719 quiin-

1172 2736 1321 2767 finitivus
1344 2746 1411 2766 non
1435 2738 1541 2774 potest
1564 2743 1582 2763 a
1605 2743 1635 2763 v.
1658 2728 1852 2778 παρέδωκεν
1877 2731 2028 2771 pendere,

1174 2793 1310 2824 verbum
1333 2793 1463 2823 finitum
1486 2791 1670 2831 requiritur,
1694 2790 1781 2830 quod
1801 2788 2026 2820 extricandum

1174 2855 1191 2876 e
1214 2845 1372 2885 scriptura
1394 2845 1483 2875 Med.
1508 2840 1774 2878 ὃιευλυτῆσθαι.
1808 2841 1895 2873 Satis
1917 2845 2027 2881 aptum

1174 2902 1233 2932 erit
1256 2897 1458 2933 ὃιελύσατοε
1482 2910 1559 2931 nam
1581 2899 1719 2930 verbum
1734 2898 1880 2930 medium
1895 2896 2029 2937 ponitur

1173 2959 1213 2989 de
1236 2968 1283 2995 eo,
1307 2958 1364 2998 qui
1386 2957 1535 2988 debitum
1549 2965 1644 2986 suum
1659 2954 1768 2985 solvit.
1792 2952 1843 2985 Cf.
1859 2951 2026 2983 Demosth.

1174 3011 1245 3041 adv.
1269 3010 1365 3042 Onet.
1388 3011 1415 3041 Ι.
1439 3010 1457 3049 ξ
1481 3010 1529 3040 12.
1555 3008 1620 3046 Qui
1644 3008 1790 3048 sequitur
1812 3006 1904 3036 infin.
1919 3014 1946 3035 c.
1962 3013 2026 3035 acc.

1174 3065 1293 3104 pendet
1315 3065 1356 3094 ab
1384 3064 1505 3094 omisso
1534 3062 1636 3093 verbo
1665 3061 1804 3096 dicendi,
1833 3059 1889 3090 sed
1918 3058 2026 3088 'Timo-

1175 3118 1268 3149 theus
1292 3118 1348 3148 ille
1371 3128 1437 3147 non
1461 3117 1592 3147 videtur
1622 3115 1721 3145 fuisse
1750 3114 1886 3144 libertus
1918 3111 2025 3142 Philo-

1148 3193 1150 3195 >
1175 3171 1257 3207 timi,
1281 3172 1335 3202 sed
1365 3170 1511 3206 Milonis,
1542 3169 1574 3199 in
1605 3178 1703 3208 quem
1733 3166 1929 3197 ‚Philotimus
1957 3164 2023 3196 eul-
