2117 3533
767 135 874 176 LIB.
909 136 944 177 Ι.

979 134 1062 176 ΕΡ.
1101 137 1140 176 1.
1811 139 1830 178 7

75 272 208 324 rebus,
244 287 341 327 quas
374 287 465 314 eum
499 272 589 312 dolo
622 271 725 312 malo
759 271 957 326 mancipio
992 270 1189 326 accepisse
1223 270 1271 312 de
1294 271 1414 313 Vario
1435 272 1598 314 diceret.
1633 273 1725 314 Una
1745 288 1834 327 age-

76 344 174 386 bant
206 345 326 386 ceteri
359 344 584 396 creditores,
628 344 671 385 in
705 343 850 399 quibus
884 349 968 385 erat
1000 344 1194 385 Lucullus
1228 348 1267 385 et
1300 345 1348 385 P.
1383 346 1517 401 Scipio
1550 350 1590 387 et
1622 346 1669 397 is,
1716 362 1833 400 quem

74 417 272 473 putabant
304 417 539 471 magistrum
572 417 667 468 fore,
703 417 736 457 si
769 416 874 457 bona
906 417 1102 467 venirent,
1136 417 1185 458 L.
1220 417 1403 458 Pontius.
1446 419 1598 459 Verum
1631 418 1706 460 1106
1740 419 1835 460 1·1(11-

76 490 210 531 culum
244 495 303 531 est
336 490 384 531 de
418 491 620 545 magistro.
655 491 776 531 Nunc
798 505 990 545 cognosce
1011 506 1107 531 rem.
1143 491 1315 545 Rogavit
1339 507 1401 532 me
1422 492 1634 543 Caecilius,
1659 497 1706 534 ut
1724 493 1834 533 ades-

75 579 156 604 sem
190 568 327 605 contra
360 564 548 605 Satrium.
583 564 678 605 Dies
712 564 791 604 fere
824 564 960 604 nullus
994 569 1066 614 651,
1103 564 1201 618 quin
1234 564 1299 604 1116
1335 565 1489 605 Satrius
1523 565 1686 606 domum
1706 582 1835 607 meam
1868 585 1883 608 5

75 636 264 688 ventitet3
310 637 492 678 observat
532 637 578 678 L.
620 637 844 678 Domitium
890 636 1071 687 maxime,
1119 651 1180 677 me
1221 636 1342 678 habet
1384 638 1631 692 proximum5
1677 640 1755 680 fuit
1797 644 1837 680 et

75 709 175 750 mihi
208 715 247 750 et
280 710 330 762 Q.
365 710 476 750 fratri
510 725 654 764 magno
687 710 779 750 usui
812 710 856 750 in
888 709 1035 750 nostris
1068 709 1346 764 petitionibus.
1402 712 1442 750 4.
1478 711 1580 751 Sane
1621 728 1710 753 sum
1750 728 1836 767 per-

74 783 259 824 turbatus
294 799 418 838 quum
451 784 577 839 ipsius
612 783 732 824 Satrii
765 782 1048 832 familiaritate,
1073 787 1161 822 tum
1185 782 1368 833 Domitii,
1393 783 1435 823 in
1460 798 1537 837 quo
1560 799 1641 825 uno
1664 786 1835 826 maxime

75 858 240 900 ambitio
273 863 407 899 nostra
439 859 597 899 nititur.
631 857 911 898 Demonstravi
944 857 1041 897 haec
1075 857 1269 907 Caecilio,
1306 857 1424 897 simul
1457 862 1497 897 et
1527 857 1629 897 illud
1664 857 1834 908 ostendi,

75 931 106 971 si
140 932 224 986 ipse
258 946 362 972 unus
396 947 485 972 cum
520 932 588 972 illo
621 947 702 972 11110
736 930 1008 980 contenderet,
1045 945 1105 969 me
1139 930 1175 970 ei
1209 929 1508 971 satisfacturiun
1541 930 1684 981 fuisse,
1726 945 1883 972 nuncio

74 1003 117 1044 in
151 1018 269 1044 causa
301 1005 577 1045 universorum
611 1004 865 1053 creditorum,
899 1003 1108 1043 hominum
1132 1002 1363 1058 praesertim
1388 1002 1736 1057 amplissimorum,
1767 1002 1837 1057 qui

116 1173 136 1202 4
158 1171 196 1202 de
217 1172 364 1211 massistro
387 1182 470 1203 moze
491 1183 681 1214 coynoseere.

77 1312 184 1342 adnot.
208 1312 390 1342 Schrader-i.
415 1331 454 1334 ᾖ
480 1313 515 1342 [11
546 1312 786 1342 constructione
818 1312 928 1342 verbo-

77 1374 148 1394 rum
170 1365 231 1395 hoc
262 1366 597 1401 animadveiteiulum,
622 1364 814 1395 Ciceronem
839 1374 934 1394 usum

76 1420 216 1459 quadam
251 1420 441 1450 attractione
476 1420 641 1460 scripsisse
672 1430 750 1460 quas
780 1438 821 1441 —
848 1428 933 1449 acce-

70 1473 158 1513 pisse
178 1492 218 1496 —
233 1473 350 1504 diceret
373 1485 446 1514 pro:
464 1483 540 1514 quas
555 1473 735 1512 (lacessisset,
751 1475 785 1502 ut
800 1472 933 1503 dicebat.
955 1496 957 1512 ,

120 1527 280 1557 Lucullus.
294 1527 500 1558 Praenomen
511 1526 596 1556 male
609 1526 708 1556 abest.
717 1526 816 1556 Recte
825 1530 933 1555 autem

76 1582 226 1613 observat
240 1580 408 1611 Manutius
424 1589 492 1610 esse
508 1579 596 1609 hunc
612 1579 658 1609 M.
673 1578 859 1614 Lucullum,
873 1577 932 1607 fra-

75 1641 158 1667 trem
179 1635 284 1672 Lucii,
308 1639 377 1664 tum
399 1633 543 1664 maxime
567 1633 600 1663 in
625 1633 713 1663 bello
729 1632 867 1663 Pontico
883 1642 933 1663 oc-

75 1689 192 1730 cupati.

116 1742 314 1783 Maqistrum.
338 1741 515 1782 Postquam
539 1741 625 1771 bona
653 1740 809 1772 debitoris
839 1740 933 1770 obae-

77 1797 137 1827 rati
158 1806 216 1837 per
237 1796 306 1827 dies
330 1796 494 1835 legitimos
517 1800 609 1825 erant
630 1795 817 1835 proscripta,
845 1803 932 1834 prae-

76 1856 127 1881 tor
140 1849 271 1880 iubebat
286 1848 461 1879 creditores
477 1858 581 1878 unum
595 1847 745 1888 pluresve
758 1846 931 1886 magistros

78 1903 171 1934 bonis
193 1902 374 1933 vendendis
400 1911 519 1933 creare.
542 1901 619 1931 Vid.
636 1900 749 1939 Quint.
768 1901 816 1930 15.
838 1899 931 1930 Fam.

77 1957 157 1988 XII.
181 1957 229 1993 30,
254 1958 281 1986 5.
304 1955 375 1986 Gai.
398 1956 461 1986 ΠΙ.
485 1955 533 1987 79.
570 1954 618 1986 Cf.
641 1953 728 1985 Guil.
750 1954 845 1990 Rein,
875 1954 932 1984 das

77 2012 158 2042 rom.
181 2009 394 2046 Privatrecht‚
417 2019 447 2049 p.
471 2009 540 2039 500.

126 2063 234 2094 Verum
257 2063 314 2093 lcoc
336 2062 501 2093 ridicalum
525 2064 571 2093 esf
594 2062 633 2092 {le
656 2061 813 2102 nmqislro.
842 2061 934 2092 Nune

78 2127 226 2158 coquosce
247 2126 319 2146 rem.
362 2116 440 2146 Una
467 2116 561 2146 litera
591 2115 715 2146 adiecta
743 2120 774 2147 et
803 2115 933 2146 distinc-

77 2172 167 2203 tione
188 2174 311 2201 mutata
339 2179 436 2209 grave
466 2169 622 2199 mendum
651 2167 780 2198 sustulit
808 2168 934 2198 Madvi-

79 2224 151 2263 gius
174 2223 259 2262 apud
274 2221 559 2260 Wesenbergium,
574 2221 713 2250 Emend.
728 2230 758 2259 p.
777 2220 825 2250 69.
848 2220 935 2249 Nam

79 2277 114 2306 in
137 2275 270 2315 vulgata
292 2275 448 2314 scriptura
477 2272 585 2303 Verum
608 2273 665 2302 lcoe
691 2271 856 2302 ridiculum
889 2274 935 2301 est

81 2327 120 2359 de
143 2327 290 2368 maqislro
319 2336 401 2360 nemo
429 2335 611 2366 coynoscere
639 2330 838 2365 postremum
867 2334 935 2355 ver-

82 2383 159 2412 bum
180 2385 281 2411 totam
303 2379 479 2419 corrumpit
501 2378 705 2409 sententiam.
750 2378 783 2407 V
784 2378 862 2417 ulgo
878 2388 935 2416 sm-

81 2436 191 2466 tabant
220 2435 375 2465 Pontium
404 2433 596 2473 magistrum
625 2432 710 2468 fore:
741 2433 806 2467 sed,
837 2442 935 2472 quam

80 2489 135 2520 diu
158 2489 317 2519 incertum
339 2491 415 2523 erat,
430 2491 538 2530 utrum
562 2485 647 2515 bona
669 2485 763 2515 Varii
785 2485 935 2515 venirent

80 2552 193 2578 necne,
216 2542 255 2572 de
277 2540 434 2580 magistro
463 2538 662 2580 coynoscebat
691 2547 798 2569 nemo.
842 2538 888 2568 At
918 2547 934 2568 e
958 2541 961 2564 1

81 2596 243 2637 Madvigii
264 2595 463 2626 correctione
485 2593 595 2624 onmia
617 2597 684 2623 tam
706 2593 812 2633 plana,
828 2593 886 2622 vix
902 2597 936 2622 ut

81 2652 255 2691 interprete
278 2653 404 2689 egeant.
447 2648 487 2678 In
510 2647 618 2678 verbis
640 2656 741 2676 verum
771 2646 828 2676 hoc
856 2645 934 2674 rz'rli-

81 2705 180 2736 calum
212 2706 258 2734 est
280 2702 318 2733 de
340 2701 489 2742 mayz'stro
509 2701 590 2731 haec
604 2700 720 2730 ultima
733 2699 771 2730 de
787 2699 935 2739 mayz‘slro

79 2756 316 2799 perspicuitatis
338 2765 434 2785 causa
463 2755 626 2784 adduntur
652 2757 725 2793 post
754 2752 819 2788 hoe,
849 2753 936 2792 quod

81 2821 147 2841 non
173 2809 278 2849 friget,
301 2812 336 2838 ut
358 2807 465 2837 visum
486 2806 634 2836 Ernesto.
679 2805 935 2845 IVesenbergius

81 2864 126 2894 l.l.
150 2862 273 2893 similes
296 2860 515 2901 appositiones
538 2859 630 2889 affert
652 2868 693 2889 ex
723 2859 814 2899 epist.
842 2858 935 2888 Fam.

81 2918 179 2954 VIII,
202 2918 251 2953 10,
273 2918 294 2946 4
315 2914 406 2945 Illud
430 2914 514 2945 addo
538 2932 579 2936 —
599 2913 638 2944 de
665 2924 742 2954 (cyro
773 2913 936 2952 Campano,
959 2945 960 2952 ἵ

82 2972 159 3002 ibid.
184 2971 232 3007 11,
256 2971 284 3000 3.
307 2969 377 3000 Att.
400 2969 442 2998 V.
466 2969 514 3005 21,
532 2969 559 2998 5.
580 2967 621 3006 Q.
637 2967 674 2998 fr.
690 2968 734 2998 ΙΙ.
752 2968 778 3003 6,
797 2967 824 2997 0.
847 2967 935 2997 Illud

83 3030 190 3056 autem
212 3024 301 3054 Nunc
323 3032 469 3062 coynosee
490 3032 562 3059 rem,
586 3023 625 3052 de
647 3032 711 3062 qua
732 3021 786 3052 abs
809 3023 839 3051 te
862 3021 936 3051 milti

83 3078 200 3118 iynosez'
216 3077 369 3118 pervelim
392 3076 532 3117 ponitur,
561 3075 637 3116 quia
665 3075 801 3116 scriptor
829 3085 868 3106 eo
891 3085 936 3105 re-

82 3132 138 3168 dit,
161 3131 247 3162 unde
269 3130 467 3161 discesserat.
514 3128 723 3169 Compar-avit
743 3128 937 3159 1116566061·-

980 1313 1052 1351 gius·
1077 1321 1118 1343 ex
1141 1313 1191 1342 his
1215 1313 1306 1352 epist.
1333 1312 1391 1342 IV.
1417 1312 1464 1347 15,
1488 1313 1516 1341 4.
1542 1310 1583 1340 V.
1608 1311 1656 1348 20,
1683 1312 1709 1341 l.
1741 1310 1838 1341 XVI.

981 1367 1007 1402 6,
1032 1368 1060 1396 4.
1085 1366 1125 1404 Q.
1149 1366 1186 1397 fr.
1217 1367 1261 1397 H.
1287 1367 1333 1402 13,
1359 1367 1386 1396 1.
1416 1365 1508 1396 Fam.
1539 1366 1565 1395 Ι.
1597 1366 1624 1402 9,
1655 1366 1703 1395 20.
1741 1365 1839 1396 Adde

980 1420 1049 1450 Att.
1074 1421 1115 1450 V.
1140 1421 1188 1456 21,
1213 1421 1252 1450 10
1274 1420 1366 1450 Nunc
1389 1428 1537 1460 eoynosee
1566 1418 1605 1449 de
1634 1418 1745 1449 Bruto.
1778 1419 1838 1448 VI.

980 1474 1007 1509 2,
1033 1476 1071 1505 10
1096 1474 1249 1514 (byllosce
1272 1483 1353 1503 nunc
1374 1474 1489 1503 cetera.

1025 1527 1174 1558 observat
1203 1526 1236 1556 L.
1272 1525 1440 1555 Domitium
1471 1524 1613 1555 mai-inm.
1658 1523 1840 1555 Observare

980 1582 1122 1622 aliquem
1152 1585 1183 1611 et
1211 1580 1318 1610 colere
1348 1579 1491 1619 aliquem
1521 1578 1615 1608 nullo
1651 1578 1840 1608 discrimine

979 1635 1140 1665 dicuntur.
1177 1632 1225 1663 Cf.
1252 1632 1364 1662 Planc.
1387 1633 1436 1667 45,
1460 1640 1559 1671 quare
1582 1640 1677 1671 saepe
1700 1630 1839 1670 iungun—

980 1692 1040 1723 tur,
1064 1691 1099 1717 ut
1120 1686 1212 1716 Fam.
1237 1685 1297 1722 IV,
1322 1686 1339 1715 3
1363 1688 1443 1715 extr.
1469 1688 1500 1714 et
1522 1683 1583 1714 VI.
1608 1684 1655 1720 10,
1674 1684 1702 1714 2.
1727 1683 1761 1712 L.
1780 1682 1839 1713 Do-

981 1739 1086 1770 mitius
1107 1738 1358 1773 Ahenobarbus,
1382 1737 1437 1777 qui
1460 1741 1572 1776 postea
1594 1736 1743 1767 urbanam
1765 1746 1839 1776 qra-

981 1794 1056 1824 tiam
1087 1793 1228 1824 iactabat
1259 1792 1365 1827 (Caes.
1390 1792 1428 1822 Β.
1453 1790 1488 1822 C.
1512 1792 1574 1821 ΠΙ.
1599 1792 1663 1831 83),
1687 1792 1840 1822 110616111-

980 1857 1057 1887 pore
1080 1847 1269 1876 adolescens
1292 1845 1357 1875 iam
1381 1844 1485 1884 gratia
1507 1845 1592 1884 apud
1614 1844 1772 1884 populum
1786 1843 1840 1874 flo-

980 1901 1081 1931 ruisse
1105 1900 1241 1930 videtur.

1022 1955 1040 1994 §
1055 1955 1083 1984 4.
1104 1953 1337 1984 Familiaritate
1352 1963 1385 1983 o:
1402 1952 1444 1982 ob
1459 1952 1730 1988 familiaritatem;
1745 1961 1842 1992 quem

979 2019 1074 2040 usum
1097 2008 1231 2039 ablativi
1254 2007 1404 2038 Ciceroni
1427 2012 1513 2038 recte
1534 2006 1713 2037 vindicavit
1728 2006 1839 2036 Madv.

980 2064 1020 2093 ad
1042 2063 1116 2093 Fin.
1140 2073 1170 2102 p.
1195 2061 1243 2093 73.
1268 2060 1316 2092 Cf.
1339 2061 1478 2101 Reisigii
1501 2060 1611 2091 Schol.
1635 2071 1665 2101 p.
1689 2060 1758 2092 701.

1023 2116 1062 2146 In
1084 2126 1141 2157 quo
1163 2134 1204 2137 —
1226 2115 1350 2145 militur.
1373 2115 1559 2155 Aliquoties
1576 2113 1690 2145 Cicero
1704 2114 1841 2144 verbum

981 2169 1041 2200 niti·
1064 2179 1138 2199 cum
1160 2178 1306 2209 praepos.
1330 2167 1362 2197 in.
1385 2168 1566 2198 coniunxit.
1591 2168 1668 2198 Vid.
1685 2166 1774 2199 Cael.
1791 2168 1840 2198 25.

982 2223 1054 2253 Mil.
1079 2223 1126 2252 19.
1152 2222 1264 2252 Somn.
1289 2221 1375 2261 Scip.
1399 2222 1427 2251 2.

1024 2276 1158 2305 Ambitio
1181 2280 1227 2306 est
1250 2275 1387 2305 honesta
1407 2275 1542 2304 honoris
1564 2274 1688 2315 petitio.
1712 2273 1760 2304 Cf.
1777 2273 1840 2305 Off.

983 2330 1008 2359 Ι.
1033 2330 1081 2364 25,
1104 2328 1161 2358 ubi
1183 2327 1309 2357 ambitio
1333 2327 1541 2367 honorumque
1564 2327 1722 2358 contentio
1745 2337 1839 2368 copu-

983 2382 1099 2411 lantur.

1024 2434 1121 2464 Simul
1143 2436 1184 2464 el.
1222 2433 1414 2465 Ciceronem
1437 2436 1467 2464 et
1490 2434 1635 2474 posuisse
1658 2444 1716 2474 pro
1744 2434 1839 2464 etiam

982 2488 1104 2529 primus
1140 2487 1273 2526 negavit
1308 2487 1408 2517 Laur.
1439 2487 1547 2523 Valla,
1585 2488 1679 2527 Eleg.
1716 2488 1760 2517 II.
1791 2489 1839 2524 58,

981 2552 1078 2582 quem
1101 2541 1196 2571 multi
1217 2541 1317 2571 secuti
1340 2546 1423 2571 sunt.
1447 2540 1493 2571 At
1515 2540 1666 2571 Handius
1690 2541 1722 2571 in
1746 2541 1840 2571 Turs.

982 2595 1026 2625 II.
1049 2604 1078 2634 p.
1103 2594 1268 2624 499—524
1288 2593 1375 2623 hunc
1398 2603 1493 2623 usum
1516 2593 1629 2623 Tullio
1645 2594 1835 2630 vindicavit,

959 2684 960 2692 ἵ
981 2648 1037 2688 qui
1058 2654 1167 2678 tamen
1191 2647 1224 2677 in
1249 2657 1286 2678 eo
1310 2652 1394 2677 errat
1424 2648 1510 2687 quod
1540 2647 1715 2678 deteriores
1745 2657 1840 2688 saepe

982 2701 1138 2731 lectiones
1160 2711 1218 2740 pro
1240 2700 1325 2730 veris
1348 2700 1519 2740 amplexus
1543 2705 1599 2730 est.
1622 2700 1662 2730 In
1684 2700 1839 2740 epistolis,

981 2763 1063 2794 quae
1085 2753 1216 2793 propius
1239 2753 1356 2783 absunt
1379 2763 1397 2782 a
1418 2762 1568 2783 sermone
1591 2752 1755 2788 familiari,
1772 2763 1839 2784 non

982 2813 1029 2838 est
1042 2807 1295 2837 sollicitandum.
1317 2806 1416 2836 Simul
1432 2808 1462 2836 et
1478 2806 1641 2846 legiturin
1656 2806 1707 2836 his
1723 2806 1839 2846 Epistt.

984 2860 1025 2890 V.
1049 2860 1096 2895 21,
1119 2860 1149 2889 4.
1180 2859 1276 2889 VIII.
1301 2859 1348 2895 14,
1373 2860 1407 2895 23
1432 2858 1473 2896 Q.
1496 2858 1534 2889 fr.
1558 2859 1584 2888 Ι.
1614 2859 1640 2894 1,
1672 2860 1712 2889 31
1741 2863 1771 2889 et
1789 2861 1838 2890 43.

982 2913 1045 2942 III.
1068 2913 1096 2947 4,
1120 2912 1150 2941 4.
1173 2910 1221 2941 Cf.
1245 2911 1349 2942 Kritz.
1373 2912 1414 2941 ad
1436 2910 1503 2941 Sal.
1525 2911 1597 2950 Iug.
1622 2912 1670 2947 20,
1695 2912 1722 2941 1.

1025 2964 1217 3000 Perhiberel,
1248 2975 1280 2994 o:
1305 2965 1403 3001 daret,
1428 2964 1461 2995 in
1486 2964 1645 2994 iudiciuin
1667 2969 1841 3004 patronum

983 3019 1164 3049 adduceret.
1193 3017 1280 3048 Usus
1303 3018 1393 3048 verbi
1416 3028 1491 3047 cum
1520 3018 1648 3048 obiecto
1677 3019 1841 3058 personali

984 3071 1178 3102 insolentior
1199 3076 1255 3101 est.
1281 3071 1393 3111 Vulgo
1417 3071 1461 3101 sic
1484 3070 1602 3101 dicitur
1623 3070 1780 3102 adhibere.

1026 3125 1175 3156 Homines
1197 3125 1280 3156 belli.
1320 3125 1433 3156 Bellus
1456 3125 1555 3156 homo
1578 3126 1720 3157 mediam
1742 3137 1840 3166 quan-
