2117 3533
724 182 830 223 LIB.
866 182 940 222 VI.
975 181 1059 222 ΕΡ.
1098 183 1136 222 1.
1726 178 1810 217 255

56 320 170 362 Bruti
203 316 485 373 procurabant,
520 316 661 357 detuli.
695 316 783 356 Nec
816 316 923 356 enim
956 316 997 356 in
1031 314 1235 370 provincia
1268 330 1355 355 mea
1387 311 1709 368 negotiabantur.
1754 311 1816 351 Tu

57 397 188 434 autem
221 390 439 431 meministi
471 405 544 430 nos
577 389 634 430 sic
667 403 797 442 agere,
832 393 891 438 ut,
927 394 1024 442 quot
1057 388 1189 438 vellet,
1218 387 1486 442 praefecturas
1507 389 1694 435 sumeret,
1721 383 1814 424 dum

57 481 105 506 ne
138 462 392 518 negotiatori.
427 462 570 515 Itaque
604 461 704 501 duas
737 461 774 501 01
807 465 1011 515 praeterea
1044 460 1245 501 dederam.
1280 459 1356 500 Sed
1390 460 1433 509 ii,
1463 457 1609 513 quibus
1633 457 1816 512 petierat,

56 538 104 578 de
138 535 342 591 provincia
375 534 640 575 decesserant.
694 535 734 574 5.
769 535 891 574 Nunc
926 548 1119 588 cognosce
1166 533 1214 574 de
1255 533 1483 574 Salaminiis
1494 551 1504 583 ;
1551 530 1658 586 quod
1702 529 1818 570 video

55 608 132 650 tibi
165 607 285 648 etiam
318 620 465 647 novum
500 604 691 646 accidisse
724 609 918 658 tanquam
952 603 1066 644 mihi.
1102 605 1325 658 Nunquam
1359 603 1464 643 enim
1499 618 1547 643 ex
1579 603 1649 643 1110
1683 601 1819 643 audivi
1860 610 1873 634 5

57 681 166 721 illam
198 679 409 734 pecuniam
446 693 530 719 esse
565 693 692 718 suam.
725 678 837 729 Quin
870 677 991 718 etiam
1023 676 1207 717 libellum
1239 676 1368 731 ipsius
1400 675 1542 726 habeo,
1576 676 1618 717 in
1644 691 1722 730 quo
1745 680 1818 724 est,

64 781 84 803 ,s
96 751 303 794 Salaminii
336 751 547 806 pecuniam
582 750 731 791 debent
764 751 824 790 M.
859 750 1021 805 Scaptio
1055 755 1095 791 et
1116 750 1163 790 P.
1185 749 1374 799 Matinio,
1394 748 1657 789 familiaribus
1674 748 1820 789 meis.’'

58 827 138 868 Eos
170 825 271 866 1111111
303 824 570 874 commendat,
605 823 798 864 adscribit
831 824 953 864 etiam
988 829 1028 865 et
1077 823 1191 877 quasi
1232 823 1361 863 calcar
1402 822 1587 863 admovet
1631 822 1820 863 interces-

59 900 154 940 sisse
188 913 229 939 se
262 913 333 952 pro
366 898 416 938 iis
448 913 636 952 magnam
669 897 895 952 pecuniam.
940 896 1214 946 Confeceram,
1249 901 1296 937 ut
1337 895 1549 945 solverent,
1592 895 1821 936 centesimis

59 971 239 1013 sexennii
273 970 405 1012 ductis
439 986 530 1011 cum
564 971 820 1012 renovatione
855 971 1107 1025 singulorum
1140 985 1348 1011 annorum.
1398 971 1454 1010 At
1499 969 1683 1024 Scaptius
1727 984 1822 1022 qua-

56 1050 190 1086 ternas
224 1042 468 1099 postulabat.
515 1044 661 1094 Metui,
697 1044 731 1084 si
764 1044 1030 1098 impetrasset,
1064 1059 1114 1084 ne
1148 1047 1194 1084 111
1226 1042 1311 1098 ipse
1344 1058 1406 1083 me
1441 1057 1572 1083 amare
1605 1042 1821 1083 desineres.

57 1120 163 1161 Nam
199 1117 248 1159 ab
282 1117 415 1158 edicto
449 1132 536 1157 meo
570 1117 820 1158 recessissem
854 1122 894 1158 et
927 1117 1132 1158 civitatem
1165 1117 1208 1157 in
1243 1116 1408 1157 Catonis
1432 1121 1472 1157 et
1495 1117 1537 1157 in
1553 1115 1681 1171 ipsius
1704 1115 1823 1156 Bruti

57 1191 134 1232 fide
166 1191 337 1231 locata-in
369 1189 547 1244 meisque
581 1189 786 1230 beneficiis
821 1194 1001 1230 ornatam
1046 1189 1232 1230 funditus
1272 1188 1549 1244 perdidissem.
1601 1190 1643 1228 6.
1688 1191 1822 1243 Atque

58 1265 133 1305 hoc
165 1269 341 1318 tempore
375 1262 462 1317 ipso
495 1262 686 1318 impingit
719 1262 819 1303 1111111
853 1263 1062 1317 epistolam
1097 1263 1283 1317 Scaptius
1315 1263 1447 1312 Bruti,
1492 1277 1574 1303 rem
1608 1263 1717 1303 illam
1751 1278 1823 1303 suo

58 1336 235 1392 periculo
269 1351 354 1377 esse
390 1360 447 1365 —
482 1335 589 1389 quod
633 1351 706 1376 nec
749 1335 850 1376 mihi
892 1350 1072 1390 unquam
1118 1335 1271 1376 Brutus
1314 1335 1470 1375 dixerat
1513 1350 1587 1376 1100
1631 1334 1708 1376 tibi
1743 1353 1822 1385 -—;
1865 1359 1878 1383 r,

58 1409 192 1459 etiam,
226 1414 274 1450 ut
305 1408 598 1463 praefecturam
632 1409 794 1463 Scaptio
827 1408 1034 1449 deferrem.
1070 1408 1119 1449 Id
1153 1423 1245 1449 vero
1278 1423 1348 1462 per
1381 1412 1420 1448 te
1454 1422 1749 1462 exceperamus,
1773 1422 1823 1448 ne

58 1482 318 1537 negotiatori3
351 1481 458 1537 quod
492 1482 526 1523 si
559 1482 761 1536 cuiquam,
796 1481 892 1522 huic
933 1486 1069 1522 tamen
1113 1496 1208 1521 non.
1258 1481 1407 1521 Fuerat
1450 1481 1557 1521 enim
1600 1480 1824 1535 praefectus

58 1555 205 1610 Appio,
240 1559 280 1595 et
314 1553 476 1608 quidem
519 1553 716 1595 habuerat
758 1559 909 1595 turmas
953 1554 1149 1608 equitum,
1195 1552 1343 1608 quibus
1386 1552 1588 1594 inclusum
1630 1553 1673 1593 in
1714 1553 1825 1593 curia

59 1633 243 1668 senatum
277 1626 476 1668 Salamine
510 1626 733 1677 obsederat,
768 1632 815 1668 ut
849 1626 952 1668 fame
987 1632 1188 1668 senatores
1223 1626 1400 1681 quinque
1435 1632 1698 1667 morerentur.
1744 1627 1825 1668 Ita-

60 1714 136 1753 que
170 1715 256 1754 0110,
292 1715 370 1754 (1110
405 1700 469 1741 die
503 1700 750 1755 provinciam
790 1700 920 1754 tetigi,
967 1716 1092 1756 quum
1133 1700 1233 1741 mihi
1275 1699 1411 1755 Cyprii
1456 1700 1579 1754 legati
1618 1699 1825 1755 Ephesum

59 1771 216 1813 obviam
251 1773 469 1823 venissent,
503 1774 641 1814 literas
685 1773 790 1823 misi,
837 1778 883 1814 ut
926 1775 1081 1827 equites
1125 1789 1174 1814 ex
1214 1772 1348 1813 insula
1393 1773 1529 1813 statim
1572 1772 1824 1813 decederent.

60 1845 137 1885 His
171 1844 219 1885 de
254 1845 384 1886 causis
418 1846 536 1887 credo
571 1846 778 1901 Scaptium
811 1846 991 1901 iniquius
1026 1847 1073 1887 de
1107 1862 1170 1888 me
1205 1846 1358 1901 aliquid
1393 1846 1443 1886 ad
1484 1845 1658 1886 Brutum
1704 1845 1825 1900 scrip-

60 1921 165 1961 sisse.
202 1919 280 1962 Sed
313 1920 554 1962 tamen'hoc
589 1936 677 1961 sum
710 1920 863 1961 animo:
901 1921 933 1961 si
968 1921 1118 1962 Brutus
1152 1919 1315 1975 putabit
1347 1935 1410 1960 me
1445 1923 1658 1973 quaternas
1693 1924 1825 1960 cente-

101 2096 118 2126 5
141 2097 215 2133 tam,
237 2106 327 2136 qnam
351 2094 426 2125 mihi
453 2113 493 2117 —-

59 2267 110 2298 cia
130 2276 200 2298 rem
222 2267 319 2298 Bruti
341 2267 546 2308 procurabat,
570 2265 719 2296 diversus
743 2271 791 2296 est
820 2275 839 2296 a
870 2266 918 2297 M.

60 2320 191 2362 Scaptio
214 2321 281 2358 illo,
305 2321 362 2361 qui
392 2320 591 2351 Salaminios
621 2324 767 2350 vexarat.
809 2320 919 2350 Alteri

61 2374 177 2406 Cicero
199 2374 434 2415 praefecturam
457 2374 586 2411 det-ulit,
611 2374 706 2404 alteri
728 2374 761 2404 in
777 2384 835 2404 sua
849 2384 919 2415 pro-

61 2429 171 2459 vincia
192 2428 377 2468 negotianti
399 2428 544 2468 negavit.
575 2427 623 2458 Cf.
654 2427 717 2457 VI.
747 2429 774 2463 3,
807 2430 834 2458 5.
872 2428 919 2458 De

64 2480 162 2511 Gavio
183 2480 262 2511 ibid.
287 2481 314 2511 6.

103 2534 122 2573 ξ
150 2535 178 2564 5.
214 2533 281 2563 Tibi
309 2533 403 2564 etiam
433 2544 541 2564 novum
571 2533 734 2570 accidisse,
771 2535 917 2574 {anquam

62 2586 148 2618 mihi.
188 2586 345 2628 Tanquam
378 2588 413 2618 in
450 2587 641 2618 huiusmodi
675 2587 920 2627 comparatione

63 2640 237 2671 offensioni
260 2641 323 2672 fuit
347 2646 379 2672 et
415 2641 568 2678 Ernesto,
591 2641 649 2682 qui
671 2641 728 2671 libi
749 2643 813 2672 lam
836 2651 866 2672 w.
890 2651 920 2671 a.

61 2703 151 2733 quam
174 2692 249 2722 mihi
272 2698 452 2724 correctum
475 2693 618 2730 volebat,
642 2697 672 2724 et
697 2692 833 2730 Orellio,
866 2693 921 2733 qui

62 2745 225 2776 disiunete
257 2745 309 2775 edi
339 2745 465 2775 curavit
487 2763 529 2767 —
550 2744 702 2775 accidisse
729 2747 803 2782 tam,
831 2756 921 2786 quam

62 2796 148 2827 mihi.
181 2797 254 2837 Ego
277 2797 439 2837 Madvigii
464 2797 623 2827 iudicimn
645 2806 774 2837 sequor,
797 2798 853 2838 qui
887 2798 920 2828 in

63 2849 124 2891 Op.
152 2851 258 2881 Acad.
286 2851 313 2881 I.
342 2861 373 2891 p.
405 2851 468 2880 494
500 2860 543 2881 ex
574 2850 635 2881 hoc
664 2860 726 2880 usu
761 2851 920 2881 librorum

63 2905 255 2945 scripturam
278 2905 312 2935 in
337 2904 487 2935 Sestiana
511 2905 528 2944 ξ
553 2905 613 2935 120
635 2905 791 2936 defendit..

110 2957 329 2989 luta-cessisse
351 2968 385 2989 Se
400 2958 462 2998 [iro
483 2958 524 2988 its
546 2969 687 2999 mafflzam
704 2958 870 2998 pecuniam
888 2968 920 2989 οε

64 3023 98 3044 se
121 3023 312 3053 sponsorem
341 3013 561 3044 intervenisse
591 3023 650 3053 pro
679 3022 799 3053 magna
828 3022 922 3053 pecu-

63 3066 130 3103 nia,
152 3076 252 3107 quam
273 3066 325 3097 illi
349 3076 367 3096 a
389 3066 607 3097 creditoribus
637 3069 785 3095 mutuam
815 3075 921 3105 sump-

64 3126 184 3151 serant.
206 3120 445 3151 Aceusativmn
466 3119 567 3150 verbo
590 3118 806 3149 intercedendi
834 3119 922 3149 addi-

964 2271 1003 2300 45
1034 2271 1157 2300 tantum
1188 2270 1235 2309 (οε
1269 2267 1444 2300 sestertivm
1480 2268 1640 2308 sexayies)
1678 2269 1758 2300 enim
1791 2279 1824 2301 se

958 2334 1019 2364 pro
1049 2326 1079 2353 te
1112 2323 1329 2354 intercessisse
1364 2323 1496 2360 dicebat,
1527 2333 1625 2364 quem
1652 2323 1824 2354 Manutius

965 2377 1114 2407 contulit.
1136 2377 1176 2407 In
1200 2381 1337 2416 utroque
1360 2376 1433 2407 loco
1456 2375 1651 2406 insereedere
1670 2381 1719 2407 est
1737 2385 1823 2416 spon-

965 2429 1048 2466 dere,
1080 2440 1145 2460 11011
1180 2434 1215 2459 111
1245 2428 1390 2460 Con-ado
1420 2428 1529 2459 visum
1562 2428 1702 2469 roqando
1732 2428 1823 2467 impe-

965 2483 1062 2512 trare.

1009 2534 1189 2564 C'enlesz'mis
1210 2553 1250 2556 —
1264 2544 1416 2564 annorum
1439 2545 1471 2565 o:
1489 2535 1598 2565 numis
1616 2534 1689 2565 XII
1704 2535 1823 2565 annuis

965 2588 1006 2617 ad
1035 2592 1157 2617 sortem
1189 2587 1318 2623 additis,
1350 2596 1392 2617 ex
1422 2597 1486 2627 quo
1516 2597 1588 2618 eam
1620 2588 1822 2625 habuissent,

966 2639 1009 2669 ita
1034 2645 1071 2670 ut
1093 2639 1248 2679 temporis
1271 2639 1374 2680 elapsi
1394 2649 1512 2671 usurae
1526 2640 1606 2671 sorti
1620 2641 1822 2671 accederent.

1007 2691 1048 2721 In
1073 2691 1199 2722 Catonis
1221 2691 1345 2732 —fide
1367 2693 1515 2723 locatam.
1553 2692 1682 2734 Cyprus
1704 2694 1738 2723 in
1763 2692 1822 2724 Ca-

965 2745 1052 2776 tonis
1075 2745 1228 2776 clientela
1252 2752 1332 2776 erat.
1354 2745 1448 2776 Fam.
1470 2746 1551 2776 XV.
1573 2748 1602 2783 4,
1628 2747 1676 2777 15.

1008 2798 1026 2837 ξ
1050 2797 1078 2828 6.
1108 2797 1257 2838 Impinyz't
1286 2808 1319 2828 o:
1351 2799 1506 2829 obtrudit.
1544 2799 1715 2830 Adhaeret
1747 2800 1822 2831 huic

965 2850 1065 2880 verbo
1087 2849 1309 2890 impudentiae
1332 2851 1433 2881 notio.
1471 2850 1520 2882 Cf.
1544 2851 1670 2882 Seneca
1699 2862 1717 2882 a
1746 2852 1823 2882 For-

966 2904 1088 2934 cellino
1109 2904 1227 2934 citatus
1250 2913 1299 2944 ep.
1323 2905 1372 2941 95,
1397 2906 1431 2935 2:
1457 2904 1514 2934 tibi
1536 2905 1690 2945 inyentem
1713 2906 1822 2946 011111Ιο-

965 2956 1027 2986 lam
1049 2955 1225 2996 z'nzpinycmu,
1248 2968 1337 2997 quam
1360 2959 1393 2986 {24
1415 2957 1444 2986 si
1464 2956 1582 2987 invitus
1604 2958 1688 2996 lesses
1708 2957 1823 2988 dieito:

966 3010 1029 3049 Essa
1052 3009 1128 3040 mihi
1149 3011 1206 3041 hoe
1229 3012 1382 3041 contrua-i.

1008 3063 1079 3093 Rem
1103 3063 1192 3094 illam
1214 3073 1269 3094 suo
1286 3064 1429 3104 periculo
1451 3073 1517 3095 esse
1538 3075 1571 3095 o:
1596 3065 1630 3096 in
1655 3075 1719 3106 qua
1748 3066 1823 3096 scri-

969 3117 1023 3153 bit,
1046 3117 1073 3147 si
1096 3127 1163 3147 non
1186 3117 1316 3148 solvant
1338 3116 1522 3155 Salaminii,
1546 3119 1608 3149 sibi
1638 3119 1822 3159 dependen-

66 3176 137 3203 tum
159 3177 265 3203 tuetur
287 3173 369 3203 alter
392 3173 482 3203 locus
506 3171 676 3203 Ciceronis
699 3181 742 3202 ex
765 3171 852 3202 Phil.
875 3172 920 3201 II.
943 3183 946 3216 1
965 3170 1045 3200 dum
1068 3179 1149 3200 esse.

1843 987 1878 1011 10

1843 1722 1877 1747 20
