2117 3533
215 952 248 977 10

214 1320 247 1346 15

266 149 317 189 56
656 147 742 189 EP.
776 147 854 188 AD
886 146 932 188 T.
966 144 1317 187 POMPONIUM
1350 146 1614 202 ATTICUM.

266 297 368 334 mus,
403 287 450 324 ut
491 283 645 338 opinor,
679 282 870 323 introitus
903 281 981 323 fuit
1013 282 1056 322 in
1090 296 1250 322 causam
1283 280 1440 323 fabulae
1489 281 1705 323 Clodianae
1716 299 1727 333 3
1767 282 1811 323 in
1844 297 1923 337 qua
1955 297 2028 337 ego

266 361 423 407 nactus,
458 361 503 396 ut
536 355 636 395 mihi
668 354 847 405 videbar,
889 355 1021 395 locum
1054 354 1291 395 resecandae
1323 354 1505 396 libidinis
1539 359 1579 395 et
1611 355 1850 397 coercendae
1891 356 2029 397 iuven-

267 428 381 479 tutis,
417 428 627 468 vehemens
661 427 721 468 fui
754 431 794 468 et
826 441 962 467 omnes
996 425 1158 481 profudi
1190 426 1293 467 vires
1327 426 1451 467 animi
1484 431 1603 481 atque
1635 427 1789 481 ingenii
1821 428 1913 479 mei,
1946 442 2029 468 non

1338 505 1378 540 et
1418 500 1617 541 sanandae
1651 500 1839 542 civitatis.
1883 502 1925 540 3.
1959 499 2030 541 Af-

1325 572 1490 613 iudicio.
1525 572 1644 621 Vide,
1666 588 1766 628 quae
1791 572 1872 614 sint
1893 576 2031 628 postea

269 650 496 686 consecuta.
547 646 698 687 Consul
731 650 791 686 est
822 645 1035 700 impositus
1068 644 1102 684 is
1135 643 1266 695 nobis,
1301 659 1418 699 quem
1451 660 1568 686 nemo
1601 651 1756 700 praeter
1788 660 1861 686 nos
1902 645 2031 700 philo-

269 718 414 773 sophos
448 717 651 774 adspicere
685 719 769 759 sine
805 717 999 773 suspiritu
1031 717 1171 772 possit.
1206 717 1414 769 Quantum
1447 717 1523 759 hoc
1555 718 1720 759 vulnus!
1764 719 1887 759 Facto
1921 732 2032 759 sena-

267 796 334 832 tus
369 791 551 832 consulto
585 790 634 831 de
669 789 837 841 ambitu,
873 789 921 830 de
953 788 1130 840 iudiciis,
1165 788 1277 829 nulla
1309 789 1373 830 lex
1405 789 1570 844 perlata,
1606 789 1831 844 exagitatus
1855 795 2030 840 senatus,

268 501 359 542 odio
393 501 592 541 adductus
626 500 797 541 alicujus
831 499 900 541 sed
934 515 1001 554 spe
1037 499 1292 553 corrigendae

268 573 375 614 fiicta
407 588 469 613 res
501 572 663 628 publica
697 578 757 614 est
789 578 922 628 empto
956 576 1292 626 constupratoque

268 865 432 907 alienati
465 865 619 920 equites
654 865 838 907 Romani.
884 864 949 906 Sic
981 863 1048 904 ille
1082 878 1211 904 annus
1246 862 1325 904 duo
1358 864 1606 905 firmamenta
1638 864 1696 904 rei
1738 862 1922 919 publicae
1962 876 2032 917 per

267 953 330 980 me
362 953 491 979 unum
525 939 743 979 constituta
776 938 938 988 evertit3
972 952 1066 978 narn
1100 940 1140 977 et
1173 941 1334 978 senatus
1368 938 1646 979 auctoritatem
1680 937 1826 979 abiecit
1859 942 1899 978 et
1929 936 2032 978 ordi-

267 1027 364 1053 num
400 1010 655 1053 concordiam
688 1010 898 1052 disiunxit.
933 1010 1066 1052 Instat
1098 1009 1164 1049 liic
1197 1023 1307 1050 nunc
1340 1010 1407 1051 ille
1441 1025 1570 1051 annus
1604 1010 1802 1065 egregius.
1836 1009 1936 1051 Eius
1956 1009 2032 1050 ini-

267 1085 371 1127 tium
405 1084 601 1126 eiusmodi
634 1084 725 1135 fuit,
759 1090 807 1125 ut
840 1083 1109 1126 anniversaria
1143 1098 1253 1124 sacra
1286 1084 1511 1126 Iuventatis
1552 1099 1633 1126 non
1674 1084 2032 1125 committerentur.

269 1159 377 1199 Nam
411 1157 470 1198 M.
504 1157 665 1198 Luculli
698 1172 862 1198 uxorem
895 1155 1113 1198 Memmius
1147 1155 1229 1196 suis
1263 1156 1384 1197 sacris
1428 1156 1619 1197 initiavit.
1668 1156 1878 1198 Menelaus
1919 1170 2034 1210 aegre

269 1231 311 1272 id
345 1246 486 1286 passus
520 1230 739 1271 divortium
771 1230 881 1270 fecit.
916 1230 1171 1283 Quamquam
1203 1229 1270 1269 ille
1304 1234 1438 1284 pastor
1471 1229 1618 1271 Idaeus
1652 1229 1883 1270 Menelaum
1906 1227 2034 1270 solum

270 1308 583 1359 contempserat-5
617 1303 683 1344 hic
716 1307 851 1344 noster
884 1303 998 1344 Paris
1030 1307 1113 1342 tam
1148 1302 1379 1343 Menelaum
1414 1317 1532 1357 quam
1567 1304 1910 1357 Agamemnonem
1936 1300 2034 1342 11110-

310 1458 330 1487 4
351 1467 404 1498 spe
425 1456 472 1487 rei
487 1455 638 1497 publicae
661 1453 865 1496 corriqendae
886 1473 928 1477 —

266 1588 386 1630 pendet
409 1587 450 1617 ab
472 1585 631 1616 introitus.
654 1584 782 1616 Fabula
805 1591 915 1616 autem
937 1589 984 1616 est
1001 1590 1126 1625 tragoe-

267 1642 320 1673 dia
343 1651 367 1672 s.
390 1641 511 1677 drama,
535 1645 572 1670 ut
594 1649 683 1669 nunc
705 1639 882 1680 loquimur.
919 1638 1026 1669 Paulo
1055 1644 1128 1679 post

267 1695 374 1726 delevi
391 1692 602 1734 reipublicae,
619 1693 706 1733 quod
728 1692 848 1723 Bosius
867 1692 1011 1728 intrusit,
1028 1702 1129 1733 quum

266 1748 301 1779 in
325 1748 395 1778 cod.
418 1747 454 1777 Z.
476 1756 564 1786 spere
586 1746 639 1776 vel
661 1755 748 1786 spero
772 1745 929 1785 scriptum
959 1750 1052 1775 esset.
1089 1745 1129 1775 In

267 1801 356 1832 Med.
379 1800 459 1830 haec
482 1800 611 1835 desunt,
643 1808 717 1828 011111
754 1798 877 1828 maiore
912 1802 1002 1838 parte
1031 1797 1128 1827 huius

270 1854 426 1895 epistolae
449 1858 480 1884 et
503 1862 551 1893 ep.
576 1852 614 1883 19
638 1857 713 1882 tota.

313 1909 370 1948 §3.
389 1906 496 1947 Empto
512 1907 773 1946 constupratoque
786 1904 913 1935 iudicio.
931 1904 980 1935 Cf.
998 1904 1024 1935 Ι.
1040 1904 1087 1941 16,
1100 1906 1128 1934 5.

312 1962 384 1993 Sine
405 1962 567 2002 suspiritu.
590 1962 688 1992 Hanc
711 1961 850 1991 formam
872 1960 1017 1990 nominis
1039 1965 1133 1989 tuen-

272 2026 326 2050 tur
349 2019 421 2049 intt.
445 2019 485 2048 ad
507 2019 581 2048 Liv.
604 2017 720 2048 XXX.
745 2018 794 2053 15,
819 2018 836 2047 3
868 2023 900 2047 et
922 2016 1045 2056 Appul.
1061 2016 1129 2046 Mc-

271 2078 347 2104 tam.
378 2073 404 2103 I.
443 2074 470 2108 5,
500 2082 530 2112 p.
560 2072 599 2102 32
629 2070 712 2102 Oud.
744 2069 923 2109 §aspir-atu,
962 2070 1050 2109 quod
1077 2069 1129 2100 de-

271 2126 319 2157 dit
347 2126 465 2157 Bosius
495 2130 526 2156 et
555 2123 709 2163 exemplo
739 2122 902 2154 Ovidiano
931 2122 1081 2158 munivit,
1112 2131 1129 2152 a

272 2180 390 2220 supino
418 2179 511 2210 verbi
539 2176 722 2218 suspirandi
750 2183 836 2208 recte
871 2176 1038 2212 formatur,
1074 2176 1131 2206 sed

272 2233 374 2263 altero
411 2231 564 2271 exemplo
599 2230 757 2260 Tulliano
801 2239 868 2260 non
908 2229 1130 2259 confirmatur.

272 2285 421 2325 Utroque
444 2283 562 2314 melius
585 2283 730 2313 videtur:
754 2281 823 2312 sine
845 2280 988 2321 suspirio,
1019 2286 1056 2311 ut
1086 2286 1132 2311 est

273 2339 372 2369 Tusc.
394 2338 455 2368 IV.
480 2337 527 2369 72.

316 2392 416 2422 Facto
438 2390 492 2421 SC.
516 2390 554 2421 de
575 2389 701 2426 ambita,
725 2395 786 2420 cet.
821 2388 993 2420 Sententia
1015 2388 1133 2419 melius

274 2446 420 2486 procedit
449 2444 619 2475 lenissima
656 2443 857 2474 correctione
886 2442 1041 2479 adhibita,
1070 2442 1133 2471 hoc

275 2499 389 2529 modo:
422 2496 506 2533 Vide,
529 2507 607 2537 quae
629 2495 694 2525 sint
710 2498 822 2535 poslea
846 2496 1020 2526 consecuta.
1061 2493 1134 2524 Con-

275 2551 328 2581 sul
348 2552 394 2580 est
416 2549 578 2589 ‘inquisitus
599 2548 626 2578 is
649 2548 744 2585 nabale,
760 2558 844 2588 quem
859 2546 1028 2587 —possit,·
1041 2557 1135 2587 quan-

277 2606 338 2634 tum
363 2603 418 2633 hoe
441 2602 572 2632 valnas!
586 2601 683 2642 facta
704 2603 834 2631 senalus
855 2600 997 2630 consulta
1021 2599 1060 2629 de
1073 2610 1136 2630 unz-

278 2657 352 2694 bitu,
377 2656 416 2686 de
438 2655 582 2690 iudiciis,·
612 2655 701 2684 mdla
731 2654 783 2684 lex
805 2654 954 2694 perlata,-
984 2658 1043 2683 cet.
1087 2652 1136 2683 Dc

279 2708 366 2740 SCto
388 2709 428 2739 de
451 2708 577 2738 ambitu
607 2707 693 2738 dixit
721 2716 768 2747 ep.
801 2706 848 2742 16,
881 2706 932 2741 123
967 2706 1006 2735 de
1034 2705 1136 2735 alt-ero

279 2753 313 2793 iii
336 2772 400 2799 eos,
423 2761 478 2802 qui
501 2762 544 2791 ob
565 2770 636 2792 rem
658 2760 869 2790 iudicandam
891 2758 1065 2799 pecuniam
1087 2767 1135 2788 ac-

279 2816 441 2857 cepissent
463 2825 511 2856 ep.
535 2814 583 2851 17,
607 2815 636 2844 8.

320 2869 401 2899 Nam
423 2871 453 2899 et
467 2870 597 2898 senalus
610 2886 652 2891 —-
665 2866 830 2897 dissum-it.
854 2865 1030 2897 Rinkesius
1044 2874 1137 2895 meus

278 2923 359 2953 haec
389 2921 615 2961 interpolatori
649 2920 760 2951 deberi
796 2925 906 2960 putat,
944 2929 1010 2949 non
1049 2918 1137 2948 enim

282 2985 359 3012 csse,
384 2976 470 3016 quod
494 2974 608 3005 Cicero
622 2974 773 3004 Atticum
788 2983 884 3004 suum
899 2973 1038 3008 doceret,
1054 2980 1137 3011 quae

281 3035 389 3061 essent
411 3030 468 3060 illa
491 3030 697 3060 firmamenta
720 3028 766 3058 rei
790 3027 950 3068 publicae.
981 3025 1047 3057 Sed
1070 3035 1135 3056 non

281 3084 401 3119 omnia,
425 3093 507 3124 quae
531 3083 556 3113 si
581 3083 741 3118 abessent,
765 3081 896 3112 Atticus
918 3080 1056 3111 minime
1085 3079 1136 3110 de-

282 3137 446 3175 siam-aret,
469 3137 694 3178 interpolatori
717 3137 816 3169 tribui
838 3136 969 3167 debent.

1215 1586 1360 1618 Hic-ille.
1383 1586 1460 1618 Duo
1481 1587 1562 1618 haec
1583 1588 1780 1628 pronomina
1802 1597 1870 1618 non
1885 1596 1980 1628 posse
1995 1586 2036 1617 ad

1176 1650 1279 1670 unum
1301 1640 1465 1671 obiectum
1487 1640 1601 1671 referri
1624 1641 1707 1672 bene
1729 1646 1842 1672 monet
1870 1639 2036 1680 Reisigius

1178 1694 1222 1724 l.l.
1248 1694 1265 1733 ξ
1296 1693 1366 1725 217.
1404 1693 1470 1725 Sed
1498 1693 1555 1724 ille
1588 1695 1765 1734 praedicati
1793 1695 1866 1724 1000
1895 1693 2036 1734 ponitur,

1178 1748 1271 1788 quasi
1300 1748 1425 1779 dixeris
1455 1747 1506 1777 hic
1535 1747 1620 1778 talis.
1665 1748 1718 1778 Ita
1747 1747 1781 1778 in
1805 1747 1919 1778 Plauti
1942 1746 2036 1786 Capt.

1177 1802 1243 1839 III,
1267 1803 1297 1838 4,
1321 1801 1357 1831 61
1382 1801 1451 1831 illic
1473 1800 1524 1831 hic
1547 1807 1595 1832 est
1618 1801 1692 1832 talis
1714 1801 1777 1838 hic,
1800 1801 1854 1832 hic
1870 1800 2016 1831 insanus.

1219 1855 1451 1885 Anniversaria
1486 1865 1579 1886 saera
1615 1854 1805 1885 Iuventatis.
1856 1853 2036 1885 Iuventatis

1177 1909 1290 1940 aedem
1312 1909 1405 1939 vovit
1425 1909 1472 1940 M.
1495 1909 1613 1939 Livius
1636 1908 1803 1939 Salinator
1833 1918 1861 1938 a.
1892 1907 1961 1945 547,
1991 1907 2036 1938 lo-

1175 1962 1261 1993 cavit
1284 1962 1372 1993 idem
1393 1972 1510 1993 censor
1538 1973 1565 1992 a.
1597 1963 1666 2000 550,
1696 1961 1859 1993 dedicavit
1886 1960 1921 1992 C.
1951 1960 2037 1991 Lici-

1177 2016 1250 2046 nius
1280 2016 1440 2046 Lucullus
1470 2026 1497 2046 a.
1528 2016 1588 2046 563
1620 2021 1651 2046 et
1679 2021 1758 2046 tunc
1787 2015 1929 2056 primum
1966 2014 2037 2045 ludi

1177 2069 1252 2099 facti
1275 2074 1360 2099 sunt.
1382 2069 1457 2099 Liv.
1473 2068 1643 2099 XXXVI.
1660 2068 1708 2099 36.
1733 2068 1786 2098 Ex
1801 2077 1865 2108 quo
1880 2068 1953 2098 loco
1970 2077 2036 2097 non

1177 2125 1298 2152 temere
1320 2121 1484 2157 coniicias,
1508 2121 1774 2151 commissionem
1796 2120 1931 2150 illorum
1947 2119 2038 2149 ludo-

1178 2185 1251 2206 mm
1273 2180 1303 2206 et
1326 2184 1492 2205 sacrorum
1514 2174 1679 2215 propriam
1701 2173 1802 2204 fuisse
1822 2173 2038 2203 Lucullomm

1179 2229 1332 2265 familiae,
1355 2229 1418 2258 hoc
1440 2233 1548 2259 autem
1571 2237 1658 2258 anno
1681 2227 1900 2257 intermissam
1922 2226 1964 2257 ob
1994 2226 2037 2256 la-

1181 2283 1255 2313 bem
1277 2281 1499 2318 domesticam,
1523 2291 1541 2311 a
1556 2280 1716 2311 Menmiio
1730 2279 1882 2310 Lucullis
1902 2279 2037 2310 illatam.

1180 2336 1254 2366 Hoc
1283 2335 1347 2366 nisi
1385 2334 1547 2371 admittas,
1585 2333 1747 2364 rationem
1786 2331 2038 2363 intermissionis

1180 2390 1337 2420 ludorum
1359 2398 1377 2419 a
1408 2388 1566 2419 Cicerone
1595 2387 1729 2417 allatam
1757 2396 1824 2417 non
1852 2385 2039 2425 intelligere

1181 2452 1233 2474 me
1256 2442 1367 2472 fateor.

1223 2494 1395 2525 Memmios.
1418 2493 1468 2523 De
1489 2492 1551 2522 hoc
1572 2491 1707 2522 homine
1730 2491 1797 2531 egit
1818 2491 1855 2521 P.
1869 2490 2039 2522 Manutius

1183 2549 1223 2579 ad
1249 2548 1342 2578 Fam.
1371 2546 1471 2577 XIH.
1501 2547 1529 2576 1.
1572 2545 1703 2576 Aedilis
1737 2544 1868 2575 Ciunlis
1891 2543 2040 2575 Cerealia

1183 2601 1268 2637 fecit,
1292 2610 1356 2640 quo
1378 2598 1556 2639 respiciens
1578 2597 1692 2629 Cicero
1707 2597 1819 2628 scribit
1840 2596 2039 2628 Memmium

1183 2655 1229 2685 M.
1252 2654 1385 2684 Luculli
1406 2662 1546 2683 uxorem
1567 2652 1632 2682 suis
1652 2650 1754 2681 sacris
1769 2651 1924 2687 initiasse,
1938 2660 2039 2690 quum

1184 2708 1284 2738 vellet
1312 2704 1497 2746 coi-rapiase.
1528 2705 1689 2737 Similiter
1710 2704 1828 2735 Livius
1851 2703 1971 2740 XXII,
1995 2704 2036 2734 34

1184 2761 1340 2792 translate
1370 2760 1498 2800 scripsit
1520 2759 1659 2799 plebeios
1688 2757 1806 2788 nobiles
1834 2757 1896 2787 z'am
1925 2755 2039 2787 eisdem

1184 2814 1329 2844 initiatos
1352 2822 1417 2843 esse
1440 2813 1552 2844 sacris.

1224 2868 1493 2908 Ayamenmonem-
1504 2872 1598 2896 vocat
1619 2865 1658 2896 L.
1682 2864 1867 2900 Lucullum,
1902 2863 1950 2894 M.
1978 2862 2038 2893 fra-

1183 2925 1275 2957 trem,
1298 2929 1398 2960 1100111
1420 2928 1463 2950 ex
1486 2919 1573 2949 bello
1594 2917 1819 2949 Mithridatico
1848 2916 2040 2947 redeuntem

1183 2973 1240 3004 ille
1262 2973 1412 3003 tribunus
1434 2972 1478 3012 pl.
1507 2971 1711 3011 aliquamdiu
1740 2969 1940 3010 triumphare
1968 2978 2039 3009 pro-

1182 3026 1298 3062 hibuit,
1321 3030 1402 3056 teste
1424 3024 1510 3055 Plut.
1532 3024 1567 3055 in
1589 3023 1738 3059 Lucullo,
1761 3021 1810 3053 37.

1225 3078 1367 3108 Liberum
1389 3088 1451 3108 non
1467 3077 1604 3118 putavit.
1629 3090 1642 3102 n
1653 3075 1733 3107 Eius
1754 3084 1892 3106 uxorem
1920 3074 2041 3114 pariter

1184 3135 1363 3176 stupravit''
1384 3134 1427 3167 ait
1443 3134 1612 3166 Ernest-us.
1635 3132 1743 3163 humo
1755 3130 1956 3170 triumphare
1970 3140 2041 3171 pro-
