2117 3533
757 183 865 225 LIB.
899 183 957 225 H.
991 183 1076 225 ΕΡ.
1112 183 1153 223 1.
1782 179 1833 221 77

83 319 300 362 Accusavit
331 319 521 360 Nasicam
554 318 764 358 inhoneste
798 332 842 357 ac
876 316 1053 358 modeste
1083 321 1217 357 tamen
1251 314 1368 365 dixit,
1402 318 1449 355 ut
1481 313 1615 355 Rhodi
1637 313 1839 354 videretur

82 393 196 434 molis
228 392 363 447 potius
397 407 516 445 quam
549 390 705 431 Moloni
738 405 897 445 operam
930 389 1100 430 dedisse.
1135 388 1254 438 Mihi,
1291 387 1397 440 quod
1431 387 1709 436 defendissem,
1744 386 1838 426 levi-

82 471 141 506 ter
174 464 415 506 succensuit.
450 465 573 504 Nunc
603 468 738 504 tamen
770 462 872 517 petit
901 463 1048 503 iterum
1069 461 1127 502 rei
1149 459 1333 516 publicae
1356 475 1488 501 causa.
1522 460 1719 500 Lucceius
1743 457 1839 512 quid

85 542 175 592 agat
207 536 377 578 scribam
411 536 460 577 ad
493 541 546 587 te,
583 551 706 589 quum
740 535 948 576 Caesarem
982 534 1131 585 videro,
1167 533 1235 587 qui
1269 533 1397 574 aderit
1431 532 1567 574 biduo.
1616 534 1686 574 10.
1720 532 1840 584 Quod

85 610 258 665 Sicyonii
290 614 330 649 te
362 609 541 658 laedunt,
587 608 731 648 Catoni
764 612 804 648 et
847 608 933 648 eius
974 607 1208 648 aemulatori
1253 605 1439 647 attribuis
1481 606 1660 674 Servilip.
1705 604 1840 656 Quid?

84 697 128 723 ea
160 682 277 737 plaga
309 695 442 721 nonne
476 680 526 721 ad
549 680 695 720 multos
719 679 843 720 bonos
866 679 970 719 viros
992 679 1191 733 pertinet?
1231 678 1309 719 Sed
1333 683 1382 729 st,
1406 678 1464 718 ita
1486 677 1651 732 placuit.
1684 676 1840 718 Laude-

124 871 142 901 6
165 869 234 907 Sed,
254 868 284 899 si
305 868 353 899 ita
368 868 504 909 placuit,
527 867 689 900 laudemus
711 885 751 889 —

82 1043 186 1070 natur.
212 1037 379 1078 Aequales
403 1046 479 1068 eum
500 1036 548 1067 M.
572 1035 707 1067 Catonis
729 1036 864 1066 simium
887 1045 938 1076 ap-

81 1093 257 1134 pellabant,
279 1101 378 1132 quem
410 1091 554 1122 studiose
584 1090 822 1121 aemulabatur.
861 1089 939 1120 Vid.

82 1147 145 1178 Dio
168 1146 378 1178 XXXVIII.
402 1145 419 1178 7
442 1155 517 1176 cum
532 1145 776 1176 adn.Rei1nari.
800 1144 941 1175 Videtur

82 1198 140 1230 illo
162 1204 306 1239 tempore
329 1199 363 1228 in
391 1203 560 1238 praeturae
589 1197 747 1237 petitione
776 1196 941 1237 repulsam

82 1254 196 1285 tulisse
217 1253 385 1293 iratusque
407 1252 656 1292 competitorem
686 1251 722 1281 P.
752 1250 940 1292 Scipionem

84 1307 237 1339 Nasicam
259 1306 401 1337 ambitus
423 1315 517 1336 reum
539 1304 663 1336 fecisse.

121 1359 226 1391 Meam
249 1358 360 1389 tribum
382 1357 467 1388 tulit.
493 1357 560 1395 Qui
582 1357 813 1397 magistratum
830 1362 939 1398 peten-

82 1421 129 1447 tes
154 1415 292 1446 alicuius
316 1414 419 1445 tribus
441 1412 605 1452 suffragiis
628 1413 832 1449 creabantur,
867 1422 939 1443 eam

67 1469 161 1510 ferre
183 1469 394 1505 dicebantur,
420 1467 474 1498 cui
497 1467 580 1498 alius
591 1467 809 1507 praeripiebat
825 1466 938 1497 suffra-

79 1523 209 1563 giorum
233 1522 390 1553 maiorem
413 1526 548 1562 partem,
585 1521 611 1551 is
635 1521 757 1551 tribum
773 1519 938 1560 perdebat.

77 1573 127 1606 Cf.
152 1574 221 1606 Cic.
244 1573 358 1605 Vatiu.
381 1574 431 1604 36.
454 1572 538 1605 Sest.
553 1573 623 1604 114.
647 1573 815 1604 Ciceronis
832 1572 936 1604 tribus

77 1633 145 1659 erat
169 1627 323 1664 Cornelia,
346 1627 380 1657 in
404 1636 469 1667 qua
488 1627 667 1667 Arpinates
684 1626 877 1667 suffragium
893 1625 936 1656 fe-

77 1681 202 1713 rebant.
227 1681 301 1711 Liv.
325 1680 537 1711 XXXVIII.
560 1680 609 1711 36.

117 1735 243 1767 Luceeii
258 1736 413 1776 perdidit.
437 1750 451 1762 n
462 1736 532 1767 Nec
544 1735 676 1772 mirum,
688 1753 729 1757 -m
741 1745 844 1776 quum
853 1734 938 1765 Luc-

78 1789 168 1821 ceius
192 1789 349 1826 Caesaris,
377 1789 545 1820 Favonius
568 1788 704 1820 Catonis
727 1787 939 1818 familiarissi-

77 1854 150 1875 mus
174 1844 291 1875 esset.''
314 1844 445 1875 Manut.

118 1897 276 1928 Nasicam.
309 1897 385 1929 Non
409 1902 515 1938 potest
546 1906 615 1928 esse
644 1897 737 1934 alius,
768 1906 866 1936 quam
901 1896 936 1933 is,

82 1953 138 1993 qui
161 1962 177 1983 e
202 1958 300 1992 gente
324 1951 479 1983 Cornelia
502 1952 676 1992 adoptione
702 1951 735 1981 in
760 1950 939 1982 Caeciliam

80 2005 218 2042 transiit,
251 2006 339 2037 unde
368 2006 467 2036 modo
490 2005 527 2035 P.
551 2004 662 2045 Scipio
684 2004 812 2041 Nasica,
840 2004 937 2034 modo

83 2058 124 2096 Q.
146 2058 304 2089 Metellus
337 2057 448 2099 Scipio
476 2057 668 2098 appellatur.
697 2057 740 2087 A.
771 2056 830 2088 703
861 2066 937 2096 cum

83 2121 205 2152 genero
228 2122 287 2143 suo
311 2111 372 2143 Cn.
396 2111 554 2152 Pompeio
577 2110 693 2141 consul
715 2110 787 2140 fuit.

121 2165 168 2195 Ac
189 2164 325 2195 modeste
348 2166 450 2199 tamen
474 2163 568 2194 dia—it.
604 2162 791 2193 Particulae
819 2171 858 2191 ac
887 2163 937 2190 ta-

78 2228 145 2248 men
168 2218 316 2249 iudicant
338 2217 463 2258 aliquid
495 2216 568 2253 dici,
599 2216 687 2256 quod
716 2214 938 2255 superioribus

79 2271 281 2302 contrarium
304 2271 355 2302 sit.
378 2270 429 2302 Cf.
452 2270 563 2301 Madv.
583 2270 624 2300 ad
641 2268 708 2300 Cic.
728 2268 802 2299 Fin.
817 2278 847 2308 p.
867 2268 937 2298 289.

80 2325 124 2356 Et
146 2335 223 2357 sane
245 2325 303 2356 ubi
325 2324 488 2355 accusatio
512 2330 560 2355 est
589 2323 773 2359 inhonesta,
804 2321 939 2352 modeste

80 2378 182 2410 diem-e
206 2380 239 2409 in
263 2384 450 2409 accusatore
472 2378 603 2408 laudem
626 2377 734 2412 habet,
765 2380 796 2406 et
824 2375 938 2406 lauda-

83 2437 135 2464 tur
156 2433 191 2464 in
215 2432 352 2464 Pericle.
376 2432 465 2463 Plut.
490 2431 575 2463 Cim.
593 2432 642 2462 14.
666 2430 784 2462 Pericl.
800 2429 849 2459 10.
871 2429 937 2459 Hic

81 2490 190 2518 tamen
212 2487 271 2517 illa
292 2486 472 2517 modestiae
500 2487 571 2517 laus
601 2496 668 2516 non
698 2489 805 2525 potest
833 2483 937 2514 conci-

82 2538 154 2570 liari
176 2549 252 2571 cum
274 2539 523 2580 vituperatione,
554 2548 637 2579 quae
660 2537 848 2568 continetur
870 2545 938 2566 ver-

82 2592 148 2624 bis:
182 2595 217 2623 ut
250 2593 353 2623 Rhodi
388 2591 548 2623 videretur
584 2591 672 2621 molis
706 2590 815 2631 potius
849 2600 938 2630 quam

82 2644 204 2676 Moloni
227 2656 351 2686 operam
377 2644 512 2676 dedisse.
545 2643 656 2682 Quare
678 2644 785 2684 placet
814 2641 938 2672 coniec-

83 2703 156 2729 tura
184 2698 344 2736 Rinkesii,
368 2699 424 2739 qui
454 2709 511 2739 pro
546 2698 710 2728 inhoneste
744 2702 776 2727 ct
804 2695 940 2725 modeste

84 2751 181 2781 scribi
210 2752 302 2783 iubet
331 2752 459 2783 honeste
489 2757 520 2782 et
553 2750 691 2780 moleste.
725 2749 780 2789 (In
811 2757 859 2788 ep.
891 2746 939 2783 17,

83 2803 139 2834 lib.
162 2804 189 2834 I.
214 2804 232 2844 ξ
256 2804 293 2834 11
327 2803 462 2835 modeste
491 2809 524 2834 et
552 2803 678 2832 moleste
707 2810 836 2842 quoque
866 2809 940 2829 con-

83 2856 154 2888 fusa
176 2859 278 2897 sunt).
301 2857 356 2888 Sic
379 2858 545 2888 lucramur
566 2856 682 2886 ludum
704 2854 739 2884 in
761 2853 940 2884 moleste-

1027 1037 1114 1068 Petit
1137 1038 1261 1069 iterum.
1283 1039 1316 1070 A
1339 1045 1491 1080 praetura
1513 1039 1653 1070 reiectus
1675 1038 1843 1069 Favonins

986 1092 1191 1123 tribunatum
1214 1093 1344 1133 petiisse
1368 1093 1506 1129 videtur,
1530 1092 1623 1133 quasi
1645 1101 1695 1122 res
1713 1091 1844 1132 publica

986 1144 1056 1175 sine
1080 1145 1149 1175 eius
1173 1154 1270 1185 opera
1293 1145 1386 1176 salva
1408 1155 1477 1176 esse
1500 1155 1567 1175 non
1593 1149 1711 1185 posset.

1028 1197 1179 1228 Lucceius
1201 1197 1276 1238 quid
1303 1200 1390 1239 aqat.
1426 1199 1480 1229 Ex
1509 1198 1558 1235 iis,
1589 1207 1673 1238 quae
1702 1197 1844 1237 legimus

987 1252 1014 1281 I.
1038 1251 1086 1288 17,
1111 1252 1147 1281 11
1173 1257 1306 1292 apparet
1327 1252 1367 1283 de
1389 1252 1579 1283 consulatus
1602 1251 1760 1291 petitione
1774 1251 1807 1281 h.
1822 1250 1842 1281 1.

988 1305 1202 1344 cogitandum
1225 1314 1304 1336 esse.

1028 1358 1077 1387 10.
1104 1356 1194 1397 Quod
1206 1356 1343 1397 Sicyonii
1358 1363 1418 1388 cet.
1450 1357 1500 1388 Cf.
1517 1357 1627 1387 adnot.
1651 1357 1692 1387 ad
1707 1356 1734 1386 1.
1752 1356 1800 1392 19,
1815 1355 1844 1386 9.

1029 1412 1091 1444 Sed
1119 1416 1158 1450 st,
1200 1413 1246 1443 ita
1276 1413 1410 1453 placuit.
1454 1412 1638 1449 Laudemus,
1669 1410 1782 1441 deiude
1812 1411 1845 1440 iu

986 1467 1233 1498 dissensionibus
1268 1468 1329 1498 soli
1359 1467 1582 1508 relinquamur.
1617 1466 1696 1497 Una
1724 1465 1846 1496 lineola

989 1520 1099 1550 addita
1120 1520 1201 1550 haec
1229 1520 1327 1551 verba
1351 1519 1533 1560 integritati
1556 1518 1736 1549 restituisse
1764 1516 1846 1547 mihi

987 1572 1108 1603 videor.
1132 1573 1247 1612 Vulgo
1270 1573 1358 1603 enim
1382 1583 1457 1603 cum
1472 1572 1565 1602 codd.
1582 1571 1709 1611 scriptis
1726 1571 1843 1601 edunt:

983 1625 1053 1663 Sed,
1077 1625 1105 1657 si
1126 1626 1173 1656 ita
1190 1626 1327 1667 placuit,
1351 1625 1514 1656 laudemus
1542 1625 1630 1666 quod
1645 1623 1770 1655 nemini
1783 1623 1845 1653 dis-

986 1681 1138 1722 plicuissc
1161 1681 1271 1717 miror,
1302 1681 1355 1711 sed
1382 1680 1488 1720 magis
1517 1679 1661 1716 mirarer,
1692 1678 1756 1708 nisi
1784 1686 1845 1708 usu

986 1734 1182 1771 didicissem,
1206 1738 1329 1774 quanta
1358 1733 1491 1764 levitate
1520 1741 1645 1763 errores
1674 1729 1846 1771 propagari

986 1788 1139 1819 solerent.
1164 1787 1254 1825 Quid
1277 1786 1391 1817 enim?
1415 1786 1515 1816 illane
1538 1785 1638 1816 verba
1656 1784 1733 1815 licet
1748 1784 1845 1814 inter—

985 1840 1105 1881 pretari
1127 1850 1165 1871 ea
1186 1840 1322 1877 ratione,
1346 1844 1382 1870 ut
1404 1838 1583 1879 particulae
1612 1837 1641 1867 si
1672 1837 1740 1867 vim
1770 1846 1842 1867 cau-

985 1893 1088 1924 salem
1110 1893 1244 1930 tribuas,
1274 1893 1362 1933 quod
1391 1901 1505 1922 omnes
1539 1890 1652 1921 fecisse
1681 1890 1843 1926 videntur,

986 1947 1041 1976 alii
1064 1947 1215 1987 apertius,
1249 1951 1286 1976 ut
1308 1945 1504 1976 Wielandus
1534 1944 1632 1983 <Aba
1654 1953 1701 1973 DA
1725 1952 1757 1973 es
1780 1952 1844 1973 mm

986 2001 1125 2032 einmalzl
1146 2011 1179 2031 so
1202 2000 1314 2031 beliebt
1337 2000 1418 2040 liat),
1444 1999 1501 2029 alii
1523 1999 1629 2038 magis
1646 2002 1729 2029 tecte
1744 1997 1844 2028 verba

986 2053 1031 2084 sic
1054 2054 1274 2094 explicantes:
1298 2052 1364 2093 Ape
1379 2051 1544 2092 probemus
1566 2050 1686 2080 SCtum.
1710 2049 1776 2081 Sed
1790 2058 1843 2080 ne-

986 2118 1048 2148 que
1070 2108 1133 2145 hic,
1157 2117 1264 2148 neque
1287 2107 1373 2147 apud
1395 2106 1502 2136 ullum
1518 2105 1640 2135 bonum
1653 2103 1843 2134 Latinitatis

986 2168 1152 2194 auctorem
1174 2163 1202 2192 si
1223 2163 1301 2203 poni
1324 2173 1382 2203 pro
1396 2161 1537 2203 quoniam
1553 2161 1716 2191 contendo
1733 2161 1851 2194 adver-v

986 2227 1040 2247 sus
1063 2217 1248 2257 Reisigium
1270 2217 1304 2247 in
1328 2216 1437 2247 Schol.
1463 2216 1480 2255 ξ
1504 2215 1564 2246 264
1587 2220 1619 2246 et
1636 2214 1842 2245 Drakenbor-

987 2269 1109 2306 chium,
1145 2279 1244 2309 quem
1265 2269 1353 2305 cita-t,
1377 2269 1417 2299 ad
1439 2268 1513 2299 Liv.
1537 2268 1619 2298 VII.
1642 2268 1689 2303 13,
1721 2267 1755 2303 63
1786 2267 1843 2296 sed

988 2332 1091 2363 quum
1114 2326 1231 2353 neuter
1261 2320 1429 2352 Ciceronis
1459 2320 1650 2360 exemplum
1686 2318 1842 2355 attulerit,

987 2386 1054 2407 non
1077 2380 1135 2412 est,
1158 2375 1245 2415 quod
1266 2374 1416 2415 pluribus
1436 2374 1499 2404 hoc
1522 2382 1705 2414 persequar.
1745 2371 1844 2403 Certo

986 2429 1212 2460 scribendum:
1237 2427 1299 2458 Sed
1318 2428 1369 2457 st!
1392 2432 1428 2458 ut
1450 2432 1498 2458 est
1519 2426 1613 2457 Fam.
1636 2425 1735 2456 XVI.
1751 2426 1800 2462 24,
1814 2426 1844 2461 2,

986 2482 1044 2513 ubi
1067 2482 1101 2512 in
1124 2482 1195 2512 cod.
1218 2481 1306 2511 Med.
1329 2489 1440 2511 rursus
1462 2479 1490 2509 sl
1514 2479 1669 2519 scriptum
1692 2484 1749 2509 est.
1788 2477 1843 2508 Sic

987 2536 1021 2566 in
1044 2533 1155 2565 Plauti
1178 2533 1346 2564 Pseudulo
1368 2544 1398 2564 v.
1423 2533 1482 2563 600
1505 2538 1537 2563 et
1560 2533 1621 2563 952
1636 2542 1694 2572 pro
1710 2530 1753 2560 St.
1774 2532 1844 2560 tace

987 2588 1020 2618 in
1044 2586 1175 2627 optimis
1198 2586 1291 2616 libris
1314 2591 1487 2616 exaratum
1509 2590 1557 2615 est
1579 2584 1607 2614 si
1622 2586 1701 2621 tace,
1717 2584 1751 2614 111
1770 2583 1843 2613 Mil.

986 2641 1076 2672 Glor.
1099 2641 1158 2671 985
1181 2642 1233 2669 ast
1256 2642 1333 2670 tace.
1357 2640 1398 2670 In
1414 2639 1499 2670 dicto
1516 2638 1660 2675 Catonis,
1676 2638 1763 2678 quod
1777 2637 1843 2667 lau-

987 2695 1082 2724 datur
1104 2694 1143 2724 de
1167 2692 1222 2725 Or.
1245 2693 1292 2723 II.
1315 2693 1375 2723 256
1397 2691 1426 2721 si
1448 2694 1482 2722 tu
1497 2693 1528 2722 et
1543 2691 1695 2721 adversus
1709 2692 1740 2720 et
1756 2700 1843 2720 aver-

987 2755 1040 2776 sus
1061 2744 1233 2785 impudicus
1262 2755 1294 2775 es
1323 2745 1443 2785 pariter
1464 2743 1491 2773 si
1514 2753 1531 2774 e
1564 2745 1593 2773 st
1621 2748 1729 2773 ortum
1757 2742 1842 2773 vide-

989 2805 1051 2830 tur.
1074 2818 1115 2821 —
1137 2798 1343 2839 Sequuntur:
1368 2797 1415 2828 ita
1430 2797 1558 2838 placuit
1580 2807 1613 2828 o:
1638 2797 1683 2827 ita
1711 2802 1843 2827 senatus

988 2852 1140 2884 decrevit.
1171 2851 1221 2883 Cf.
1243 2852 1338 2883 Fam.
1360 2852 1387 2882 I.
1411 2852 1439 2888 2,
1465 2852 1492 2881 1.
1521 2851 1609 2881 Tum
1626 2860 1693 2880 non
1707 2850 1841 2881 adiecit:

84 2913 173 2945 molis
201 2932 242 2936 —-
271 2912 403 2949 Moloni,
433 2911 602 2944 Ciceronis
631 2910 767 2951 ingenio
796 2919 862 2940 non
894 2909 940 2938 in·
977 2905 1125 2945 feramus
1148 2905 1200 2936 vel
1217 2905 1388 2944 probemus,
1419 2904 1484 2940 sed,
1516 2903 1608 2943 quasi
1636 2903 1697 2933 hoc
1726 2912 1842 2943 parum

83 2968 232 3008 dignum.
256 2967 359 2998 Molas
382 2973 491 2997 autem
513 2964 677 2996 credimus
695 2964 759 2995 dici
774 2963 848 2993 liba.
870 2963 940 2994 Mo-

83 3020 133 3052 lae
150 3021 253 3051 salsae
275 3020 310 3051 111
333 3030 367 3051 re
390 3029 480 3050 sacra
502 3019 590 3048 hunc
613 3017 702 3048 vocis
725 3026 824 3046 usum
847 3020 939 3046 tucn-

987 2960 1037 2995 sit,
1060 2958 1153 2999 ponit
1176 2957 1347 2994 lautianm,
1372 2967 1430 2988 nec
1453 2957 1563 2987 minus
1593 2956 1707 2986 acerbe
1735 2956 1840 2986 addit:

986 3011 1101 3042 deinde
1130 3028 1171 3032 —
1198 3010 1410 3050 relinquamur
1439 3019 1471 3039 0:
1507 3009 1676 3038 laudemus
1705 3007 1840 3046 SCtum‚

84 3077 149 3105 tur.
181 3069 290 3117 ἐχῖνος
320 3078 476 3113 tanquam
511 3070 716 3102 Rhodiorum
752 3069 940 3111 placentum
987 3066 1074 3107 quod
1096 3064 1218 3094 multos
1241 3063 1336 3094 laesit
1358 3068 1390 3094 et
1419 3062 1545 3094 senatui
1574 3061 1709 3092 infestos
1738 3062 1843 3093 reddi-

86 3128 259 3159 memorari
281 3128 411 3159 videtur
432 3127 466 3158 in
489 3126 675 3166 fragmento
695 3124 820 3165 Lyncei
838 3123 940 3155 Samii
987 3119 1043 3155 dit,
1067 3118 1218 3158 quodque
1241 3117 1330 3147 hunc
1354 3116 1496 3146 fructum
1519 3116 1609 3152 feret,
1633 3123 1678 3153 ut,
1708 3117 1840 3156 quando

85 3190 135 3222 ap.
157 3180 282 3212 Athen,
306 3180 404 3212 XIV,
427 3191 458 3221 p,
481 3180 540 3212 647
564 3180 603 3210 Β,
963 3162 965 3209 l
986 3172 1205 3204 dissensiones
1227 3172 1260 3202 111
1281 3181 1314 3202 re
1328 3171 1458 3211 publica
1471 3170 1625 3207 orientur,
1642 3170 1700 3200 illo
1714 3170 1840 3201 auxilio
