2117 3533
215 1537 249 1562 10

223 1909 255 1933 15

259 164 344 204 220
654 162 738 202 ΕΡ.
771 161 848 202 AD
880 161 926 201 T.
960 161 1310 203 POMPONIUM
1343 162 1606 204 ATTICUM.

261 309 361 338 X111.
395 296 486 337 Kal.
520 295 671 336 Iunias.
716 294 853 335 Civem
886 295 1002 336 illum
1035 295 1239 350 egregium
1272 297 1548 352 relinquebam
1583 303 1623 339 et
1667 299 1716 341 ad
1757 299 1870 351 haec,
1915 315 2016 355 quae

259 369 464 418 timentur,
498 367 765 422 propulsanda
809 367 1119 422 paratissimum.
1173 369 1279 410 Tuas
1323 370 1460 412 literas
1505 371 1757 426 exspectabo,
1804 388 1925 427 quum
1972 377 2018 414 ut

260 440 357 495 quid
390 454 496 493 agas,
530 444 617 481 tum
650 444 696 480 ut
728 439 799 481 ubi
834 441 886 481 sis
920 441 1056 482 seiam.

305 604 402 634 Civem
426 622 466 626 —
483 604 726 644 paratissimam.
761 604 811 636 Cf.
833 604 926 635 Fam.
956 606 1000 636 H.
1031 606 1059 642 8,
1088 605 1116 643 2,
1165 605 1232 636 beto
1261 607 1354 638 civem
1383 609 1537 649 eyreyiunz
1559 620 1625 640 esse
1648 609 1821 649 Pompeium
1846 611 1875 639 el
1897 608 1940 639 acl
1961 619 2023 640 om-

263 667 343 698 quas
366 657 475 688 literas
498 658 613 689 eodem
636 668 724 688 anno
746 657 851 698 pridie
881 658 968 689 Non.
1000 658 1115 697 Quint.

1164 658 1229 695 wia,
1261 670 1339 699 qaae
1365 661 1558 701 providenda
1592 666 1665 694 suat
1698 662 1731 691 in.
1761 672 1796 691 re
1819 661 1957 702 publiea,
1990 664 2019 691 el

262 711 406 743 Athenis
435 712 475 742 ad
508 711 555 742 M.
585 711 736 742 Caelium
763 711 869 742 dedit:
903 711 1033 742 Tantam
1063 712 1116 742 lta-

1140 727 1141 730 *
1163 711 1267 742 {meinzo
1289 714 1319 742 et
1342 713 1472 745 consilio
1490 716 1650 754 paralum.

868 817 986 859 VIII.
1053 818 1114 871 (Α.
1155 818 1195 858 U.
1234 819 1270 859 e.
1309 819 1424 872 703.)

332 935 370 972 1.
406 932 472 973 Μ6
506 937 545 972 et
577 931 827 972 incommoda
861 931 1061 982 valetudo,
1098 945 1175 984 qua
1208 932 1287 972 iam
1321 947 1569 984 emerseram,
1604 939 1743 989 utpote
1779 949 1902 987 quum
1936 934 2021 975 51116

266 1004 367 1045 febri
400 1004 653 1054 laborassem,
688 1009 728 1044 et
760 1003 982 1058 Pomptinii
1016 1004 1272 1058 exspectatiO,
1319 1003 1367 1044 de
1402 1019 1479 1058 quo
1513 1005 1643 1046 adhue
1676 1021 1726 1046 ne
1760 1022 1893 1048 rumor
1938 1008 2023 1062 qui-

267 1077 357 1117 slem
391 1082 565 1126 venerat,
599 1076 763 1118 tenebat
798 1076 1080 1118 duodecimum
1114 1077 1194 1117 iam
1228 1076 1333 1117 diem
1378 1078 1600 1129 Brundisii,
1646 1079 1715 1120 sed
1756 1095 1915 1122 cursum
1960 1096 2024 1121 ex-

268 1149 561 1205 spectabamus.
610 1153 646 1191 2.
679 1151 740 1191 Tu
773 1150 806 1191 si
840 1149 958 1191 modo
991 1165 1032 1190 es
1077 1150 1226 1191 Romae
1261 1175 1318 1179 —
1353 1149 1418 1191 vix
1463 1151 1569 1191 enim
1610 1156 1707 1206 puto
1743 1170 1822 1193 —:
1859 1153 1921 1194 sin
1970 1168 2025 1204 es,

268 1223 343 1263 hoc
387 1222 641 1264 veliementer
686 1223 980 1264 animadvertas
1030 1223 1162 1264 velim.
1211 1224 1337 1264 Roma
1383 1239 1610 1279 acceperam
1654 1225 1788 1267 literas
1831 1227 2025 1268 Milonem

269 1312 401 1337 meum
437 1297 549 1350 queri
582 1311 651 1352 per
683 1297 818 1338 literas
852 1297 1041 1337 iniuriam
1075 1311 1217 1347 meam,
1254 1297 1359 1351 quod
1395 1297 1637 1339 Philotimus
1671 1299 1801 1339 5061115
1843 1303 1946 1340 esset
1984 1299 2026 1340 in

269 1369 386 1410 bonis
419 1369 514 1410 suis.
549 1369 598 1410 Id
633 1384 705 1424 ego
738 1370 795 1410 ita
828 1370 912 1410 fieri
945 1369 1054 1410 volui
1088 1369 1136 1410 116
1168 1369 1213 1410 C.
1248 1370 1420 1411 Duronii
1454 1371 1672 1423 sententia,
1709 1387 1827 1426 quem
1860 1376 1900 1413 et
1932 1371 2028 1413 ami-

270 1443 474 1483 cissimum
508 1442 654 1483 Miloni
688 1457 963 1497 perspexeram
997 1447 1037 1483 et
1069 1442 1189 1483 talem
1224 1442 1366 1492 virum,
1402 1443 1559 1497 qualem
1594 1448 1639 1484 tu
1671 1443 1841 1493 iudicas,
1884 1459 2028 1498 cogno-

269 1531 368 1557 ram.
402 1516 501 1556 Eius
535 1520 666 1556 autem
703 1515 914 1556 consilium
950 1531 1162 1570 meumque
1196 1515 1271 1555 1106
1305 1516 1447 1565 fuerat,
1482 1516 1655 1571 primum
1689 1521 1736 1557 ut
1768 1517 1811 1557 111
1833 1520 2028 1568 potestate

270 1594 405 1630 nostra
438 1594 541 1629 esset
574 1604 649 1639 res,
684 1604 732 1629 ne
767 1589 881 1629 illum
915 1589 1043 1630 malus
1077 1594 1230 1643 emptor
1265 1589 1417 1629 alienus
1452 1590 1675 1644 mancipiis,
1711 1605 1810 1644 quae
1834 1589 2030 1645 permulta

271 1678 405 1703 56611111
440 1661 572 1711 habet,
609 1661 816 1716 spoliaret,
853 1662 1012 1712 deinde,
1046 1667 1092 1702 ut
1125 1663 1309 1709 Faustae,
1352 1662 1417 1702 6111
1451 1667 1614 1702 cautum
1647 1663 1712 1703 1116
1758 1678 1841 1703 6556
1886 1662 2031 1703 voluis-

273 1742 345 1787 set,
380 1740 510 1776 ratum
545 1739 659 1774 esset.
711 1734 811 1774 Erat
844 1733 965 1791 etiam
998 1734 1113 1785 illud,
1148 1738 1194 1774 ut
1226 1733 1303 1788 ipsi
1348 1748 1433 1784 nos,
1480 1734 1511 1774 si
1557 1734 1652 1788 quid
1696 1735 1841 1776 servari
1887 1740 2034 1789 posset,

274 1825 393 1865 quam
427 1808 611 1849 facillime
647 1822 905 1848 servaremus.
960 1809 1000 1848 3.
1036 1808 1158 1848 Ν11116
1192 1822 1274 1847 rem
1307 1811 1433 1848 totam
1467 1807 1682 1862 perspicias
1716 1808 1848 1850 velim.
1904 1807 2035 1849 Nobis

275 1883 381 1924 enim
414 1881 643 1923 scribuntur
676 1896 790 1937 saepe
824 1881 986 1922 maiora.
1043 1882 1085 1923 Si
1117 1881 1183 1921 ille
1218 1881 1412 1935 queritur,
1448 1881 1480 1921 si
1515 1880 1655 1923 scribit
1699 1882 1748 1923 ad
1794 1882 1955 1933 amicos,
2001 1896 2035 1923 51

321 2045 358 2076 15
383 2044 511 2077 rectiora.
540 2044 605 2075 Sed
624 2044 653 2075 si
674 2043 732 2076 ille
755 2062 794 2067 —-

325 2199 343 2238 ξ
366 2199 394 2229 1.
420 2197 488 2238 Qua
510 2197 570 2227 iam
595 2206 788 2227 emerseram.
822 2196 902 2227 Sine
924 2196 1026 2233 (lubio
1049 2202 1136 2227 recte

283 2252 462 2283 Cratander
484 2251 584 2282 edidit
607 2260 623 2280 e
652 2260 722 2290 qua,
750 2250 839 2290 quod
869 2250 915 2280 516
944 2259 1073 2290 semper
1102 2249 1136 2279 in

282 2306 344 2336 hoc
372 2305 473 2336 verbo
508 2304 650 2335 Tullius.
688 2303 738 2335 Cf.
768 2304 800 2334 h.
831 2304 852 2333 1.
883 2304 930 2340 10,
962 2305 990 2333 3.
1026 2302 1135 2341 Quare

283 2358 381 2389 etiam
405 2358 439 2387 in
463 2356 578 2396 fragm.
602 2363 681 2387 orat.
704 2356 739 2386 in
764 2355 856 2387 Clod.
881 2361 912 2387 et
942 2355 1077 2387 Curion.
1108 2366 1139 2396 p.

285 2411 344 2441 152
367 2409 421 2441 Or.
452 2411 486 2438 vl
518 2409 575 2439 ille
601 2408 716 2438 iudicio
746 2411 890 2449 tanquam
926 2419 942 2438 e
970 2407 1139 2448 wstufi·(zyi0

285 2464 387 2493 malus
408 2462 533 2493 emersit
553 2462 743 2501 Madvigius
766 2462 799 2492 in
823 2462 974 2502 Append.
996 2462 1037 2492 ad
1057 2461 1138 2501 disp.

286 2520 326 2550 de
348 2519 425 2549 Asc.
448 2518 527 2549 Ped.
550 2528 580 2558 p.
604 2518 652 2554 25,
675 2518 772 2548 scribi
794 2518 889 2548 iussit
910 2527 926 2547 e
940 2516 1067 2547 iudicio.
1090 2516 1139 2546 At

286 2572 320 2602 in
344 2570 451 2601 verbis
483 2579 532 2610 ep.
562 2570 589 2600 2.
619 2569 671 2599 VI
700 2570 739 2599 ad
769 2569 840 2600 Art.
873 2568 944 2598 Hae
973 2570 1076 2598 aulem
1106 2578 1140 2598 re

274 2622 471 2662 ,incredibile
506 2625 551 2653 est
592 2624 739 2663 quantum
774 2622 918 2653 civitates
957 2621 1139 2652 emerserint

287 2678 451 2709 ablativus
473 2676 605 2713 indicat,
629 2686 692 2716 qua
714 2686 747 2707 re
770 2676 891 2706 factum
918 2676 969 2713 sit,
1001 2680 1037 2706 ut
1064 2675 1141 2706 civi-

287 2736 369 2763 tates
392 2740 433 2761 ex
457 2730 566 2770 inopia
589 2730 789 2760 emerserint.
831 2729 942 2760 Aliter
964 2729 1074 2765 verba,
1107 2728 1140 2758 in

1186 2196 1286 2233 VIII,
1310 2198 1338 2234 3,
1361 2197 1396 2227 2:
1424 2196 1514 2237 Quod
1534 2197 1578 2227 acl
1600 2195 1758 2227 Philotimi
1781 2195 1887 2226 libet-li
1908 2195 2038 2236 officinm

1187 2252 1216 2280 et
1249 2250 1328 2280 bona
1361 2249 1488 2281 Milonis
1517 2250 1642 2287 attinet,
1671 2249 1812 2280 dedimus
1843 2259 1975 2289 operam,
2005 2251 2040 2280 ut

1188 2305 1217 2333 et
1241 2302 1428 2333 Philotimus
1450 2313 1538 2343 quam
1562 2301 1776 2333 honestissime
1792 2301 1906 2332 Miloni
1921 2301 2042 2332 absenti

1187 2356 1311 2396 eiusque
1334 2355 1519 2386 necessariis
1530 2355 1732 2395 salisflceeret
1750 2356 1780 2385 et
1795 2354 1962 2385 seeundum
1977 2353 2044 2384 eius

1177 2407 1274 2448 fidem
1305 2410 1334 2438 et
1366 2407 1565 2438 sedelitalem
1602 2407 1793 2438 existimatio
1831 2409 1885 2436 lua
1923 2416 2043 2436 conser-

1188 2464 1323 2492 meretur.

1230 2513 1276 2543 Ne
1298 2532 1338 2535 ——-
1361 2513 1522 2553 mancipiis
1545 2532 1585 2535 —
1606 2512 1765 2569 spolia-ret.
1788 2512 1927 2553 Emptor
1946 2512 2043 2543 bono-

1188 2577 1260 2597 mm
1291 2571 1416 2606 poterat
1452 2566 1498 2596 uti
1535 2566 1596 2596 hoc
1633 2570 1828 2605 argumento
1863 2575 1973 2596 servos
2010 2564 2044 2596 in

1188 2620 1345 2650 damnum
1361 2619 1559 2650 creditorum
1576 2629 1594 2649 a
1609 2618 1736 2649 Milone
1750 2617 1933 2649 Massiliam
1945 2617 2044 2649 fuisse

1187 2673 1352 2703 abductos.

1230 2726 1379 2763 Faustae,
1403 2725 1516 2756 Sullae
1539 2725 1636 2762 filiae,
1658 2735 1756 2766 quam
1786 2725 1871 2756 Milo
1902 2733 2041 2755 uxorem

290 2784 409 2825 quibus
433 2792 608 2818 versamur,
633 2782 803 2821 temptavit
834 2782 862 2811 Ι.
890 2781 927 2811 F.
958 2780 1144 2811 Gronovius
1190 2782 1339 2812 duxerat.
1370 2781 1447 2811 Vid.
1470 2781 1581 2811 Bentl.
1604 2781 1645 2810 ad
1667 2780 1748 2810 Hor.
1782 2779 1849 2810 Sat.
1878 2779 1905 2810 Ι.
1937 2780 1966 2816 2,
1996 2778 2045 2808 64.

290 2837 451 2869 scribens:
474 2844 654 2876 quamquam
677 2833 786 2864 emersi
807 2832 881 2863 iam.
904 2833 969 2864 Sed
985 2834 1011 2863 si
1031 2832 1145 2864 Cicero
1191 2835 1232 2865 Ei
1254 2835 1338 2865 Milo
1361 2835 1400 2865 (le
1422 2835 1498 2865 dote
1521 2838 1653 2865 cautum
1676 2834 1816 2865 volebat.

290 2891 471 2932 perfeetum
493 2888 664 2929 posuisset,
686 2898 744 2928 pro
767 2887 955 2918 laborassem
979 2888 1078 2918 etiam
1101 2887 1147 2917 la-

290 2943 424 2976 hortm-im
452 2942 640 2982 scripsisset.

1236 2887 1254 2926 ξ
1277 2889 1305 2917 3.
1343 2887 1453 2917 Verba
1476 2887 1688 2917 distinximus
1710 2896 1786 2916 cum
1808 2884 2047 2924 Wesenbergio

1195 2941 1335 2972 Emend.
1367 2951 1397 2981 p.
1427 2940 1476 2977 97,
1507 2941 1713 2980 eundemque
1742 2939 1845 2970 secuti
1873 2948 1984 2970 sumus
2012 2938 2046 2968 in

335 2997 461 3028 Cursum
489 3006 523 3026 οι
554 2993 733 3035 navigandi
762 2993 959 3030 facultatem,
993 2998 1028 3024 ut
1057 2997 1151 3025 vocat
1194 2994 1334 3024 delendo
1355 2993 1421 3030 sed,
1445 2998 1475 3024 et
1499 2993 1531 3023 in
1555 2993 1755 3023 restituendo
1768 2991 1883 3031 ficerat
1905 3002 1963 3032 pro
1976 2990 2048 3031 fne-

290 3050 383 3081 Fam.
406 3050 471 3080 111.
495 3050 512 3079 3
536 3053 620 3080 extr.

1193 3047 1246 3078 rit.
1270 3048 1455 3087 Utrumque
1480 3046 1602 3077 factum
1624 3052 1673 3077 est
1693 3046 1763 3076 eod.
1780 3046 1868 3076 Med.
1886 3054 2049 3085 expressa,

336 3105 354 3144 ξ
379 3105 406 3135 2.
439 3104 489 3134 De
512 3104 626 3134 eadem
654 3111 688 3133 re
715 3102 795 3132 haec
822 3101 964 3141 legimus
995 3102 1028 3132 in
1059 3095 1151 3142 epist.
1198 3101 1337 3131 aliorum
1359 3101 1518 3131 librorum
1540 3100 1636 3130 tacita
1659 3099 1859 3129 auctoritate.

295 3158 400 3190 Caelii
423 3157 538 3189 eodem
558 3165 680 3193 mense,
703 3159 739 3186 ut
760 3154 898 3192 videtur,
915 3155 1043 3195 scripta,
1058 3154 1151 3185 Fam.

1236 3154 1362 3185 Maiora
1392 3163 1435 3185 56.
1466 3153 1560 3185 veris.
1599 3152 1819 3193 Opponuntur
1857 3150 1977 3183 leviora
2015 3160 2047 3182 o:
