2117 3533
229 147 284 186 14

628 143 711 183 ΕΡ.
748 142 822 181 ΑΒ
856 142 901 181 Τ.
937 138 1286 181 POMPONIUM
1320 137 1582 178 AT'HCFM.

230 280 513 328 ficiscerentur,
535 275 763 330 nequedum
793 280 831 315 te
853 273 1023 314 Athenis
1047 287 1129 313 esse
1154 269 1428 312 audiebamus.
1466 272 1505 310 4«.
1527 270 1587 311 De
1604 270 1835 311 Acutiliano
1853 274 1985 310 autem

230 352 391 406 negotio
425 348 531 404 quod
563 347 664 388 mihi
696 345 918 396 mandaras,
952 350 999 385 ut
1031 344 1204 399 primum
1237 358 1259 383 a
1281 347 1352 383 tuo
1377 341 1556 396 digressu
1577 342 1744 382 Romam
1764 342 1868 390 veni,
1896 356 1987 382 con-

231 425 398 466 feceram
412 442 422 475 ;
458 421 526 464 sed
560 420 719 472 accidit,
753 424 800 460 ut
833 424 873 460 et
906 417 1160 459 contentione
1179 416 1204 460 †
1236 415 1339 456 nihil
1373 430 1472 470 opus
1506 419 1609 455 esset
1626 419 1665 455 et
1680 420 1728 456 ut
1745 430 1831 468 ego,
1857 413 1987 468 quiin

232 503 270 538 te
305 497 400 538 satis
434 494 591 536 consilii
625 493 833 535 statuerim
867 506 964 541 esse,
998 489 1157 531 mallem
1190 488 1446 529 Peducaeum
1478 486 1555 528 tibi
1588 487 1799 528 consilium
1838 501 1908 542 per
1943 485 1989 525 li-

204 589 217 612 5
234 572 338 612 teras
372 584 492 624 quam
525 583 587 609 1116
622 567 728 608 dare.
763 566 927 607 Etenim
959 578 1084 619 quum
1116 562 1263 604 multos
1287 561 1372 602 dies
1390 576 1504 601 aures
1521 576 1629 602 meas
1656 561 1833 602 Acutilio
1859 559 1988 600 dedis-

233 659 314 685 sem
349 667 406 672 —
440 643 554 683 cuius
588 641 780 683 sermonis
813 654 939 694 genus
971 637 1047 678 tibi
1080 640 1222 677 notum
1255 650 1338 676 esse
1362 633 1532 675 arbitror
1553 658 1626 684 —-,
1646 648 1728 674 non
1750 633 1850 674 mihi
1872 647 1990 686 grave

233 717 330 758 duxi
365 715 534 758 scribere
568 715 618 756 ad
649 720 689 756 te
724 713 772 754 de
805 712 914 753 illius
948 709 1220 765 querimoniis,
1255 721 1381 762 quum
1411 721 1476 747 eas
1495 706 1646 757 audire,
1667 706 1773 760 quod
1794 710 1878 746 erat
1898 704 1991 747 sub-

233 791 429 841 odiosum,
463 790 548 831 leve
581 793 797 844 putassem.
833 785 910 827 Sed
944 784 1013 826 abs
1046 788 1086 824 te
1118 783 1218 838 ipso,
1255 781 1325 835 qui
1357 795 1419 821 me
1449 794 1624 830 accusaS,
1648 795 1750 821 unas
1770 778 1871 820 mihi
1891 779 1990 820 scito

232 864 366 906 literas
399 862 575 904 redditas
608 876 706 911 esse,
742 874 866 914 quum
899 863 939 899 et
973 857 1045 898 otii
1078 857 1127 898 ad
1162 853 1417 897 scribendum
1450 853 1540 908 plus
1564 858 1604 894 et
1624 853 1855 894 facultatem
1869 850 1992 891 dandi

187 947 219 971 ¹0
232 937 421 979 maiorem
454 934 655 976 habueris.
701 936 740 973 5.
775 932 893 983 Quod
929 930 1082 981 scribis,
1118 929 1238 970 etiam
1271 928 1305 969 si
1338 927 1452 968 cuius
1487 927 1643 967 animus
1675 926 1719 966 in
1751 930 1791 966 te
1815 928 1918 966 esset
1937 923 1993 964 of-

233 1010 392 1060 fensior,
428 1024 449 1049 a
482 1023 544 1049 me
577 1006 755 1060 recolligi
789 1009 968 1060 oportere
1003 1004 1147 1057 (teneo)
1183 999 1280 1055 quid
1314 999 1435 1049 dicas,
1481 1014 1610 1053 neque
1642 998 1685 1039 id
1717 997 1889 1052 neglexi,
1924 995 1992 1038 sed

233 1088 292 1124 est
324 1082 424 1123 miro
458 1080 631 1135 quodam
664 1078 781 1120 modo
815 1077 993 1119 affectus.
1028 1076 1115 1129 Ego
1149 1079 1296 1123 autem,
1332 1087 1432 1126 quae
1467 1071 1635 1112 dicenda
1669 1071 1833 1112 fuerunt
1866 1070 1913 1111 de
1938 1076 1992 1120 te,

276 1303 294 1333 3
317 1300 400 1333 nihil
420 1301 491 1333 sine
513 1299 635 1331 indicio
657 1297 859 1339 corruptelae
880 1314 921 1318 -
944 1294 961 1327 7
984 1292 1152 1325 duxissem.

278 1484 296 1524 ἓ
319 1485 348 1513 4.
374 1481 423 1513 De
452 1480 636 1513 Acutiliano
665 1478 797 1520 neqotio.
832 1476 916 1508 Cum
944 1472 1092 1505 Acutilio

237 1538 381 1578 quodam
411 1536 541 1567 Atticus
570 1532 826 1565 controversiam
854 1529 980 1570 agebat,
1011 1535 1093 1567 quae

236 1596 307 1631 post
329 1589 501 1621 biennium
522 1589 669 1619 nondum
692 1591 760 1617 erat
781 1584 884 1615 finita.
900 1582 940 1613 cf.
962 1582 994 1611 h.
1018 1581 1039 1610 l.
1064 1581 1092 1617 8,

238 1645 252 1674 1
278 1649 309 1675 et
331 1646 359 1681 4,
384 1645 412 1674 1.

282 1696 496 1737 C'onfeceram:
526 1695 582 1726 sed
614 1693 741 1730 accidit,
773 1702 806 1723 o:
845 1690 1003 1721 conficere
1040 1697 1093 1717 vo-

238 1752 363 1782 lueram
379 1755 410 1781 et
426 1749 639 1781 confecissem
653 1748 743 1783 adeo,
759 1745 823 1776 nisi
839 1743 1016 1778 accidisset,
1034 1744 1092 1771 cet.

240 1804 346 1835 Multa
369 1812 464 1843 saepe
479 1803 518 1834 de
535 1801 672 1832 consilio
695 1804 769 1830 sunt
794 1795 1025 1836 intelligenda3
1049 1793 1094 1823 sic

238 1857 263 1888 Ι.
288 1858 335 1893 14,
360 1858 376 1886 5
400 1855 517 1886 nullum
541 1853 651 1884 SCtum
664 1850 806 1892 facienti
829 1854 875 1880 est
897 1859 930 1879 n.
953 1846 1028 1878 SCt.
1052 1845 1094 1876 fa-

238 1919 311 1941 cere
334 1908 469 1945 volenti,
494 1907 518 1938 I.
543 1908 591 1943 18,
615 1908 643 1943 4,
668 1903 807 1936 traducit
830 1903 851 1933 i.
877 1912 903 1933 6.
928 1901 1094 1932 traducere

239 1968 384 1995 conatur.
408 1962 447 1993 cf.
472 1962 513 1992 ad
534 1961 613 1991 VII.
637 1961 686 1996 23,
710 1960 739 1990 2.

286 2016 323 2046 Ut
346 2018 375 2046 et
400 2014 597 2046 contentione
619 2012 702 2043 nihil
721 2020 796 2052 opus
819 2011 909 2040 esset.
939 2007 975 2038 Si
998 2016 1097 2047 nego-

239 2070 321 2100 tium
343 2069 413 2100 sine
435 2067 645 2098 contentione
667 2064 783 2096 confici
806 2067 939 2104 poterat,
961 2071 1020 2091 cur
1047 2058 1097 2091 Ci-

240 2133 314 2154 cero
337 2133 404 2153 non
428 2119 591 2152 confecit?
604 2124 658 2150 aut
670 2123 805 2149 curtam
819 2117 874 2147 diu
895 2115 979 2145 illud
993 2113 1098 2144 amico

242 2177 391 2207 nuntiare
415 2173 589 2215 neglexit?
613 2173 754 2203 Videtur
775 2170 881 2211 potius
899 2169 947 2199 uti
968 2168 1028 2198 hac
1045 2176 1098 2197 ex—

243 2230 418 2266 cusatione,
442 2238 475 2259 se
509 2238 576 2258 non
608 2225 783 2266 scripsisse,
817 2222 973 2264 quoniam
1001 2230 1099 2260 nego-

244 2286 326 2316 tium
342 2289 409 2315 erat
426 2282 567 2314 difficile.
591 2280 683 2311 Nihil
694 2284 741 2310 est
756 2278 919 2309 vitiosum.
943 2276 1100 2316 Pluyger-

243 2339 309 2369 81118
334 2337 510 2377 (Mnemos.
534 2335 595 2365 XI.
619 2344 649 2374 p.
676 2334 751 2374 288)
775 2331 917 2362 correxit
938 2328 1098 2363 nonnihil,-

244 2400 304 2428 ego
327 2389 432 2430 potius
455 2387 537 2418 nihil
559 2397 575 2418 e
598 2386 672 2417 mihi
694 2386 906 2426 depravatum
927 2388 1015 2423 puto.

285 2441 405 2472 Etenim
431 2451 518 2481 qnam
542 2458 584 2462 —-
612 2439 776 2474 dedissem,
806 2447 867 2467 non
890 2455 930 2458 -—
951 2434 1028 2465 dua-i
1050 2452 1100 2470 —‚

244 2506 333 2537 quum
361 2512 403 2516 —
429 2496 599 2534 putassem.
630 2491 843 2524 observanda
872 2494 919 2521 est
946 2488 1101 2519 orationis

248 2550 361 2586 forma,
386 2548 420 2578 in
439 2557 503 2588 qua
521 2546 702 2578 enuntiatio
716 2544 870 2586 primaria
886 2543 1102 2584 interponitur

245 2603 369 2633 duabus
408 2600 691 2633 enunciationibus
730 2598 928 2634 causalibus,
965 2605 1102 2637 quarum

245 2656 404 2697 posterior
426 2655 512 2695 quod
535 2654 570 2684 in
592 2653 699 2694 priore
718 2652 822 2683 levius
842 2651 1021 2682 indicatum
1044 2654 1100 2687 est,

247 2712 397 2743 disertius
419 2710 580 2752 proponit.
604 2708 741 2750 Copiose
764 2709 804 2739 de
826 2708 888 2739 hoc
901 2716 1021 2747 genere
1037 2706 1103 2746 egit

247 2765 359 2795 Madv.
383 2765 423 2794 ad
447 2762 512 2794 Cic.
535 2762 608 2793 Fin.
632 2772 662 2802 p.
686 2761 734 2798 17,
757 2761 852 2791 huius
874 2760 938 2791 loci
960 2770 1026 2790 non
1045 2759 1102 2789 im-

248 2828 384 2849 memor.
418 2816 529 2855 Quum
550 2816 736 2856 Malaspina
756 2825 814 2855 pro
836 2814 923 2851 duxi,
947 2814 1034 2854 quod
1056 2817 1104 2844 est

253 2871 286 2902 in
310 2871 409 2906 Med,
433 2869 627 2900 correxisset
649 2868 815 2904 clmissem,
846 2867 963 2898 Bosius
986 2877 1019 2898 se
1040 2867 1102 2897 hoc

252 2923 286 2953 in
310 2923 341 2953 Y
364 2922 484 2953 vidisse
513 2921 668 2952 mentitus
698 2925 755 2952 est.
789 2920 865 2950 Non
896 2929 975 2960 opus
1003 2923 1104 2949 muta-

249 2975 348 3006 tione.
378 2974 448 3006 Non
470 2974 546 3005 mihi
565 2984 662 3015 ¹qrave
684 2973 761 3004 dmi
783 2973 917 3004 scribere
938 2973 1037 3004 etiam
1066 2972 1106 3003 ab

251 3039 289 3061 60
311 3029 376 3059 (1161
398 3033 510 3069 potest,
535 3028 589 3069 qui
619 3038 686 3059 non
716 3028 852 3068 scripsit,
885 3028 961 3068 quia
988 3027 1106 3059 melius

249 3081 312 3112 hoc
335 3082 375 3111 ab
397 3082 461 3111 alio
483 3081 553 3112 ficri
575 3081 716 3121 putabat.
741 3080 856 3112 Cicero
878 3080 983 3111 voluit
1005 3081 1044 3111 de
1067 3089 1105 3111 6ο

254 3133 387 3175 negotio
408 3134 558 3170 scribere,
582 3135 638 3165 sed
660 3144 726 3164 non
749 3134 885 3174 scripsit,
915 3143 1015 3174 quum
1048 3133 1106 3164 Pe-

1139 1472 1278 1504 ducaeus
1300 1482 1335 1504 se
1357 1474 1419 1504 hoc
1441 1474 1603 1504 facturum
1626 1472 1770 1504 dixisset.
1793 1472 1870 1503 Non
1887 1471 1998 1502 omisit

1142 1525 1198 1557 ille
1220 1527 1384 1558 scribendi
1407 1528 1553 1558 officium
1581 1527 1707 1558 vitandi
1738 1526 1859 1557 laboris
1889 1535 1995 1557 causa.

1142 1579 1182 1609 cf.
1206 1581 1418 1612 Meutznerus
1441 1581 1474 1612 in
1492 1581 1580 1612 Diar.
1596 1581 1713 1620 Antiq.
1731 1591 1757 1610 a.
1773 1579 1861 1616 1837,
1882 1589 1911 1620 p.
1925 1581 1996 1610 431.

1186 1632 1282 1672 Quum,
1305 1651 1345 1656 --
1368 1644 1461 1664 aures
1483 1643 1566 1663 meas
1588 1633 1627 1664 A.
1643 1633 1806 1669 dedissem,
1830 1642 1865 1663 o:
1896 1641 1995 1672 quum

1141 1686 1237 1717 Acut.
1262 1687 1422 1727 patienter
1444 1687 1649 1718 audivissem.
1674 1686 1800 1717 Eadem
1815 1686 1936 1717 locutio
1951 1692 1999 1717 est

1142 1753 1170 1783 p.
1194 1743 1306 1781 Arch.,
1330 1744 1378 1774 26.

1184 1796 1391 1827 Snbodz'osum.
1429 1797 1454 1827 I.
1478 1796 1514 1827 F.
1539 1795 1723 1827 Gronovius
1746 1795 1780 1826 in
1803 1795 1930 1825 dictatis
1959 1795 1999 1825 ad

1143 1850 1175 1880 h.
1206 1850 1225 1880 ].
1256 1855 1367 1881 monet
1397 1849 1590 1881 Ciceronem
1618 1849 1730 1880 ludere
1757 1848 1819 1879 hoc
1854 1848 1998 1885 nomine,

1145 1905 1232 1944 quod
1253 1904 1307 1934 sub
1323 1904 1487 1935 interdum
1507 1908 1612 1944 auget,
1629 1903 1793 1934 interdum
1807 1902 1935 1932 minuit.
1958 1902 1999 1932 Il-

1146 1957 1201 1988 lud
1217 1958 1405 1998 negandum
1421 1962 1477 1988 est.
1500 1957 1645 1988 Nomina
1665 1957 1711 1987 sic
1727 1956 1906 1996 composita
1920 1965 2000 1987 sem-

1146 2020 1202 2050 per
1218 2010 1379 2041 minorem
1394 2011 1540 2050 gradum,
1560 2019 1657 2050 quam
1670 2008 1832 2049 simplicia
1846 2008 2000 2040 indicant.

1189 2065 1206 2103 ξ
1230 2066 1257 2094 5.
1281 2064 1404 2104 Agitur
1425 2064 1464 2094 de
1487 2063 1628 2094 Lucceio
1651 2063 1689 2093 cf.
1714 2063 1754 2093 ad
1776 2071 1824 2103 ep.
1841 2063 1869 2099 3,
1885 2063 1913 2092 3.
1937 2061 2004 2093 Sed

1148 2118 1281 2148 nomine
1297 2127 1393 2157 aegre
1408 2127 1564 2148 caremus.
1587 2116 1804 2148 Scribendum
1818 2120 1910 2157 puto:
1929 2115 2002 2146 an-

1148 2170 1193 2201 cez'
1215 2170 1337 2201 animus
1360 2176 1414 2214 aut
1435 2170 1585 2200 Lucceius
1608 2169 1719 2200 animo.

1189 2223 1229 2255 In
1253 2226 1285 2255 te
1312 2243 1353 2246 —
1388 2223 1546 2265 offensior.
1578 2234 1610 2254 o:
1647 2223 1767 2254 iratior.
1805 2223 2003 2263 Plenunque

1149 2277 1277 2307 additur
1290 2277 1426 2307 dativus.
1442 2276 1507 2306 vid.
1524 2276 1673 2307 Torrent.
1688 2276 1729 2306 ad
1744 2275 1832 2306 Suet.
1848 2274 1938 2306 Caes.
1956 2275 2003 2306 19.

1192 2329 1291 2360 Teneo
1313 2329 1389 2370 qnid
1410 2328 1508 2360 dicas.
1545 2329 1682 2360 Veteres
1704 2329 1774 2359 intr.
1798 2328 1910 2359 dicunt
1931 2327 2006 2369 quid

1149 2383 1248 2420 dieas,
1273 2393 1356 2424 quae
1379 2383 1478 2414 verba
1507 2383 1574 2413 sola
1605 2383 1638 2413 in
1669 2383 1761 2413 codd.
1792 2381 2006 2412 inveniuntur

1150 2447 1219 2468 esse
1236 2436 1392 2477 loquendi
1408 2446 1512 2475 genus
1528 2436 1698 2472 comicum,
1714 2445 1744 2475 p.
1760 2435 1824 2465 scio
1839 2434 1892 2466 vel
1906 2433 2005 2471 video,

1150 2490 1226 2531 qnid
1247 2489 1344 2520 dicas.
1382 2488 1447 2520 Sed
1469 2493 1553 2519 recte
1576 2489 1733 2519 Ernestus
1755 2492 1867 2519 monet
1888 2489 2005 2518 durum

1149 2543 1210 2573 hoc
1233 2552 1301 2573 6886
1331 2546 1362 2572 et
1390 2546 1502 2572 contra
1530 2541 1799 2572 consuetiulinem
1828 2540 2004 2572 Ciceronis.

1150 2596 1248 2635 Quod
1278 2595 1420 2627 Orellius
1450 2595 1578 2636 supplet
1607 2597 1694 2626 teneo
1724 2594 1819 2626 facile
1855 2594 2005 2626 excidere

1150 2649 1262 2691 potuit,
1286 2652 1317 2680 et
1340 2653 1387 2679 est
1409 2648 1619 2689 aptissimum.

1192 2701 1346 2743 Affectus,
1382 2700 1514 2741 dfficere
1535 2701 1673 2731 verbum
1693 2700 1861 2740 proprium
1890 2703 1938 2730 est
1965 2699 2005 2730 de

1150 2756 1252 2787 animi
1272 2756 1586 2796 peMurbationibuffi
1610 2756 1744 2797 affectus
1766 2760 1813 2786 est
1833 2755 2004 2791 animatus,

1150 2801 1338 2848 διατεθείς.
1363 2809 1410 2840 Cf.
1434 2809 1513 2840 XII.
1538 2810 1586 2846 32,
1610 2810 1637 2840 1.

1195 2866 1279 2907 Quid
1306 2878 1334 2898 α.
1367 2867 1614 2898 contendendmn
1645 2867 1734 2897 esses.
1772 2866 1791 2896 i.
1822 2875 1848 2896 e.
1885 2868 2006 2905 quanta

1150 2924 1258 2952 autem
1280 2920 1488 2952 contentione
1511 2920 1676 2960 agendmn
1698 2923 1789 2956 esset,
1811 2922 1846 2948 ut
1875 2921 2006 2958 apparet

1151 2986 1193 3008 ex
1216 2986 1263 3016 ep.
1289 2976 1336 3013 10,
1360 2976 1388 3013 2,
1411 2975 1468 3006 ubi
1490 2976 1605 3006 eodem
1626 2974 1726 3006 verbo
1753 2973 1862 3005 utitur.
1893 2972 2006 3004 Minus

1151 3036 1236 3063 recte
1259 3030 1374 3063 Graev.
1399 3035 1429 3062 et
1450 3031 1528 3062 Ern.
1552 3031 1691 3071 probant
1719 3040 1736 3061 c
1759 3031 1828 3061 cod.
1851 3031 1875 3078 ψ
1899 3038 2005 3059 conee-

1152 3084 1295 3121 dendnm,
1319 3085 1406 3124 quod
1428 3088 1482 3114 aut
1503 3083 1726 3123 negligentiae
1748 3087 1801 3114 aut
1822 3081 1928 3113 malae
1959 3090 2005 3111 86-

1153 3137 1282 3168 dulitati
1303 3136 1428 3167 librarii
1449 3136 1592 3167 debetur.
