2117 3533
717 169 825 211 LIB.
859 169 918 211 Π.
951 169 1036 211 EP.
1072 171 1113 210 1.
1150 172 1190 210 2.

697 322 760 362 II.

828 323 893 375 (A.
935 323 980 362 o.

1782 165 1836 206 79

1018 323 1059 362 C.
1095 323 1214 375 694.)

147 439 186 478 1.
220 436 338 487 Cura,
374 435 515 477 amabo
547 441 601 486 te,
636 434 869 476 Ciceronem
901 440 1097 477 nostrum.
1142 435 1193 476 Ei
1225 450 1297 476 nos
1341 439 1604 479 συννοσεῖν
1643 431 1839 473 videmur·

87 514 126 551 2.
161 506 485 561 ΙῙελληναίων
517 509 561 549 in
593 507 779 548 manibus
812 507 998 549 tenebam
1031 513 1071 549 et
1103 507 1264 549 hercule
1308 523 1499 563 magnum
1543 521 1727 548 acervum
1770 505 1841 546 Di-

84 582 261 625 caearchi
294 582 394 623 mihi
437 587 529 622 ante
569 580 689 636 pedes
730 585 1017 622 exstruxeram.
1068 582 1103 622 O
1144 596 1334 636 magnum
1375 581 1597 621 hominem!
1644 580 1669 623 †
1713 584 1752 620 et
1795 593 1841 619 eo

83 654 209 696 multo
240 655 355 709 plura
389 653 577 694 didiceris
611 668 731 707 quam
757 652 804 693 de
830 653 1016 693 Procilio.
1050 652 1346 711 Κορινθίων
1367 658 1407 694 et
1433 651 1721 705 Ἀθηναίων
1743 656 1841 706 puto

82 743 144 769 me
178 728 327 768 Romae
360 725 521 766 habere.
556 725 662 766 Mihi
686 724 822 766 credes
846 726 871 769 †
894 725 1000 780 leges
1019 726 1115 767 haec
1140 726 1261 768 doceo
1284 725 1478 767 mirabilis
1501 725 1560 766 vir
1583 730 1656 766 est.
1693 720 1842 783 ςΙΙρώ-

83 795 187 854 ὃης,
223 800 257 840 si
288 799 406 840 homo
440 802 556 849 esset,
591 813 683 838 eum
727 798 862 852 potius
903 798 1066 852 legeret,
1110 814 1227 853 quam
1268 815 1390 840 unam
1432 800 1589 841 literam
1630 796 1820 838 scriberet
1830 814 1840 847 3

84 873 152 927 qui
183 888 247 913 me
281 871 449 927 epistola
481 870 638 926 petivit,
675 869 724 910 ad
763 875 816 920 te,
852 876 898 910 ut
937 870 1067 922 video,
1113 872 1336 914 comminus
1380 872 1559 914 accessit.
1603 869 1842 910 Coniurasse

82 946 239 988 mallem
274 961 392 999 quem
424 944 619 985 restitisse
655 943 936 993 coniurationi,

982 943 1015 984 si
1046 943 1161 985 iHum
1194 945 1294 986 mihi
1338 944 1584 986 audiendum
1624 947 1841 998 putassem.

84 1021 124 1060 3.
158 1019 219 1060 De
251 1017 394 1069 Lollio,
431 1032 551 1058 sanus
584 1031 666 1057 non
699 1030 740 1057 es
750 1033 761 1067 3
797 1015 844 1056 de
878 1016 1016 1067 Vinio,
1050 1016 1185 1058 laudo.
1220 1018 1297 1059 Sed
1331 1018 1430 1059 heus
1463 1022 1522 1068 tu,
1558 1016 1703 1070 ecquid
1732 1016 1842 1057 vides

81 1091 174 1133 Kal.
208 1091 355 1138 venire,
390 1089 615 1132 Antonium
646 1103 727 1130 non
761 1089 922 1130 venire?
955 1088 1109 1130 iudices
1143 1091 1258 1145 cogi?
1304 1091 1411 1131 Nam
1454 1090 1512 1131 ita
1555 1089 1605 1130 ad
1647 1104 1709 1130 me
1751 1089 1841 1129 mit-

121 1255 141 1284 4
163 1255 193 1285 et
215 1264 235 1284 a
257 1263 316 1295 quo
338 1271 380 1276 ——
401 1255 420 1284 6
445 1254 527 1285 Mihi
550 1254 650 1292 crede,
670 1254 771 1293 leyes:
798 1252 888 1283 Haec
910 1252 1003 1284 doceo
1026 1270 1067 1274 —
1089 1252 1242 1285 mirabilis
1263 1273 1302 1278 —
1326 1255 1365 1285 10
1387 1254 1426 1284 de
1447 1256 1464 1293 †
1486 1254 1569 1285 vino.

130 1402 147 1441 ξ
171 1402 199 1432 1.
230 1400 403 1431 Ciceronem
433 1401 581 1431 nostrum.
618 1400 659 1440 Q.
688 1401 795 1432 fratris
824 1402 940 1440 filium,

86 1464 184 1496 quem
214 1463 324 1485 sorore
352 1463 410 1484 sua
446 1453 631 1494 Pomponia
666 1460 780 1485 natum
809 1456 942 1486 Atticus

86 1508 172 1548 apud
204 1516 238 1538 se
267 1511 434 1547 aegrotare
471 1505 622 1538 Ciceroni
658 1508 879 1539 nuntiaverat.
901 1527 943 1532 —

85 1558 126 1590 Ei
146 1569 202 1590 nos
225 1559 397 1591 συννοσεῖν
422 1564 471 1590 est
494 1560 680 1591 emendatio
703 1560 836 1597 Mureti,
862 1560 941 1591 Var.

84 1615 175 1647 Lect.
204 1615 303 1647 XIV.
329 1617 357 1653 8,
390 1615 475 1646 facta
508 1616 549 1647 ad
571 1616 642 1646 cod.
672 1615 795 1653 sirleti,
819 1616 853 1647 in
876 1626 942 1658 quo
963 1601 965 1625 ἶ

85 1675 153 1701 erat
174 1678 275 1701 omos
298 1678 481 1701 crnocrm.
963 1666 965 1683 s

127 1723 145 1762 ξ
169 1723 197 1753 2.
220 1712 692 1766 Πελληναίων-Κορινθίων
702 1713 939 1757 01Ἀ3ηναίων

84 1774 257 1815 πολιτείας
279 1788 346 1808 non
361 1777 461 1808 fuisse
476 1781 581 1817 partes
598 1777 730 1807 maioris
744 1777 858 1817 operis,
876 1787 941 1817 quo

83 1832 302 1865 Dicaearchus
343 1833 494 1864 instituta
529 1842 700 1873 moresque
735 1833 939 1864 diversorum

83 1883 237 1916 Graeciae
258 1885 457 1925 populorum
479 1890 527 1916 est
546 1891 744 1925 persecutus,
764 1887 850 1926 quod
864 1885 940 1918 Βίον
963 1911 964 1927 2

82 1932 212 1973 Ἐλλάὸ
215 1951 248 1977 ος
269 1940 433 1980 inscripsit
456 1940 610 1971 adversus
633 1941 800 1972 Naekium
817 1941 851 1971 111
869 1942 941 1972 Mu·
963 1934 965 1966 ἶ

83 2005 138 2027 500
160 1996 248 2026 Phil.
269 1995 376 2027 Rhen.
399 1995 427 2025 I.
449 2005 480 2035 p.
503 1996 540 2025 51
565 2005 653 2036 seqq.
683 2002 769 2026 recte
796 1995 942 2027 defendit

82 2049 176 2079 Max.
198 2048 290 2078 Fuhr
312 2048 346 2078 in
370 2058 421 2088 op.
444 2048 484 2078 de
508 2048 701 2079 Dicaearchi
731 2049 880 2089 reliquiis
911 2060 941 2090 p.
964 2050 966 2070 ¹

83 2100 122 2133 87
145 2110 234 2142 seqq.

123 2155 140 2192 †
161 2152 201 2183 Et
223 2163 269 2184 eo.
292 2152 346 2184 Sic
368 2153 467 2184 habet
488 2153 578 2184 Med.
602 2153 701 2191 Quod
716 2154 818 2193 vulgo
836 2153 943 2184 editur

83 2209 114 2238 et
141 2217 160 2237 a
189 2217 247 2248 quo
276 2207 428 2247 displicet
456 2207 603 2237 maxime
640 2212 818 2247 propterea,
856 2207 943 2247 quod

82 2260 229 2301 sequitur
250 2261 290 2291 de
309 2260 454 2297 Procilio,
468 2260 619 2300 quamvis
636 2260 720 2290 illud
736 2269 793 2300 per
807 2269 840 2291 se
856 2264 941 2291 recte

82 2313 217 2344 dicatur.
241 2312 378 2344 Codices
400 2313 434 2343 in
457 2313 490 2343 h.
512 2313 534 2343 1.
557 2322 672 2343 omnes
695 2313 838 2353 corrupti
855 2318 941 2343 sunt.

82 2366 181 2405 Quod
202 2366 320 2398 Lamb.
348 2366 476 2407 scripsit
498 2368 528 2396 et
556 2366 639 2397 unde
674 2366 834 2407 imprimis
864 2366 942 2396 Tul-

82 2418 210 2450 lianum
237 2419 376 2456 videtur,
408 2418 464 2459 (cf.
494 2419 540 2449 ΙΙ,
571 2419 599 2456 9,
623 2419 642 2449 2
672 2430 690 2449 ιι
728 2419 942 2459 Theophrasto

82 2471 268 2517 didicisse);
294 2474 351 2504 sed
379 2473 490 2504 minus
519 2474 650 2504 recedes
679 2483 697 2504 a
725 2473 816 2504 Med.
846 2473 942 2504 vesti-

83 2525 155 2565 giis,
187 2525 214 2556 si
249 2525 369 2566 legeris
402 2525 510 2557 deleta
544 2526 677 2566 copula:
715 2525 762 2555 De
795 2536 852 2566 quo
889 2525 942 2556 vel

84 2578 192 2616 etiam,
222 2578 266 2609 De
288 2589 322 2609 eo
345 2578 440 2609 multo
457 2579 555 2618 plara
579 2578 728 2609 didiceris
750 2585 812 2609 cet.

123 2631 171 2662 De
193 2631 341 2662 Procilio.
364 2631 414 2662 De
436 2631 498 2662 hoc
516 2631 651 2663 homine
665 2641 767 2672 pauca
782 2636 942 2662 constant.

82 2684 234 2717 Habetin·
255 2685 352 2722 idem,
376 2685 433 2726 qui
455 2685 573 2716 citatur
603 2695 622 2716 a
651 2685 802 2715 Varrone
834 2685 873 2715 de
902 2684 942 2714 L.

82 2737 122 2768 L.
146 2738 188 2768 V.
212 2739 229 2778 ξ
253 2739 312 2768 148
336 2742 367 2769 et
390 2738 451 2767 154
474 2744 506 2768 et
535 2737 623 2768 Plin.
654 2738 699 2768 H.
722 2738 764 2768 N.
788 2737 889 2767 VIII.
913 2738 941 2773 4,

83 2790 139 2821 sed
168 2796 290 2821 temere
320 2789 479 2821 Graevius
509 2790 543 2820 in
582 2790 742 2821 Trebellii
779 2790 942 2821 Pollionis

81 2843 274 2875 Aemiliano
295 2843 429 2874 Procilii
451 2852 572 2874 nomen
595 2853 652 2884 pro
674 2843 810 2874 Proculo
841 2843 942 2874 intru-

83 2896 159 2928 dere
180 2897 322 2928 volebat.
345 2892 464 2927 Πολιτὶ
470 2906 512 2926 κα
536 2895 701 2936 scripsisse
724 2895 862 2926 videtur.

124 2952 207 2983 Mihi
229 2952 336 2983 credes
358 2954 374 2987 †
396 2952 480 2993 loyes
502 2952 580 2982 haec
603 2952 696 2982 doceo
719 2950 874 2981 mirabili-s·
896 2950 944 2981 vir

83 3008 140 3037 est.
176 3005 230 3038 Sic
254 3011 323 3038 erat
345 3006 379 3036 in
401 3006 436 3037 Z.
461 3010 492 3036 et
515 3005 581 3037 fere
605 3005 692 3036 idem
724 3014 740 3036 e
769 3005 858 3036 Med.
888 3014 943 3034 no-

84 3066 180 3091 tatur.
202 3060 386 3090 Lambinus
410 3058 601 3090 Ciceronem
617 3058 782 3099 scripsisse
805 3057 944 3098 suspica-

84 3118 152 3143 tur:
178 3111 260 3142 Milli
289 3111 410 3149 eredas,
443 3111 592 3151 leyendus
622 3113 686 3141 est.-
714 3109 867 3140 „dn-abilis
896 3109 945 3140 vir

83 3167 141 3196 erl.
167 3165 195 3195 Ι.
217 3165 255 3195 F.
277 3164 465 3196 Gronovius
486 3175 545 3206 pro
566 3163 660 3195 doceo
683 3163 814 3204 legebat
842 3162 881 3193 de
898 3172 943 3192 eo.

987 1401 1256 1441 Wesenbeigius,
1279 1400 1418 1431 Emend.
1448 1400 1567 1440 Epistt.
1595 1410 1626 1440 p.
1654 1400 1730 1432 117:
1761 1399 1846 1431 Mihi

987 1454 1096 1485 credes
1117 1453 1145 1483 si
1174 1454 1273 1493 loyes:
1303 1453 1354 1483 hic
1382 1452 1536 1483 mirabilis
1564 1453 1613 1483 vir
1642 1455 1696 1491 est,
1726 1458 1844 1494 putans

987 1508 1081 1538 doceo
1110 1513 1299 1548 corruptum
1335 1516 1405 1538 esse
1434 1516 1451 1538 e
1480 1506 1672 1537 Dicaearchi
1700 1507 1844 1543 nomine,

964 1581 965 1585 =
987 1562 1073 1593 male
1096 1562 1223 1592 intruso
1246 1562 1286 1592 ad
1308 1561 1542 1601 explicandum
1563 1571 1656 1601 pron.
1678 1561 1739 1591 hio.
1773 1561 1846 1601 Ego

987 1618 1118 1649 malim:
1142 1617 1225 1647 Mihi
1249 1617 1349 1654 erede,
1372 1616 1400 1646 si
1422 1617 1506 1658 Zeqes
1519 1616 1605 1654 haee,
1630 1615 1842 1648 dices:Mira-

963 1684 964 1690 ¹
988 1670 1062 1702 bilis
1084 1670 1133 1702 vir
1156 1672 1212 1701 est.

1029 1715 1195 1768 Ἡρώδης.
1226 1722 1335 1762 Tangi
1358 1721 1488 1752 videtur
1503 1721 1559 1751 ine
1573 1720 1732 1757 Herodes,
1748 1728 1847 1760 quem

963 1785 964 1793 ¹
987 1784 1098 1820 postea
1121 1778 1236 1810 Cicero
1250 1778 1311 1808 filii
1334 1777 1384 1807 sui
1400 1776 1544 1807 Athenis
1563 1775 1760 1815 magistrum
1777 1783 1846 1805 esse

987 1833 1102 1870 voluit,
1133 1833 1225 1863 cuius
1261 1831 1387 1862 mentio
1419 1831 1455 1861 fit
1491 1829 1576 1860 infra
1606 1828 1706 1859 XIV.
1738 1828 1786 1865 16,
1817 1829 1846 1858 3.

988 1887 1036 1924 18,
1060 1888 1088 1916 4.
1112 1886 1193 1916 XV.
1217 1885 1255 1916 16
1277 1885 1321 1916 A.
1344 1902 1384 1906 —

1028 1938 1062 1968 Si
1087 1939 1174 1969 homo
1205 1939 1285 1967 esset
1315 1947 1353 1967 o:
1385 1936 1411 1967 si
1441 1941 1577 1977 saperet,
1607 1935 1633 1965 si
1662 1935 1846 1965 humanum

964 1992 965 2001 ¹
988 2001 1121 2023 sensum
1142 1990 1289 2021 haberet.
1312 1988 1377 2019 Inf.
1402 1988 1462 2019 IV.
1487 1989 1536 2025 15,
1561 1988 1590 2018 2.
1619 1986 1653 2017 Si
1683 1986 1730 2016 vis
1761 1986 1846 2016 homo

988 2055 1062 2082 esse,
1086 2044 1188 2084 recipe
1210 2045 1240 2073 te
1263 2043 1308 2073 ad
1330 2052 1394 2073 7203.
1417 2041 1560 2073 Gronov.
1584 2041 1629 2072 X.
1653 2041 1702 2078 11,
1727 2042 1754 2077 5,
1776 2050 1846 2081 quo-

988 2097 1073 2128 niam
1095 2098 1141 2127 est
1173 2097 1260 2127 homo
1290 2102 1322 2127 et
1351 2095 1434 2126 XII.
1464 2096 1512 2131 38,
1537 2095 1555 2124 3
1578 2093 1606 2123 si
1637 2092 1724 2123 modo
1755 2092 1847 2123 homi-

988 2166 1043 2186 nes
1071 2155 1136 2185 sint
1165 2155 1281 2185 eodem
1310 2154 1377 2185 fere
1407 2154 1505 2183 modo
1535 2152 1623 2183 dieta
1651 2158 1738 2182 sunt.
1782 2150 1848 2182 Sed

988 2209 1094 2248 magis
1116 2208 1181 2238 11110
1203 2207 1280 2238 facit
1302 2208 1401 2238 Tuse.
1423 2207 1469 2237 ΙΙ.
1493 2206 1532 2237 39
1555 2205 1583 2235 si
1611 2205 1729 2246 quidem
1760 2205 1847 2235 homo

988 2263 1069 2291 esset
1093 2266 1124 2291 et
1145 2259 1239 2290 Fam.
1262 2259 1326 2290 XI.
1350 2260 1398 2295 29,
1422 2259 1441 2289 2
1463 2258 1528 2298 ipse
1549 2269 1595 2288 me
1617 2257 1767 2288 hominem
1786 2267 1847 2287 non

983 2314 1112 2354 putabo.
1148 2314 1220 2344 Iam
1250 2313 1296 2344 ita
1324 2313 1452 2344 locutus
1481 2318 1549 2343 erat
1578 2311 1754 2342 Terentius
1781 2310 1847 2341 Ad.

988 2367 1015 2397 I.
1039 2367 1066 2403 2,
1090 2366 1140 2396 26.

1029 2420 1082 2451 Ad
1103 2423 1134 2450 le
1157 2419 1323 2450 comminus
1346 2418 1488 2449 accessit.
1519 2417 1687 2449 Nimirum
1709 2418 1749 2447 ad
1770 2417 1848 2448 reci-

990 2474 1127 2505 tandum
1150 2473 1282 2509 librum,
1306 2482 1372 2512 quo
1396 2470 1558 2502 Catilinae
1588 2470 1849 2501 coniurationem

990 2532 1193 2568 exposuerat,
1226 2532 1263 2557 ut
1296 2525 1497 2565 intelligitur
1525 2534 1567 2556 ex
1597 2524 1647 2562 iis,
1689 2533 1773 2564 quae
1802 2533 1848 2554 se-

989 2585 1144 2620 quuntur.

1031 2633 1079 2663 De
1105 2632 1218 2669 Lollio,
1247 2641 1345 2662 sanus
1376 2642 1436 2662 71072
1467 2641 1516 2667 e85
1547 2631 1585 2662 de
1620 2630 1720 2668 Vinio,
1743 2631 1848 2661 laudo.

989 2686 1081 2717 Haec
1104 2696 1169 2726 quo
1192 2690 1348 2726 spectent,
1372 2694 1471 2716 nemo
1494 2685 1633 2721 docebit,
1658 2694 1760 2725 quum
1788 2684 1847 2714 At-

990 2738 1045 2769 tici
1074 2738 1219 2779 epistola,
1260 2738 1294 2768 in
1328 2747 1392 2778 qua
1421 2738 1460 2768 de
1488 2737 1555 2767 illis
1585 2737 1741 2776 scriptum
1770 2742 1847 2772 erat,

990 2792 1131 2832 perierit.
1177 2791 1244 2829 Qui
1266 2790 1358 2821 libris
1381 2790 1508 2831 scriptis
1531 2795 1659 2820 tantum
1689 2789 1847 2825 tribuunt,

990 2851 1026 2876 ut
1048 2845 1101 2875 hic
1123 2855 1191 2875 non
1214 2845 1254 2875 de
1277 2844 1434 2885 personis,
1459 2844 1515 2874 sed
1538 2844 1578 2874 de
1600 2842 1675 2873 lolio
1699 2847 1755 2872 aut
1782 2842 1848 2872 oleo

991 2907 1023 2932 et
1044 2901 1084 2931 de
1106 2899 1177 2931 vino
1200 2900 1254 2940 agi
1275 2904 1401 2940 putent,
1424 2899 1476 2929 his
1497 2908 1593 2929 suum
1609 2897 1768 2928 iudicium
1780 2906 1848 2927 non

990 2953 1133 2984 invideo.
1175 2951 1278 2982 Sanus
1301 2961 1362 2982 woh
1385 2960 1417 2982 es
1439 2961 1472 2981 o:
1503 2960 1570 2981 non
1599 2955 1685 2980 recte
1715 2949 1849 2980 iudicas.

990 3005 1099 3036 Plaut.
1128 3005 1219 3036 Men.
1248 3004 1292 3034 V.
1322 3004 1349 3040 2,
1381 3003 1419 3033 66
1456 3003 1568 3033 samos
1605 3011 1646 3038 eS,
1682 3000 1735 3043 qui
1768 3001 1850 3031 issue

990 3061 1127 3099 ample-5.

1863 1030 1898 1055 10

1032 3112 1050 3149 ἓ
1074 3112 1102 3141 3.
1125 3109 1245 3150 Ecquid
1266 3108 1348 3139 cidus
1373 3108 1445 3138 Kal.
1469 3107 1585 3142 venire,
1603 3107 1772 3137 Antonium
1788 3118 1848 3137 mm
1872 3113 1881 3121 ⁴

989 3163 1123 3194 venire?
1153 3168 1213 3193 cet.
1255 3162 1415 3200 Quamvis
1444 3171 1511 3191 non
1542 3170 1673 3192 necesse
1702 3161 1743 3190 sit
1771 3159 1849 3191 Kal.
