<?xml version="1.0" encoding="UTF-8"?>
<!DOCTYPE html PUBLIC "-//W3C//DTD XHTML 1.0 Transitional//EN"
    "http://www.w3.org/TR/xhtml1/DTD/xhtml1-transitional.dtd">
<html xmlns="http://www.w3.org/1999/xhtml" xml:lang="en" lang="en">
 <head>
  <title>
</title>
<meta http-equiv="Content-Type" content="text/html;charset=utf-8" />
  <meta name='ocr-system' content='tesseract 3.04.00' />
  <meta name='ocr-capabilities' content='ocr_page ocr_carea ocr_par ocr_line ocrx_word'/>
</head>
<body>
  <div class='ocr_page' id='page_1' title='image "./epistolarumadtpo01ciceuoft_0272.png"; bbox 0 0 2117 3533; ppageno 0'>
   <div class='ocr_carea' id='block_1_1' title="bbox 282 148 1632 192">
    <p class='ocr_par' dir='ltr' id='par_1_1' title="bbox 282 148 1632 192">
     <span class='ocr_line' id='line_1_1' title="bbox 282 148 1632 192; baseline 0.001 -1"><span class='ocrx_word' id='word_1_1' title='bbox 282 152 366 191; x_wconf 74' lang='lat'>252</span> <span class='ocrx_word' id='word_1_2' title='bbox 681 150 763 190; x_wconf 85' lang='grc' dir='ltr'><strong>ΕΡ.</strong></span> <span class='ocrx_word' id='word_1_3' title='bbox 797 149 874 189; x_wconf 76' lang='grc' dir='ltr'>ΑΒ</span> <span class='ocrx_word' id='word_1_4' title='bbox 906 148 952 188; x_wconf 88' lang='lat' dir='ltr'>T.</span> <span class='ocrx_word' id='word_1_5' title='bbox 986 148 1335 189; x_wconf 90' lang='lat' dir='ltr'>POMPONIUM</span> <span class='ocrx_word' id='word_1_6' title='bbox 1368 149 1632 192; x_wconf 77' lang='lat' dir='ltr'>ATTICUM.</span> 
     </span>
    </p>
   </div>
   <div class='ocr_carea' id='block_1_2' title="bbox 250 283 2040 701">
    <p class='ocr_par' dir='ltr' id='par_1_2' title="bbox 250 283 2040 701">
     <span class='ocr_line' id='line_1_2' title="bbox 281 283 2036 343; baseline 0.003 -17"><span class='ocrx_word' id='word_1_7' title='bbox 281 286 349 326; x_wconf 86' lang='lat' dir='ltr'>ris.</span> <span class='ocrx_word' id='word_1_8' title='bbox 383 286 488 326; x_wconf 86' lang='lat' dir='ltr'>Nam</span> <span class='ocrx_word' id='word_1_9' title='bbox 522 285 676 324; x_wconf 83' lang='lat' dir='ltr'>Taurus</span> <span class='ocrx_word' id='word_1_10' title='bbox 715 287 873 337; x_wconf 87' lang='lat' dir='ltr'>propter</span> <span class='ocrx_word' id='word_1_11' title='bbox 906 283 1018 323; x_wconf 86' lang='lat' dir='ltr'>nives</span> <span class='ocrx_word' id='word_1_12' title='bbox 1052 287 1143 323; x_wconf 87' lang='lat' dir='ltr'>ante</span> <span class='ocrx_word' id='word_1_13' title='bbox 1179 298 1352 325; x_wconf 81' lang='lat' dir='ltr'>mensem</span> <span class='ocrx_word' id='word_1_14' title='bbox 1387 285 1551 326; x_wconf 86' lang='lat' dir='ltr'>Iunium</span> <span class='ocrx_word' id='word_1_15' title='bbox 1585 286 1744 327; x_wconf 84' lang='lat' dir='ltr'>transiri</span> <span class='ocrx_word' id='word_1_16' title='bbox 1778 302 1858 329; x_wconf 90' lang='lat' dir='ltr'>non</span> <span class='ocrx_word' id='word_1_17' title='bbox 1892 294 2036 343; x_wconf 87' lang='lat' dir='ltr'>potest.</span> 
     </span>
     <span class='ocr_line' id='line_1_3' title="bbox 282 355 2036 414; baseline 0.003 -17"><span class='ocrx_word' id='word_1_18' title='bbox 282 358 510 407; x_wconf 79' lang='lat' dir='ltr'>Thermum,</span> <span class='ocrx_word' id='word_1_19' title='bbox 546 361 591 396; x_wconf 92' lang='lat' dir='ltr'>ut</span> <span class='ocrx_word' id='word_1_20' title='bbox 625 371 753 410; x_wconf 80' lang='lat' dir='ltr'>rogas,</span> <span class='ocrx_word' id='word_1_21' title='bbox 788 355 1038 397; x_wconf 77' lang='lat' dir='ltr'>creberrimis</span> <span class='ocrx_word' id='word_1_22' title='bbox 1071 356 1198 397; x_wconf 84' lang='lat' dir='ltr'>literis</span> <span class='ocrx_word' id='word_1_23' title='bbox 1231 357 1369 398; x_wconf 84' lang='lat' dir='ltr'>fulcio.</span> <span class='ocrx_word' id='word_1_24' title='bbox 1422 358 1468 398; x_wconf 91' lang='lat' dir='ltr'>P.</span> <span class='ocrx_word' id='word_1_25' title='bbox 1503 358 1706 399; x_wconf 84' lang='lat' dir='ltr'>Valerium</span> <span class='ocrx_word' id='word_1_26' title='bbox 1741 365 1862 414; x_wconf 84' lang='lat' dir='ltr'>negat</span> <span class='ocrx_word' id='word_1_27' title='bbox 1893 361 2036 403; x_wconf 79' lang='lat' dir='ltr'>habere</span> 
     </span>
     <span class='ocr_line' id='line_1_4' title="bbox 284 428 2037 484; baseline 0.005 -16"><span class='ocrx_word' id='word_1_28' title='bbox 284 429 500 484; x_wconf 80' lang='lat' dir='ltr'>quidquam</span> <span class='ocrx_word' id='word_1_29' title='bbox 535 428 747 469; x_wconf 86' lang='lat' dir='ltr'>Deiotarus</span> <span class='ocrx_word' id='word_1_30' title='bbox 781 444 863 479; x_wconf 86' lang='lat' dir='ltr'>rex,</span> <span class='ocrx_word' id='word_1_31' title='bbox 898 443 1069 483; x_wconf 84' lang='lat' dir='ltr'>eumque</span> <span class='ocrx_word' id='word_1_32' title='bbox 1103 429 1159 470; x_wconf 85' lang='lat' dir='ltr'>ait</span> <span class='ocrx_word' id='word_1_33' title='bbox 1192 444 1214 469; x_wconf 87' lang='lat' dir='ltr'>a</span> <span class='ocrx_word' id='word_1_34' title='bbox 1249 445 1288 470; x_wconf 88' lang='grc'>56</span> <span class='ocrx_word' id='word_1_35' title='bbox 1323 431 1553 471; x_wconf 86' lang='lat' dir='ltr'>sustentari.</span> <span class='ocrx_word' id='word_1_36' title='bbox 1588 431 1723 482; x_wconf 75' lang='lat' dir='ltr'>Quum</span> <span class='ocrx_word' id='word_1_37' title='bbox 1757 433 1856 474; x_wconf 88' lang='lat' dir='ltr'>scies</span> <span class='ocrx_word' id='word_1_38' title='bbox 1891 434 2037 476; x_wconf 84' lang='lat' dir='ltr'>Romae</span> 
     </span>
     <span class='ocr_line' id='line_1_5' title="bbox 283 501 2040 561; baseline 0.003 -18"><span class='ocrx_word' id='word_1_39' title='bbox 283 501 563 543; x_wconf 67' lang='lat' dir='ltr'>intercalatum</span> <span class='ocrx_word' id='word_1_40' title='bbox 597 501 649 541; x_wconf 87' lang='lat' dir='ltr'>sit</span> <span class='ocrx_word' id='word_1_41' title='bbox 682 516 822 552; x_wconf 89' lang='lat' dir='ltr'>necne,</span> <span class='ocrx_word' id='word_1_42' title='bbox 857 501 976 542; x_wconf 82' lang='lat' dir='ltr'>velim</span> <span class='ocrx_word' id='word_1_43' title='bbox 1021 501 1070 542; x_wconf 87' lang='lat' dir='ltr'>ad</span> <span class='ocrx_word' id='word_1_44' title='bbox 1115 517 1178 543; x_wconf 89' lang='grc'><strong>1116</strong></span> <span class='ocrx_word' id='word_1_45' title='bbox 1222 501 1372 543; x_wconf 83' lang='lat' dir='ltr'>scribas</span> <span class='ocrx_word' id='word_1_46' title='bbox 1416 507 1585 554; x_wconf 86' lang='lat' dir='ltr'>certum,</span> <span class='ocrx_word' id='word_1_47' title='bbox 1627 518 1706 558; x_wconf 89' lang='lat' dir='ltr'>quo</span> <span class='ocrx_word' id='word_1_48' title='bbox 1750 504 1813 545; x_wconf 87' lang='lat' dir='ltr'>die</span> <span class='ocrx_word' id='word_1_49' title='bbox 1855 507 2040 561; x_wconf 67' lang='lat' dir='ltr'>mysteria</span> 
     </span>
     <span class='ocr_line' id='line_1_6' title="bbox 250 573 2038 630; baseline 0.003 -16"><span class='ocrx_word' id='word_1_50' title='bbox 250 590 263 613; x_wconf 80' lang='lat'>5</span> <span class='ocrx_word' id='word_1_51' title='bbox 283 575 416 614; x_wconf 81' lang='lat' dir='ltr'>futura</span> <span class='ocrx_word' id='word_1_52' title='bbox 449 574 544 614; x_wconf 87' lang='lat' dir='ltr'>sint.</span> <span class='ocrx_word' id='word_1_53' title='bbox 588 573 743 614; x_wconf 86' lang='lat' dir='ltr'>Literas</span> <span class='ocrx_word' id='word_1_54' title='bbox 775 579 866 615; x_wconf 84' lang='lat' dir='ltr'>tuas</span> <span class='ocrx_word' id='word_1_55' title='bbox 899 574 1032 614; x_wconf 87' lang='lat' dir='ltr'>minus</span> <span class='ocrx_word' id='word_1_56' title='bbox 1066 574 1201 628; x_wconf 87' lang='lat' dir='ltr'>paullo</span> <span class='ocrx_word' id='word_1_57' title='bbox 1246 578 1447 629; x_wconf 82' lang='lat' dir='ltr'>exspecto,</span> <span class='ocrx_word' id='word_1_58' title='bbox 1493 590 1613 630; x_wconf 83' lang='lat' dir='ltr'>quam</span> <span class='ocrx_word' id='word_1_59' title='bbox 1648 576 1681 617; x_wconf 90' lang='lat' dir='ltr'>si</span> <span class='ocrx_word' id='word_1_60' title='bbox 1729 577 1875 618; x_wconf 86' lang='lat' dir='ltr'>Romae</span> <span class='ocrx_word' id='word_1_61' title='bbox 1920 593 2038 629; x_wconf 88' lang='lat' dir='ltr'>esses,</span> 
     </span>
     <span class='ocr_line' id='line_1_7' title="bbox 283 648 751 701; baseline -0.002 -13"><span class='ocrx_word' id='word_1_62' title='bbox 283 648 350 688; x_wconf 85' lang='lat' dir='ltr'>sed</span> <span class='ocrx_word' id='word_1_63' title='bbox 385 652 519 688; x_wconf 84' lang='lat' dir='ltr'>tamen</span> <span class='ocrx_word' id='word_1_64' title='bbox 552 652 751 701; x_wconf 79' lang='lat' dir='ltr'>exspecto.</span> 
     </span>
    </p>
   </div>
   <div class='ocr_carea' id='block_1_3' title="bbox 283 811 2044 1019">
    <p class='ocr_par' dir='ltr' id='par_1_3' title="bbox 283 811 2044 1019">
     <span class='ocr_line' id='line_1_8' title="bbox 284 811 2042 853; baseline 0.003 -11"><span class='ocrx_word' id='word_1_65' title='bbox 284 822 350 842; x_wconf 87' lang='lat' dir='ltr'>non</span> <span class='ocrx_word' id='word_1_66' title='bbox 373 811 585 842; x_wconf 79' lang='lat' dir='ltr'>correctione.</span> <span class='ocrx_word' id='word_1_67' title='bbox 608 812 681 842; x_wconf 84' lang='lat' dir='ltr'>Hoc</span> <span class='ocrx_word' id='word_1_68' title='bbox 705 812 799 842; x_wconf 85' lang='lat' dir='ltr'>dicit:</span> <span class='ocrx_word' id='word_1_69' title='bbox 825 811 934 842; x_wconf 86' lang='lat' dir='ltr'>Probo</span> <span class='ocrx_word' id='word_1_70' title='bbox 949 812 1035 843; x_wconf 87' lang='lat' dir='ltr'>idem</span> <span class='ocrx_word' id='word_1_71' title='bbox 1053 813 1140 852; x_wconf 87' lang='lat' dir='ltr'>quod</span> <span class='ocrx_word' id='word_1_72' title='bbox 1164 827 1166 830; x_wconf 59' lang='lat'>&gt;</span> <span class='ocrx_word' id='word_1_73' title='bbox 1187 822 1239 843; x_wconf 83' lang='lat' dir='ltr'>cra</span> <span class='ocrx_word' id='word_1_74' title='bbox 1264 813 1378 843; x_wconf 84' lang='lat' dir='ltr'>Bonae</span> <span class='ocrx_word' id='word_1_75' title='bbox 1400 812 1498 849; x_wconf 85' lang='lat' dir='ltr'>Deae,</span> <span class='ocrx_word' id='word_1_76' title='bbox 1521 822 1602 853; x_wconf 81' lang='lat' dir='ltr'>quae</span> <span class='ocrx_word' id='word_1_77' title='bbox 1633 823 1736 853; x_wconf 86' lang='lat' dir='ltr'>quum</span> <span class='ocrx_word' id='word_1_78' title='bbox 1766 814 1842 845; x_wconf 81' lang='lat' dir='ltr'>Kal.</span> <span class='ocrx_word' id='word_1_79' title='bbox 1871 815 1969 847; x_wconf 86' lang='lat' dir='ltr'>Maiis</span> <span class='ocrx_word' id='word_1_80' title='bbox 2000 816 2042 848; x_wconf 82' lang='lat' dir='ltr'>le-</span> 
     </span>
     <span class='ocr_line' id='line_1_9' title="bbox 284 851 2041 910; baseline 0.004 -16"><span class='ocrx_word' id='word_1_81' title='bbox 284 870 327 901; x_wconf 84' lang='lat' dir='ltr'>tu,</span> <span class='ocrx_word' id='word_1_82' title='bbox 359 865 506 895; x_wconf 78' lang='lat' dir='ltr'>Tulliam</span> <span class='ocrx_word' id='word_1_83' title='bbox 535 866 801 905; x_wconf 84' lang='lat' dir='ltr'>despondendam</span> <span class='ocrx_word' id='word_1_84' title='bbox 825 875 894 897; x_wconf 86' lang='lat' dir='ltr'>esse</span> <span class='ocrx_word' id='word_1_85' title='bbox 922 866 1038 897; x_wconf 87' lang='lat' dir='ltr'>Servio</span> <span class='ocrx_word' id='word_1_86' title='bbox 1068 866 1140 897; x_wconf 86' lang='lat' dir='ltr'>Sul-</span> <span class='ocrx_word' id='word_1_87' title='bbox 1163 851 1165 910; x_wconf 79' lang='lat' dir='ltr'>l</span> <span class='ocrx_word' id='word_1_88' title='bbox 1187 867 1302 906; x_wconf 72' lang='lat' dir='ltr'>gitime</span> <span class='ocrx_word' id='word_1_89' title='bbox 1325 867 1455 904; x_wconf 86' lang='lat' dir='ltr'>fiebant,</span> <span class='ocrx_word' id='word_1_90' title='bbox 1480 867 1645 898; x_wconf 85' lang='lat' dir='ltr'>interdum</span> <span class='ocrx_word' id='word_1_91' title='bbox 1669 873 1778 899; x_wconf 85' lang='lat' dir='ltr'>tamen</span> <span class='ocrx_word' id='word_1_92' title='bbox 1804 869 1862 899; x_wconf 85' lang='lat' dir='ltr'>illa</span> <span class='ocrx_word' id='word_1_93' title='bbox 1884 875 1989 902; x_wconf 87' lang='lat' dir='ltr'>aetate</span> <span class='ocrx_word' id='word_1_94' title='bbox 2008 871 2041 902; x_wconf 92' lang='lat' dir='ltr'>in</span> 
     </span>
     <span class='ocr_line' id='line_1_10' title="bbox 283 919 2044 963; baseline 0.004 -15"><span class='ocrx_word' id='word_1_95' title='bbox 283 919 377 959; x_wconf 78' lang='lat' dir='ltr'>picio,</span> <span class='ocrx_word' id='word_1_96' title='bbox 402 919 588 951; x_wconf 79' lang='lat' dir='ltr'>Postumiae</span> <span class='ocrx_word' id='word_1_97' title='bbox 610 920 688 957; x_wconf 81' lang='lat' dir='ltr'>filio,</span> <span class='ocrx_word' id='word_1_98' title='bbox 713 920 869 960; x_wconf 84' lang='lat' dir='ltr'>quoniam</span> <span class='ocrx_word' id='word_1_99' title='bbox 900 921 1054 952; x_wconf 83' lang='lat' dir='ltr'>Pontidia</span> <span class='ocrx_word' id='word_1_100' title='bbox 1084 922 1139 962; x_wconf 87' lang='lat' dir='ltr'>qui</span> <span class='ocrx_word' id='word_1_101' title='bbox 1163 919 1165 949; x_wconf 84' lang='grc' dir='ltr'>Ι</span> <span class='ocrx_word' id='word_1_102' title='bbox 1187 921 1277 951; x_wconf 85' lang='lat' dir='ltr'>aliud</span> <span class='ocrx_word' id='word_1_103' title='bbox 1300 926 1427 960; x_wconf 86' lang='lat' dir='ltr'>tempus</span> <span class='ocrx_word' id='word_1_104' title='bbox 1444 920 1640 958; x_wconf 79' lang='lat' dir='ltr'>incidebant,</span> <span class='ocrx_word' id='word_1_105' title='bbox 1659 927 1809 952; x_wconf 87' lang='lat' dir='ltr'>accurata</span> <span class='ocrx_word' id='word_1_106' title='bbox 1824 922 2044 963; x_wconf 84' lang='lat' dir='ltr'>disputatione</span> 
     </span>
     <span class='ocr_line' id='line_1_11' title="bbox 283 973 2043 1019; baseline 0.006 -17"><span class='ocrx_word' id='word_1_107' title='bbox 283 973 384 1003; x_wconf 82' lang='lat' dir='ltr'>alium</span> <span class='ocrx_word' id='word_1_108' title='bbox 408 974 659 1009; x_wconf 84' lang='lat' dir='ltr'>commendavit,</span> <span class='ocrx_word' id='word_1_109' title='bbox 684 985 750 1004; x_wconf 88' lang='lat' dir='ltr'>non</span> <span class='ocrx_word' id='word_1_110' title='bbox 774 974 858 1005; x_wconf 88' lang='lat' dir='ltr'>serio</span> <span class='ocrx_word' id='word_1_111' title='bbox 881 975 960 1014; x_wconf 80' lang='lat' dir='ltr'>agit.</span> <span class='ocrx_word' id='word_1_112' title='bbox 1186 977 1337 1017; x_wconf 85' lang='lat' dir='ltr'>probavit</span> <span class='ocrx_word' id='word_1_113' title='bbox 1350 976 1547 1014; x_wconf 88' lang='lat' dir='ltr'>Gronovius,</span> <span class='ocrx_word' id='word_1_114' title='bbox 1562 977 1698 1009; x_wconf 86' lang='lat' dir='ltr'>Observ.</span> <span class='ocrx_word' id='word_1_115' title='bbox 1711 978 1773 1008; x_wconf 92' lang='lat' dir='ltr'>IV.</span> <span class='ocrx_word' id='word_1_116' title='bbox 1785 979 1813 1016; x_wconf 84' lang='lat'>9,</span> <span class='ocrx_word' id='word_1_117' title='bbox 1826 989 1856 1019; x_wconf 91' lang='lat' dir='ltr'>p.</span> <span class='ocrx_word' id='word_1_118' title='bbox 1870 979 2043 1012; x_wconf 76' lang='lat'>614-623.</span> 
     </span>
    </p>
   </div>
   <div class='ocr_carea' id='block_1_4' title="bbox 283 1027 2048 1175">
    <p class='ocr_par' dir='ltr' id='par_1_4' title="bbox 283 1027 2048 1175">
     <span class='ocr_line' id='line_1_12' title="bbox 327 1027 2042 1071; baseline 0.004 -15"><span class='ocrx_word' id='word_1_119' title='bbox 327 1027 484 1057; x_wconf 60' lang='lat' dir='ltr'>Thermum</span> <span class='ocrx_word' id='word_1_120' title='bbox 510 1045 551 1050; x_wconf 84' lang='lat'>—</span> <span class='ocrx_word' id='word_1_121' title='bbox 561 1027 679 1066; x_wconf 58' lang='lat' dir='ltr'>silleio.</span> <span class='ocrx_word' id='word_1_122' title='bbox 706 1028 755 1059; x_wconf 88' lang='lat' dir='ltr'>Cf.</span> <span class='ocrx_word' id='word_1_123' title='bbox 778 1029 818 1059; x_wconf 87' lang='lat' dir='ltr'>ad</span> <span class='ocrx_word' id='word_1_124' title='bbox 841 1038 891 1069; x_wconf 80' lang='lat' dir='ltr'>ep.</span> <span class='ocrx_word' id='word_1_125' title='bbox 914 1029 961 1066; x_wconf 82' lang='lat'>13,</span> <span class='ocrx_word' id='word_1_126' title='bbox 986 1030 1014 1059; x_wconf 79' lang='lat'>2.</span> <span class='ocrx_word' id='word_1_127' title='bbox 1188 1028 1256 1060; x_wconf 90' lang='lat' dir='ltr'>Cur</span> <span class='ocrx_word' id='word_1_128' title='bbox 1278 1029 1392 1060; x_wconf 86' lang='lat' dir='ltr'>Cicero</span> <span class='ocrx_word' id='word_1_129' title='bbox 1413 1030 1502 1060; x_wconf 87' lang='lat' dir='ltr'>hunc</span> <span class='ocrx_word' id='word_1_130' title='bbox 1524 1030 1613 1060; x_wconf 88' lang='lat' dir='ltr'>diem</span> <span class='ocrx_word' id='word_1_131' title='bbox 1635 1030 1717 1061; x_wconf 86' lang='lat' dir='ltr'>scire</span> <span class='ocrx_word' id='word_1_132' title='bbox 1740 1031 1890 1068; x_wconf 86' lang='lat' dir='ltr'>voluerit,</span> <span class='ocrx_word' id='word_1_133' title='bbox 1914 1032 2042 1071; x_wconf 79' lang='lat' dir='ltr'>ignora-</span> 
     </span>
     <span class='ocr_line' id='line_1_13' title="bbox 326 1079 2044 1116; baseline 0.004 -7"><span class='ocrx_word' id='word_1_134' title='bbox 326 1080 361 1110; x_wconf 83' lang='lat' dir='ltr'>P.</span> <span class='ocrx_word' id='word_1_135' title='bbox 393 1079 548 1110; x_wconf 74' lang='lat' dir='ltr'>Valerium</span> <span class='ocrx_word' id='word_1_136' title='bbox 572 1080 676 1111; x_wconf 83' lang='lat' dir='ltr'>Attici</span> <span class='ocrx_word' id='word_1_137' title='bbox 698 1081 879 1113; x_wconf 84' lang='lat' dir='ltr'>debitorem</span> <span class='ocrx_word' id='word_1_138' title='bbox 902 1081 1000 1113; x_wconf 83' lang='lat' dir='ltr'>fuisse</span> <span class='ocrx_word' id='word_1_139' title='bbox 1023 1083 1140 1114; x_wconf 87' lang='lat' dir='ltr'>Manu·</span> <span class='ocrx_word' id='word_1_140' title='bbox 1188 1091 1271 1112; x_wconf 89' lang='lat' dir='ltr'>mus.</span> <span class='ocrx_word' id='word_1_141' title='bbox 1314 1081 1455 1112; x_wconf 88' lang='lat' dir='ltr'>Locutio</span> <span class='ocrx_word' id='word_1_142' title='bbox 1477 1081 1596 1112; x_wconf 77' lang='lat' dir='ltr'>scribas</span> <span class='ocrx_word' id='word_1_143' title='bbox 1620 1084 1736 1113; x_wconf 78' lang='lat' dir='ltr'>certum</span> <span class='ocrx_word' id='word_1_144' title='bbox 1759 1093 1777 1113; x_wconf 86' lang='lat' dir='ltr'>a</span> <span class='ocrx_word' id='word_1_145' title='bbox 1805 1085 2044 1116; x_wconf 85' lang='lat' dir='ltr'>consuetudine</span> 
     </span>
     <span class='ocr_line' id='line_1_14' title="bbox 283 1134 2048 1175; baseline 0.002 -11"><span class='ocrx_word' id='word_1_146' title='bbox 283 1134 346 1164; x_wconf 82' lang='lat' dir='ltr'>tius</span> <span class='ocrx_word' id='word_1_147' title='bbox 369 1144 435 1164; x_wconf 88' lang='lat' dir='ltr'>non</span> <span class='ocrx_word' id='word_1_148' title='bbox 458 1134 545 1164; x_wconf 82' lang='lat' dir='ltr'>male</span> <span class='ocrx_word' id='word_1_149' title='bbox 567 1134 717 1165; x_wconf 83' lang='lat' dir='ltr'>coniecit.</span> <span class='ocrx_word' id='word_1_150' title='bbox 1186 1135 1342 1165; x_wconf 85' lang='lat' dir='ltr'>Tulliana</span> <span class='ocrx_word' id='word_1_151' title='bbox 1364 1135 1494 1166; x_wconf 88' lang='lat' dir='ltr'>recedit.</span> <span class='ocrx_word' id='word_1_152' title='bbox 1517 1135 1739 1175; x_wconf 84' lang='lat' dir='ltr'>Aptissimum</span> <span class='ocrx_word' id='word_1_153' title='bbox 1762 1142 1861 1168; x_wconf 84' lang='lat' dir='ltr'>esset:</span> <span class='ocrx_word' id='word_1_154' title='bbox 1885 1137 1977 1168; x_wconf 75' lang='lat' dir='ltr'>velim</span> <span class='ocrx_word' id='word_1_155' title='bbox 2003 1139 2048 1169; x_wconf 80' lang='lat' dir='ltr'>ad</span> 
     </span>
    </p>
   </div>
   <div class='ocr_carea' id='block_1_5' title="bbox 282 1187 2045 1335">
    <p class='ocr_par' dir='ltr' id='par_1_5' title="bbox 282 1187 2045 1335">
     <span class='ocr_line' id='line_1_15' title="bbox 328 1187 2045 1231; baseline 0.003 -14"><span class='ocrx_word' id='word_1_156' title='bbox 328 1190 396 1223; x_wconf 76' lang='lat' dir='ltr'>Quo</span> <span class='ocrx_word' id='word_1_157' title='bbox 419 1187 471 1217; x_wconf 69' lang='lat' dir='ltr'>die</span> <span class='ocrx_word' id='word_1_158' title='bbox 494 1188 646 1227; x_wconf 66' lang='lat' dir='ltr'>mysteria</span> <span class='ocrx_word' id='word_1_159' title='bbox 659 1187 777 1228; x_wconf 74' lang='lat' dir='ltr'>sutura</span> <span class='ocrx_word' id='word_1_160' title='bbox 805 1188 879 1218; x_wconf 67' lang='lat' dir='ltr'>sint.</span> <span class='ocrx_word' id='word_1_161' title='bbox 921 1190 1047 1220; x_wconf 87' lang='lat' dir='ltr'>Iterum</span> <span class='ocrx_word' id='word_1_162' title='bbox 1079 1188 1141 1219; x_wconf 85' lang='lat' dir='ltr'>VI.</span> <span class='ocrx_word' id='word_1_163' title='bbox 1188 1198 1233 1217; x_wconf 84' lang='lat' dir='ltr'>me</span> <span class='ocrx_word' id='word_1_164' title='bbox 1261 1187 1389 1224; x_wconf 79' lang='lat' dir='ltr'>scribas,</span> <span class='ocrx_word' id='word_1_165' title='bbox 1424 1189 1458 1217; x_wconf 77' lang='lat' dir='ltr'>ut</span> <span class='ocrx_word' id='word_1_166' title='bbox 1495 1190 1612 1218; x_wconf 76' lang='lat' dir='ltr'>certum</span> <span class='ocrx_word' id='word_1_167' title='bbox 1641 1188 1746 1226; x_wconf 74' lang='lat' dir='ltr'>seiam,</span> <span class='ocrx_word' id='word_1_168' title='bbox 1775 1200 1834 1230; x_wconf 73' lang='lat' dir='ltr'>quo</span> <span class='ocrx_word' id='word_1_169' title='bbox 1869 1189 1920 1220; x_wconf 75' lang='lat' dir='ltr'>die</span> <span class='ocrx_word' id='word_1_170' title='bbox 1951 1202 1988 1221; x_wconf 84' lang='lat' dir='ltr'>m.</span> <span class='ocrx_word' id='word_1_171' title='bbox 2012 1191 2045 1231; x_wconf 93' lang='lat' dir='ltr'>s.</span> 
     </span>
     <span class='ocr_line' id='line_1_16' title="bbox 284 1239 2044 1282; baseline 0.002 -12"><span class='ocrx_word' id='word_1_172' title='bbox 284 1241 310 1276; x_wconf 94' lang='grc'>1,</span> <span class='ocrx_word' id='word_1_173' title='bbox 335 1240 373 1270; x_wconf 77' lang='grc'><strong>26</strong></span> <span class='ocrx_word' id='word_1_174' title='bbox 396 1240 525 1271; x_wconf 78' lang='lat' dir='ltr'>scribit:</span> <span class='ocrx_word' id='word_1_175' title='bbox 541 1240 650 1280; x_wconf 76' lang='lat' dir='ltr'>facies</span> <span class='ocrx_word' id='word_1_176' title='bbox 672 1252 727 1278; x_wconf 79' lang='lat' dir='ltr'>me,</span> <span class='ocrx_word' id='word_1_177' title='bbox 750 1241 782 1271; x_wconf 65' lang='lat' dir='ltr'>z‘sc</span> <span class='ocrx_word' id='word_1_178' title='bbox 802 1251 885 1282; x_wconf 80' lang='lat' dir='ltr'>quem</span> <span class='ocrx_word' id='word_1_179' title='bbox 903 1241 983 1271; x_wconf 75' lang='lat' dir='ltr'>diem</span> <span class='ocrx_word' id='word_1_180' title='bbox 1000 1241 1140 1271; x_wconf 73' lang='lat' dir='ltr'>Romana</span> <span class='ocrx_word' id='word_1_181' title='bbox 1188 1239 1262 1270; x_wconf 74' lang='lat' dir='ltr'>sint.</span> <span class='ocrx_word' id='word_1_182' title='bbox 1302 1239 1423 1270; x_wconf 72' lang='lat' dir='ltr'>Certum</span> <span class='ocrx_word' id='word_1_183' title='bbox 1456 1239 1536 1270; x_wconf 67' lang='lat' dir='ltr'>scire</span> <span class='ocrx_word' id='word_1_184' title='bbox 1573 1239 1742 1272; x_wconf 85' lang='lat' dir='ltr'>invenitur</span> <span class='ocrx_word' id='word_1_185' title='bbox 1776 1241 1870 1273; x_wconf 85' lang='lat' dir='ltr'>Fam.</span> <span class='ocrx_word' id='word_1_186' title='bbox 1901 1242 1965 1273; x_wconf 86' lang='lat' dir='ltr'>IX.</span> <span class='ocrx_word' id='word_1_187' title='bbox 1995 1243 2044 1280; x_wconf 78' lang='lat'>23,</span> 
     </span>
     <span class='ocr_line' id='line_1_17' title="bbox 282 1292 1633 1335; baseline 0.002 -14"><span class='ocrx_word' id='word_1_188' title='bbox 282 1292 425 1323; x_wconf 58' lang='lat' dir='ltr'>incidant</span> <span class='ocrx_word' id='word_1_189' title='bbox 448 1293 608 1334; x_wconf 71' lang='lat' dir='ltr'>mysteria,</span> <span class='ocrx_word' id='word_1_190' title='bbox 633 1293 806 1324; x_wconf 78' lang='lat' dir='ltr'>cerliorem.</span> <span class='ocrx_word' id='word_1_191' title='bbox 831 1293 986 1335; x_wconf 72' lang='lat' dir='ltr'>Mysteria</span> <span class='ocrx_word' id='word_1_192' title='bbox 1000 1293 1066 1325; x_wconf 86' lang='lat' dir='ltr'>dici</span> <span class='ocrx_word' id='word_1_193' title='bbox 1083 1293 1139 1325; x_wconf 87' lang='lat' dir='ltr'>Sa·</span> <span class='ocrx_word' id='word_1_194' title='bbox 1188 1292 1310 1323; x_wconf 77' lang='lat' dir='ltr'>nescire</span> <span class='ocrx_word' id='word_1_195' title='bbox 1332 1293 1402 1324; x_wconf 81' lang='lat' dir='ltr'>Att.</span> <span class='ocrx_word' id='word_1_196' title='bbox 1426 1292 1508 1324; x_wconf 87' lang='lat' dir='ltr'>XII.</span> <span class='ocrx_word' id='word_1_197' title='bbox 1532 1293 1581 1330; x_wconf 78' lang='lat'>23,</span> <span class='ocrx_word' id='word_1_198' title='bbox 1605 1294 1633 1324; x_wconf 81' lang='lat'>2.</span> 
     </span>
    </p>
   </div>
   <div class='ocr_carea' id='block_1_6' title="bbox 828 1621 1517 1677">
    <p class='ocr_par' dir='ltr' id='par_1_6' title="bbox 828 1621 1517 1677">
     <span class='ocr_line' id='line_1_18' title="bbox 828 1621 1517 1677; baseline 0.006 -4"><span class='ocrx_word' id='word_1_199' title='bbox 828 1621 1293 1675; x_wconf 81' lang='lat' dir='ltr'>LIBER</span> <span class='ocrx_word' id='word_1_200' title='bbox 1411 1622 1517 1677; x_wconf 78' lang='lat' dir='ltr'>Vl.</span> 
     </span>
    </p>
   </div>
   <div class='ocr_carea' id='block_1_7' title="bbox 905 1867 1397 1921">
    <p class='ocr_par' dir='ltr' id='par_1_7' title="bbox 905 1867 1397 1921">
     <span class='ocr_line' id='line_1_19' title="bbox 905 1867 1397 1921; baseline 0 -14"><span class='ocrx_word' id='word_1_201' title='bbox 905 1867 941 1907; x_wconf 83' lang='lat' dir='ltr'>J.</span> <span class='ocrx_word' id='word_1_202' title='bbox 1009 1867 1073 1920; x_wconf 79' lang='lat' dir='ltr'>(A.</span> <span class='ocrx_word' id='word_1_203' title='bbox 1116 1867 1160 1907; x_wconf 82' lang='lat' dir='ltr'>U.</span> <span class='ocrx_word' id='word_1_204' title='bbox 1199 1868 1239 1907; x_wconf 82' lang='lat' dir='ltr'>C.</span> <span class='ocrx_word' id='word_1_205' title='bbox 1281 1867 1397 1921; x_wconf 65' lang='grc'><strong>701).</strong></span> 
     </span>
    </p>
   </div>
   <div class='ocr_carea' id='block_1_8' title="bbox 264 1972 2074 2474">
    <p class='ocr_par' dir='ltr' id='par_1_8' title="bbox 297 1972 2074 2182">
     <span class='ocr_line' id='line_1_20' title="bbox 363 1972 2074 2037; baseline 0.002 -18"><span class='ocrx_word' id='word_1_206' title='bbox 363 1981 401 2019; x_wconf 91' lang='lat'>1.</span> <span class='ocrx_word' id='word_1_207' title='bbox 436 1980 585 2034; x_wconf 74' lang='lat' dir='ltr'>Accepi</span> <span class='ocrx_word' id='word_1_208' title='bbox 617 1984 707 2020; x_wconf 87' lang='lat' dir='ltr'>tuas</span> <span class='ocrx_word' id='word_1_209' title='bbox 740 1980 875 2021; x_wconf 76' lang='lat' dir='ltr'>literas</span> <span class='ocrx_word' id='word_1_210' title='bbox 909 1996 944 2021; x_wconf 86' lang='lat' dir='ltr'>a.</span> <span class='ocrx_word' id='word_1_211' title='bbox 980 1981 1020 2021; x_wconf 91' lang='lat' dir='ltr'>d.</span> <span class='ocrx_word' id='word_1_212' title='bbox 1056 1981 1242 2035; x_wconf 85' lang='lat' dir='ltr'>quintum</span> <span class='ocrx_word' id='word_1_213' title='bbox 1276 1981 1516 2022; x_wconf 74' lang='lat' dir='ltr'>Terminalia</span> <span class='ocrx_word' id='word_1_214' title='bbox 1550 1981 1785 2032; x_wconf 81' lang='lat' dir='ltr'>Laodiceae,</span> <span class='ocrx_word' id='word_1_215' title='bbox 1835 1997 1933 2036; x_wconf 83' lang='lat' dir='ltr'>quas</span> <span class='ocrx_word' id='word_1_216' title='bbox 1978 1972 2074 2037; x_wconf 61' lang='lat' dir='ltr'>legi,</span> 
     </span>
     <span class='ocr_line' id='line_1_21' title="bbox 297 2051 2057 2110; baseline 0.003 -19"><span class='ocrx_word' id='word_1_217' title='bbox 297 2051 574 2101; x_wconf 79' lang='lat' dir='ltr'>libentissime,</span> <span class='ocrx_word' id='word_1_218' title='bbox 608 2052 858 2106; x_wconf 85' lang='lat' dir='ltr'>plenissimas</span> <span class='ocrx_word' id='word_1_219' title='bbox 893 2053 1050 2103; x_wconf 82' lang='lat' dir='ltr'>amoris,</span> <span class='ocrx_word' id='word_1_220' title='bbox 1086 2053 1362 2103; x_wconf 84' lang='lat' dir='ltr'>humanitatis,</span> <span class='ocrx_word' id='word_1_221' title='bbox 1398 2053 1531 2103; x_wconf 86' lang='lat' dir='ltr'>officii,</span> <span class='ocrx_word' id='word_1_222' title='bbox 1566 2053 1812 2108; x_wconf 80' lang='lat' dir='ltr'>diligentiae.</span> <span class='ocrx_word' id='word_1_223' title='bbox 1850 2055 1911 2096; x_wconf 89' lang='lat' dir='ltr'>Iis</span> <span class='ocrx_word' id='word_1_224' title='bbox 1934 2056 2057 2110; x_wconf 80' lang='lat' dir='ltr'>igitur</span> 
     </span>
     <span class='ocr_line' id='line_1_22' title="bbox 298 2123 2056 2182; baseline 0.003 -19"><span class='ocrx_word' id='word_1_225' title='bbox 298 2123 566 2179; x_wconf 77' lang='lat' dir='ltr'>respondebo:</span> <span class='ocrx_word' id='word_1_226' title='bbox 603 2125 659 2165; x_wconf 90' lang='lat' dir='ltr'>sic</span> <span class='ocrx_word' id='word_1_227' title='bbox 693 2125 799 2165; x_wconf 86' lang='grc'><strong>0111111</strong></span> <span class='ocrx_word' id='word_1_228' title='bbox 840 2126 1018 2180; x_wconf 85' lang='lat' dir='ltr'>postulas</span> <span class='ocrx_word' id='word_1_229' title='bbox 1028 2144 1039 2177; x_wconf 75' lang='lat'>3</span> <span class='ocrx_word' id='word_1_230' title='bbox 1086 2142 1159 2167; x_wconf 91' lang='lat' dir='ltr'>nec</span> <span class='ocrx_word' id='word_1_231' title='bbox 1200 2123 1505 2182; x_wconf 60' lang='grc' dir='ltr'>Οἶκονομιῖιν</span> <span class='ocrx_word' id='word_1_232' title='bbox 1550 2141 1676 2167; x_wconf 88' lang='grc'><strong>11163111</strong></span> <span class='ocrx_word' id='word_1_233' title='bbox 1719 2127 1943 2178; x_wconf 76' lang='lat' dir='ltr'>instituam,</span> <span class='ocrx_word' id='word_1_234' title='bbox 1989 2127 2056 2168; x_wconf 88' lang='lat' dir='ltr'>sed</span> 
     </span>
    </p>

    <p class='ocr_par' dir='ltr' id='par_1_9' title="bbox 264 2196 2059 2474">
     <span class='ocr_line' id='line_1_23' title="bbox 264 2196 2056 2253; baseline 0.001 -13"><span class='ocrx_word' id='word_1_235' title='bbox 264 2217 277 2240; x_wconf 86' lang='lat'>5</span> <span class='ocrx_word' id='word_1_236' title='bbox 300 2196 479 2238; x_wconf 86' lang='lat' dir='ltr'>ordinem</span> <span class='ocrx_word' id='word_1_237' title='bbox 514 2198 755 2239; x_wconf 83' lang='lat' dir='ltr'>conservabo</span> <span class='ocrx_word' id='word_1_238' title='bbox 790 2202 927 2240; x_wconf 79' lang='lat' dir='ltr'>tuum.¹</span> <span class='ocrx_word' id='word_1_239' title='bbox 971 2200 1281 2241; x_wconf 80' lang='lat' dir='ltr'>Recentissimas</span> <span class='ocrx_word' id='word_1_240' title='bbox 1315 2215 1337 2240; x_wconf 85' lang='lat' dir='ltr'>a</span> <span class='ocrx_word' id='word_1_241' title='bbox 1372 2198 1568 2253; x_wconf 73' lang='lat' dir='ltr'>Cybistris</span> <span class='ocrx_word' id='word_1_242' title='bbox 1601 2204 1639 2240; x_wconf 90' lang='lat' dir='ltr'>te</span> <span class='ocrx_word' id='word_1_243' title='bbox 1673 2215 1779 2241; x_wconf 88' lang='lat' dir='ltr'>meas</span> <span class='ocrx_word' id='word_1_244' title='bbox 1812 2200 1946 2242; x_wconf 82' lang='lat' dir='ltr'>literas</span> <span class='ocrx_word' id='word_1_245' title='bbox 1989 2200 2056 2242; x_wconf 86' lang='lat' dir='ltr'>ha-</span> 
     </span>
     <span class='ocr_line' id='line_1_24' title="bbox 301 2269 2056 2327; baseline 0.002 -17"><span class='ocrx_word' id='word_1_246' title='bbox 301 2269 392 2311; x_wconf 79' lang='lat' dir='ltr'>bere</span> <span class='ocrx_word' id='word_1_247' title='bbox 427 2271 498 2320; x_wconf 86' lang='lat' dir='ltr'>ais,</span> <span class='ocrx_word' id='word_1_248' title='bbox 535 2286 570 2311; x_wconf 86' lang='lat' dir='ltr'>a.</span> <span class='ocrx_word' id='word_1_249' title='bbox 605 2271 644 2312; x_wconf 89' lang='lat' dir='ltr'>d.</span> <span class='ocrx_word' id='word_1_250' title='bbox 676 2286 719 2312; x_wconf 82' lang='lat' dir='ltr'>X.</span> <span class='ocrx_word' id='word_1_251' title='bbox 755 2273 791 2312; x_wconf 79' lang='grc' dir='ltr'><em>Κ</em></span> <span class='ocrx_word' id='word_1_252' title='bbox 798 2272 848 2313; x_wconf 84' lang='lat' dir='ltr'>al.</span> <span class='ocrx_word' id='word_1_253' title='bbox 886 2272 1051 2313; x_wconf 84' lang='lat' dir='ltr'>Octobr.</span> <span class='ocrx_word' id='word_1_254' title='bbox 1086 2273 1199 2314; x_wconf 86' lang='lat' dir='ltr'>datas</span> <span class='ocrx_word' id='word_1_255' title='bbox 1234 2278 1273 2313; x_wconf 87' lang='lat' dir='ltr'>et</span> <span class='ocrx_word' id='word_1_256' title='bbox 1308 2272 1407 2313; x_wconf 87' lang='lat' dir='ltr'>scire</span> <span class='ocrx_word' id='word_1_257' title='bbox 1443 2272 1514 2321; x_wconf 89' lang='lat' dir='ltr'>vis,</span> <span class='ocrx_word' id='word_1_258' title='bbox 1562 2277 1652 2312; x_wconf 80' lang='lat' dir='ltr'>tuas</span> <span class='ocrx_word' id='word_1_259' title='bbox 1694 2287 1766 2326; x_wconf 79' lang='lat' dir='ltr'>ego</span> <span class='ocrx_word' id='word_1_260' title='bbox 1808 2288 1905 2327; x_wconf 87' lang='lat' dir='ltr'>quas</span> <span class='ocrx_word' id='word_1_261' title='bbox 1950 2287 2056 2313; x_wconf 84' lang='lat' dir='ltr'>acce-</span> 
     </span>
     <span class='ocr_line' id='line_1_25' title="bbox 302 2343 2059 2400; baseline 0.002 -18"><span class='ocrx_word' id='word_1_262' title='bbox 302 2343 440 2397; x_wconf 79' lang='lat' dir='ltr'>perim.</span> <span class='ocrx_word' id='word_1_263' title='bbox 492 2344 641 2385; x_wconf 81' lang='lat' dir='ltr'>Omnes</span> <span class='ocrx_word' id='word_1_264' title='bbox 676 2344 769 2394; x_wconf 86' lang='lat' dir='ltr'>fere,</span> <span class='ocrx_word' id='word_1_265' title='bbox 805 2360 902 2398; x_wconf 84' lang='lat' dir='ltr'>quas</span> <span class='ocrx_word' id='word_1_266' title='bbox 936 2360 1234 2397; x_wconf 83' lang='lat' dir='ltr'>commemoras,</span> <span class='ocrx_word' id='word_1_267' title='bbox 1269 2348 1425 2400; x_wconf 79' lang='lat' dir='ltr'>praeter</span> <span class='ocrx_word' id='word_1_268' title='bbox 1459 2359 1538 2395; x_wconf 84' lang='lat' dir='ltr'>eas,</span> <span class='ocrx_word' id='word_1_269' title='bbox 1585 2359 1682 2398; x_wconf 81' lang='lat' dir='ltr'>quas</span> <span class='ocrx_word' id='word_1_270' title='bbox 1724 2344 1864 2385; x_wconf 89' lang='lat' dir='ltr'>scribis</span> <span class='ocrx_word' id='word_1_271' title='bbox 1897 2343 2059 2385; x_wconf 86' lang='lat' dir='ltr'>Lentuli</span> 
     </span>
     <span class='ocr_line' id='line_1_26' title="bbox 303 2416 2057 2474; baseline 0.001 -19"><span class='ocrx_word' id='word_1_272' title='bbox 303 2416 435 2471; x_wconf 83' lang='lat' dir='ltr'>pueris</span> <span class='ocrx_word' id='word_1_273' title='bbox 469 2420 509 2457; x_wconf 91' lang='lat' dir='ltr'>et</span> <span class='ocrx_word' id='word_1_274' title='bbox 542 2417 788 2471; x_wconf 86' lang='lat' dir='ltr'>Equotutico</span> <span class='ocrx_word' id='word_1_275' title='bbox 821 2422 861 2458; x_wconf 91' lang='lat' dir='ltr'>et</span> <span class='ocrx_word' id='word_1_276' title='bbox 894 2419 1111 2460; x_wconf 86' lang='lat' dir='ltr'>Brundisio</span> <span class='ocrx_word' id='word_1_277' title='bbox 1146 2419 1273 2460; x_wconf 68' lang='lat' dir='ltr'>datas.</span> <span class='ocrx_word' id='word_1_278' title='bbox 1326 2417 1459 2468; x_wconf 76' lang='lat' dir='ltr'>Quare</span> <span class='ocrx_word' id='word_1_279' title='bbox 1492 2432 1572 2458; x_wconf 81' lang='grc'><strong>11011</strong></span> <span class='ocrx_word' id='word_1_280' title='bbox 1606 2418 1806 2474; x_wconf 71' lang='grc' dir='ltr'><em>Οἰχεται</em></span> <span class='ocrx_word' id='word_1_281' title='bbox 1839 2421 1910 2458; x_wconf 87' lang='lat' dir='ltr'>tua</span> <span class='ocrx_word' id='word_1_282' title='bbox 1941 2416 2057 2458; x_wconf 87' lang='lat' dir='ltr'>indu-</span> 
     </span>
    </p>
   </div>
   <div class='ocr_carea' id='block_1_9' title="bbox 304 2617 2060 2980">
    <p class='ocr_par' dir='ltr' id='par_1_10' title="bbox 304 2617 2060 2980">
     <span class='ocr_line' id='line_1_27' title="bbox 347 2617 2056 2659; baseline -0.001 -10"><span class='ocrx_word' id='word_1_283' title='bbox 347 2620 364 2659; x_wconf 74' lang='lat'>§</span> <span class='ocrx_word' id='word_1_284' title='bbox 389 2620 416 2649; x_wconf 91' lang='lat'>1.</span> <span class='ocrx_word' id='word_1_285' title='bbox 442 2619 480 2649; x_wconf 89' lang='lat' dir='ltr'>A.</span> <span class='ocrx_word' id='word_1_286' title='bbox 504 2619 534 2649; x_wconf 85' lang='lat' dir='ltr'>d.</span> <span class='ocrx_word' id='word_1_287' title='bbox 566 2618 594 2647; x_wconf 82' lang='lat' dir='ltr'><em>V</em></span> <span class='ocrx_word' id='word_1_288' title='bbox 615 2618 817 2649; x_wconf 68' lang='lat' dir='ltr'>Terminalia.</span> <span class='ocrx_word' id='word_1_289' title='bbox 853 2620 965 2657; x_wconf 85' lang='lat' dir='ltr'>Quum</span> <span class='ocrx_word' id='word_1_290' title='bbox 988 2620 1157 2650; x_wconf 82' lang='lat' dir='ltr'>Termina-</span> <span class='ocrx_word' id='word_1_291' title='bbox 1206 2622 1264 2653; x_wconf 86' lang='lat' dir='ltr'>ret,</span> <span class='ocrx_word' id='word_1_292' title='bbox 1287 2618 1343 2648; x_wconf 90' lang='lat' dir='ltr'>sed</span> <span class='ocrx_word' id='word_1_293' title='bbox 1372 2623 1407 2648; x_wconf 88' lang='lat' dir='ltr'>ut</span> <span class='ocrx_word' id='word_1_294' title='bbox 1429 2619 1469 2649; x_wconf 87' lang='lat' dir='ltr'>ad</span> <span class='ocrx_word' id='word_1_295' title='bbox 1492 2619 1623 2659; x_wconf 80' lang='lat' dir='ltr'>singula</span> <span class='ocrx_word' id='word_1_296' title='bbox 1647 2619 1849 2650; x_wconf 82' lang='lat' dir='ltr'>rescriberet.</span> <span class='ocrx_word' id='word_1_297' title='bbox 1890 2617 2056 2649; x_wconf 79' lang='lat' dir='ltr'>Victorius</span> 
     </span>
     <span class='ocr_line' id='line_1_28' title="bbox 306 2669 2058 2712; baseline -0.002 -8"><span class='ocrx_word' id='word_1_298' title='bbox 306 2673 349 2704; x_wconf 83' lang='lat' dir='ltr'>lia</span> <span class='ocrx_word' id='word_1_299' title='bbox 373 2678 547 2712; x_wconf 75' lang='lat' dir='ltr'>agerentur</span> <span class='ocrx_word' id='word_1_300' title='bbox 570 2683 597 2702; x_wconf 82' lang='lat' dir='ltr'>a.</span> <span class='ocrx_word' id='word_1_301' title='bbox 621 2673 650 2702; x_wconf 89' lang='lat' dir='ltr'>d.</span> <span class='ocrx_word' id='word_1_302' title='bbox 675 2673 745 2702; x_wconf 90' lang='lat' dir='ltr'>VII</span> <span class='ocrx_word' id='word_1_303' title='bbox 768 2673 844 2703; x_wconf 85' lang='lat' dir='ltr'>Kal.</span> <span class='ocrx_word' id='word_1_304' title='bbox 866 2673 1013 2710; x_wconf 81' lang='lat' dir='ltr'>Martias,</span> <span class='ocrx_word' id='word_1_305' title='bbox 1038 2673 1158 2703; x_wconf 81' lang='lat' dir='ltr'>indica-</span> <span class='ocrx_word' id='word_1_306' title='bbox 1208 2680 1274 2699; x_wconf 84' lang='grc' dir='ltr'>11οΠ</span> <span class='ocrx_word' id='word_1_307' title='bbox 1312 2670 1398 2701; x_wconf 82' lang='lat' dir='ltr'>male</span> <span class='ocrx_word' id='word_1_308' title='bbox 1438 2671 1664 2711; x_wconf 81' lang='lat' dir='ltr'>suspicabatur</span> <span class='ocrx_word' id='word_1_309' title='bbox 1697 2672 1830 2711; x_wconf 82' lang='lat' dir='ltr'>aliquod</span> <span class='ocrx_word' id='word_1_310' title='bbox 1864 2681 1934 2701; x_wconf 82' lang='lat' dir='ltr'>voc.</span> <span class='ocrx_word' id='word_1_311' title='bbox 1965 2669 2058 2701; x_wconf 83' lang='lat' dir='ltr'>Grae·</span> 
     </span>
     <span class='ocr_line' id='line_1_29' title="bbox 305 2722 2059 2765; baseline -0.001 -10"><span class='ocrx_word' id='word_1_312' title='bbox 305 2731 357 2756; x_wconf 87' lang='lat' dir='ltr'>tur</span> <span class='ocrx_word' id='word_1_313' title='bbox 379 2725 448 2755; x_wconf 84' lang='lat' dir='ltr'>dies</span> <span class='ocrx_word' id='word_1_314' title='bbox 470 2735 513 2755; x_wconf 89' lang='lat' dir='ltr'>m.</span> <span class='ocrx_word' id='word_1_315' title='bbox 544 2725 716 2755; x_wconf 83' lang='lat' dir='ltr'>Februarii</span> <span class='ocrx_word' id='word_1_316' title='bbox 744 2725 890 2755; x_wconf 87' lang='lat' dir='ltr'>decimus</span> <span class='ocrx_word' id='word_1_317' title='bbox 921 2736 1038 2756; x_wconf 88' lang='lat' dir='ltr'>nonus.</span> <span class='ocrx_word' id='word_1_318' title='bbox 1083 2725 1157 2762; x_wconf 85' lang='lat' dir='ltr'>Sed,</span> <span class='ocrx_word' id='word_1_319' title='bbox 1208 2733 1283 2753; x_wconf 75' lang='lat' dir='ltr'>cum</span> <span class='ocrx_word' id='word_1_320' title='bbox 1308 2724 1467 2755; x_wconf 81' lang='lat' dir='ltr'>excidisse</span> <span class='ocrx_word' id='word_1_321' title='bbox 1489 2730 1561 2765; x_wconf 80' lang='lat' dir='ltr'>post</span> <span class='ocrx_word' id='word_1_322' title='bbox 1580 2725 1775 2765; x_wconf 67' lang='lat' dir='ltr'>respondebo.</span> <span class='ocrx_word' id='word_1_323' title='bbox 1797 2724 1949 2755; x_wconf 83' lang='lat' dir='ltr'>Forsitan</span> <span class='ocrx_word' id='word_1_324' title='bbox 1964 2722 2059 2754; x_wconf 81' lang='lat' dir='ltr'>fuerit</span> 
     </span>
     <span class='ocr_line' id='line_1_30' title="bbox 304 2772 2059 2821; baseline -0.001 -14"><span class='ocrx_word' id='word_1_325' title='bbox 304 2783 339 2807; x_wconf 84' lang='lat' dir='ltr'>ut</span> <span class='ocrx_word' id='word_1_326' title='bbox 369 2784 463 2807; x_wconf 84' lang='lat' dir='ltr'>acute</span> <span class='ocrx_word' id='word_1_327' title='bbox 491 2777 677 2808; x_wconf 80' lang='lat' dir='ltr'>observavit</span> <span class='ocrx_word' id='word_1_328' title='bbox 706 2777 863 2813; x_wconf 76' lang='lat' dir='ltr'>[delei-us,</span> <span class='ocrx_word' id='word_1_329' title='bbox 901 2778 1004 2808; x_wconf 83' lang='lat' dir='ltr'>utitur</span> <span class='ocrx_word' id='word_1_330' title='bbox 1044 2778 1159 2809; x_wconf 86' lang='lat' dir='ltr'>Cicero</span> <span class='ocrx_word' id='word_1_331' title='bbox 1208 2772 1295 2806; x_wconf 73' lang='grc' dir='ltr'><em>κατὰ</em></span> <span class='ocrx_word' id='word_1_332' title='bbox 1323 2774 1437 2821; x_wconf 82' lang='grc' dir='ltr'><strong><em>μίτον,</em></strong></span> <span class='ocrx_word' id='word_1_333' title='bbox 1468 2787 1532 2818; x_wconf 82' lang='grc'><strong>(1110</strong></span> <span class='ocrx_word' id='word_1_334' title='bbox 1566 2777 1668 2807; x_wconf 84' lang='lat' dir='ltr'>utitur</span> <span class='ocrx_word' id='word_1_335' title='bbox 1698 2778 1730 2807; x_wconf 92' lang='lat' dir='ltr'>in</span> <span class='ocrx_word' id='word_1_336' title='bbox 1760 2777 1859 2807; x_wconf 86' lang='lat' dir='ltr'>simili</span> <span class='ocrx_word' id='word_1_337' title='bbox 1889 2786 1932 2812; x_wconf 89' lang='lat' dir='ltr'>re,</span> <span class='ocrx_word' id='word_1_338' title='bbox 1962 2773 2059 2806; x_wconf 87' lang='lat' dir='ltr'>XIV.</span> 
     </span>
     <span class='ocr_line' id='line_1_31' title="bbox 306 2830 2060 2871; baseline -0.001 -10"><span class='ocrx_word' id='word_1_339' title='bbox 306 2830 459 2861; x_wconf 85' lang='lat' dir='ltr'>insolenti</span> <span class='ocrx_word' id='word_1_340' title='bbox 489 2830 549 2860; x_wconf 87' lang='lat' dir='ltr'>hac</span> <span class='ocrx_word' id='word_1_341' title='bbox 583 2831 737 2870; x_wconf 84' lang='lat' dir='ltr'>temporis</span> <span class='ocrx_word' id='word_1_342' title='bbox 767 2830 944 2867; x_wconf 77' lang='lat' dir='ltr'>notatione,</span> <span class='ocrx_word' id='word_1_343' title='bbox 974 2842 1077 2871; x_wconf 83' lang='lat' dir='ltr'>quum</span> <span class='ocrx_word' id='word_1_344' title='bbox 1108 2841 1160 2862; x_wconf 86' lang='lat' dir='ltr'>ne·</span> <span class='ocrx_word' id='word_1_345' title='bbox 1210 2831 1257 2867; x_wconf 80' lang='lat'>16,</span> <span class='ocrx_word' id='word_1_346' title='bbox 1282 2832 1310 2861; x_wconf 82' lang='lat'>3.</span> <span class='ocrx_word' id='word_1_347' title='bbox 1355 2831 1452 2868; x_wconf 77' lang='lat' dir='ltr'>Quod</span> <span class='ocrx_word' id='word_1_348' title='bbox 1475 2832 1509 2862; x_wconf 89' lang='lat' dir='ltr'>in</span> <span class='ocrx_word' id='word_1_349' title='bbox 1540 2831 1687 2871; x_wconf 77' lang='lat' dir='ltr'>margine</span> <span class='ocrx_word' id='word_1_350' title='bbox 1717 2832 1833 2862; x_wconf 81' lang='lat' dir='ltr'>Lamb.</span> <span class='ocrx_word' id='word_1_351' title='bbox 1865 2830 2060 2870; x_wconf 78' lang='lat' dir='ltr'>adscriptum</span> 
     </span>
     <span class='ocr_line' id='line_1_32' title="bbox 305 2881 2060 2929; baseline -0.001 -16"><span class='ocrx_word' id='word_1_352' title='bbox 305 2884 400 2914; x_wconf 86' lang='lat' dir='ltr'>sciret</span> <span class='ocrx_word' id='word_1_353' title='bbox 422 2887 547 2914; x_wconf 86' lang='lat' dir='ltr'>essetne</span> <span class='ocrx_word' id='word_1_354' title='bbox 571 2883 798 2914; x_wconf 85' lang='lat' dir='ltr'>intercalatum</span> <span class='ocrx_word' id='word_1_355' title='bbox 820 2894 932 2921; x_wconf 88' lang='lat' dir='ltr'>necne,</span> <span class='ocrx_word' id='word_1_356' title='bbox 944 2884 1082 2924; x_wconf 84' lang='lat' dir='ltr'>ideoque</span> <span class='ocrx_word' id='word_1_357' title='bbox 1101 2886 1156 2915; x_wconf 88' lang='lat' dir='ltr'>du-</span> <span class='ocrx_word' id='word_1_358' title='bbox 1210 2889 1258 2914; x_wconf 84' lang='lat' dir='ltr'>est</span> <span class='ocrx_word' id='word_1_359' title='bbox 1285 2882 1417 2928; x_wconf 77' lang='grc' dir='ltr'>χρύσεα</span> <span class='ocrx_word' id='word_1_360' title='bbox 1445 2881 1613 2929; x_wconf 72' lang='grc' dir='ltr'>χαλκείων</span> <span class='ocrx_word' id='word_1_361' title='bbox 1645 2894 1661 2915; x_wconf 89' lang='grc'>6</span> <span class='ocrx_word' id='word_1_362' title='bbox 1691 2884 1709 2924; x_wconf 68' lang='grc' dir='ltr'>ξ</span> <span class='ocrx_word' id='word_1_363' title='bbox 1738 2884 1777 2914; x_wconf 78' lang='grc'>22</span> <span class='ocrx_word' id='word_1_364' title='bbox 1813 2883 1893 2913; x_wconf 89' lang='lat' dir='ltr'>mihi</span> <span class='ocrx_word' id='word_1_365' title='bbox 1929 2882 2060 2922; x_wconf 87' lang='lat' dir='ltr'>quidem</span> 
     </span>
     <span class='ocr_line' id='line_1_33' title="bbox 306 2937 1462 2980; baseline 0.003 -13"><span class='ocrx_word' id='word_1_366' title='bbox 306 2937 432 2973; x_wconf 75' lang='lat' dir='ltr'>bitaret,</span> <span class='ocrx_word' id='word_1_367' title='bbox 455 2943 565 2968; x_wconf 88' lang='lat' dir='ltr'>utrum</span> <span class='ocrx_word' id='word_1_368' title='bbox 589 2948 615 2967; x_wconf 88' lang='lat' dir='ltr'>a.</span> <span class='ocrx_word' id='word_1_369' title='bbox 639 2938 669 2968; x_wconf 88' lang='lat' dir='ltr'>d.</span> <span class='ocrx_word' id='word_1_370' title='bbox 692 2937 746 2968; x_wconf 85' lang='lat' dir='ltr'>XI</span> <span class='ocrx_word' id='word_1_371' title='bbox 768 2938 843 2968; x_wconf 85' lang='lat' dir='ltr'>Kal.</span> <span class='ocrx_word' id='word_1_372' title='bbox 860 2938 1004 2976; x_wconf 84' lang='lat' dir='ltr'>Martias,</span> <span class='ocrx_word' id='word_1_373' title='bbox 1022 2949 1063 2969; x_wconf 87' lang='lat' dir='ltr'>an</span> <span class='ocrx_word' id='word_1_374' title='bbox 1079 2949 1157 2970; x_wconf 88' lang='lat' dir='ltr'>vero</span> <span class='ocrx_word' id='word_1_375' title='bbox 1210 2951 1275 2970; x_wconf 86' lang='lat' dir='ltr'>non</span> <span class='ocrx_word' id='word_1_376' title='bbox 1299 2940 1462 2980; x_wconf 82' lang='lat' dir='ltr'>probatur.</span> 
     </span>
    </p>
   </div>
   <div class='ocr_carea' id='block_1_10' title="bbox 1176 2612 1180 2698">
    <p class='ocr_par' dir='ltr' id='par_1_11' title="bbox 1176 2612 1180 2698">
     <span class='ocr_line' id='line_1_34' title="bbox 1176 2612 1180 2698; baseline 0 835"><span class='ocrx_word' id='word_1_377' title='bbox 1176 2612 1180 2698; x_wconf 95' lang='lat' dir='ltr'> </span> 
     </span>
    </p>
   </div>
   <div class='ocr_carea' id='block_1_11' title="bbox 306 2986 2061 3137">
    <p class='ocr_par' dir='ltr' id='par_1_12' title="bbox 306 2986 2061 3137">
     <span class='ocr_line' id='line_1_35' title="bbox 307 2986 2061 3033; baseline -0.002 -14"><span class='ocrx_word' id='word_1_378' title='bbox 307 2999 333 3019; x_wconf 89' lang='lat' dir='ltr'>a.</span> <span class='ocrx_word' id='word_1_379' title='bbox 356 2990 385 3019; x_wconf 85' lang='lat' dir='ltr'>d.</span> <span class='ocrx_word' id='word_1_380' title='bbox 411 2990 461 3019; x_wconf 87' lang='lat' dir='ltr'>VI</span> <span class='ocrx_word' id='word_1_381' title='bbox 484 2990 558 3019; x_wconf 87' lang='lat' dir='ltr'>Kal.</span> <span class='ocrx_word' id='word_1_382' title='bbox 583 2989 792 3021; x_wconf 80' lang='lat' dir='ltr'>intercalares</span> <span class='ocrx_word' id='word_1_383' title='bbox 815 2990 876 3020; x_wconf 87' lang='lat' dir='ltr'>sibi</span> <span class='ocrx_word' id='word_1_384' title='bbox 899 2996 983 3021; x_wconf 83' lang='lat' dir='ltr'>esset</span> <span class='ocrx_word' id='word_1_385' title='bbox 1016 2991 1156 3021; x_wconf 83' lang='lat' dir='ltr'>scriben-</span> <span class='ocrx_word' id='word_1_386' title='bbox 1255 2986 1448 3033; x_wconf 77' lang='grc' dir='ltr'>οἰκονομίαν</span> <span class='ocrx_word' id='word_1_387' title='bbox 1472 3000 1504 3020; x_wconf 79' lang='lat' dir='ltr'>o:</span> <span class='ocrx_word' id='word_1_388' title='bbox 1530 2999 1639 3020; x_wconf 85' lang='lat' dir='ltr'>rerum</span> <span class='ocrx_word' id='word_1_389' title='bbox 1661 2993 1748 3019; x_wconf 83' lang='lat' dir='ltr'>certo</span> <span class='ocrx_word' id='word_1_390' title='bbox 1771 2988 1884 3018; x_wconf 88' lang='lat' dir='ltr'>ordine</span> <span class='ocrx_word' id='word_1_391' title='bbox 1912 2986 2061 3017; x_wconf 84' lang='lat' dir='ltr'>distribu-</span> 
     </span>
     <span class='ocr_line' id='line_1_36' title="bbox 306 3042 1764 3084; baseline 0.002 -13"><span class='ocrx_word' id='word_1_392' title='bbox 306 3042 392 3071; x_wconf 82' lang='lat' dir='ltr'>dum.</span> <span class='ocrx_word' id='word_1_393' title='bbox 417 3042 465 3072; x_wconf 64' lang='lat' dir='ltr'>Cf.</span> <span class='ocrx_word' id='word_1_394' title='bbox 490 3043 574 3072; x_wconf 82' lang='lat' dir='ltr'>infra</span> <span class='ocrx_word' id='word_1_395' title='bbox 597 3044 614 3082; x_wconf 62' lang='grc' dir='ltr'>ξ</span> <span class='ocrx_word' id='word_1_396' title='bbox 641 3044 687 3072; x_wconf 68' lang='lat'>12.</span> <span class='ocrx_word' id='word_1_397' title='bbox 1213 3051 1318 3077; x_wconf 78' lang='lat' dir='ltr'>tarum</span> <span class='ocrx_word' id='word_1_398' title='bbox 1341 3046 1576 3077; x_wconf 80' lang='lat' dir='ltr'>tractationem.</span> <span class='ocrx_word' id='word_1_399' title='bbox 1601 3045 1650 3076; x_wconf 90' lang='lat' dir='ltr'>Cf.</span> <span class='ocrx_word' id='word_1_400' title='bbox 1674 3046 1692 3084; x_wconf 62' lang='grc' dir='ltr'><em>ξ</em></span> <span class='ocrx_word' id='word_1_401' title='bbox 1717 3045 1764 3074; x_wconf 94' lang='grc'>11.</span> 
     </span>
     <span class='ocr_line' id='line_1_37' title="bbox 350 3094 2061 3137; baseline 0.002 -13"><span class='ocrx_word' id='word_1_402' title='bbox 350 3094 395 3121; x_wconf 61' lang='grc' dir='ltr'>1ῐή-</span> <span class='ocrx_word' id='word_1_403' title='bbox 411 3095 506 3133; x_wconf 65' lang='grc' dir='ltr'>ιζᾳὶίαν</span> <span class='ocrx_word' id='word_1_404' title='bbox 521 3096 724 3135; x_wconf 63' lang='lat' dir='ltr'>respondebo.-</span> <span class='ocrx_word' id='word_1_405' title='bbox 742 3096 787 3125; x_wconf 69' lang='lat' dir='ltr'>sir·</span> <span class='ocrx_word' id='word_1_406' title='bbox 803 3096 881 3125; x_wconf 74' lang='lat' dir='ltr'>enim</span> <span class='ocrx_word' id='word_1_407' title='bbox 895 3097 1048 3135; x_wconf 65' lang='lat' dir='ltr'>pessulus.</span> <span class='ocrx_word' id='word_1_408' title='bbox 1072 3097 1159 3127; x_wconf 79' lang='lat' dir='ltr'>Sane</span> <span class='ocrx_word' id='word_1_409' title='bbox 1258 3100 1343 3130; x_wconf 69' lang='lat' dir='ltr'>Meas</span> <span class='ocrx_word' id='word_1_410' title='bbox 1365 3100 1479 3130; x_wconf 69' lang='lat' dir='ltr'>literas</span> <span class='ocrx_word' id='word_1_411' title='bbox 1501 3106 1561 3131; x_wconf 71' lang='lat' dir='ltr'>cet.</span> <span class='ocrx_word' id='word_1_412' title='bbox 1584 3101 1650 3131; x_wconf 78' lang='lat' dir='ltr'>Eae</span> <span class='ocrx_word' id='word_1_413' title='bbox 1674 3109 1761 3130; x_wconf 87' lang='lat' dir='ltr'>nunc</span> <span class='ocrx_word' id='word_1_414' title='bbox 1785 3099 1939 3137; x_wconf 73' lang='lat' dir='ltr'>leguntur</span> <span class='ocrx_word' id='word_1_415' title='bbox 1955 3098 1996 3128; x_wconf 88' lang='lat' dir='ltr'>V.</span> <span class='ocrx_word' id='word_1_416' title='bbox 2014 3098 2061 3127; x_wconf 85' lang='lat'>19.</span> 
     </span>
    </p>
   </div>
   <div class='ocr_carea' id='block_1_12' title="bbox 309 3148 1463 3193">
    <p class='ocr_par' dir='ltr' id='par_1_13' title="bbox 309 3148 1463 3193">
     <span class='ocr_line' id='line_1_38' title="bbox 309 3148 1463 3193; baseline 0.006 -17"><span class='ocrx_word' id='word_1_417' title='bbox 309 3156 375 3176; x_wconf 88' lang='lat' dir='ltr'>non</span> <span class='ocrx_word' id='word_1_418' title='bbox 400 3148 575 3185; x_wconf 78' lang='lat' dir='ltr'>postularat</span> <span class='ocrx_word' id='word_1_419' title='bbox 598 3148 740 3185; x_wconf 75' lang='lat' dir='ltr'>Atticus,</span> <span class='ocrx_word' id='word_1_420' title='bbox 764 3154 799 3179; x_wconf 87' lang='lat' dir='ltr'>ut</span> <span class='ocrx_word' id='word_1_421' title='bbox 821 3149 957 3180; x_wconf 85' lang='lat' dir='ltr'>omnino</span> <span class='ocrx_word' id='word_1_422' title='bbox 988 3150 1158 3190; x_wconf 83' lang='lat' dir='ltr'>responde-</span> <span class='ocrx_word' id='word_1_423' title='bbox 1215 3152 1264 3183; x_wconf 76' lang='lat' dir='ltr'>Cf.</span> <span class='ocrx_word' id='word_1_424' title='bbox 1288 3161 1336 3193; x_wconf 82' lang='lat' dir='ltr'>ep.</span> <span class='ocrx_word' id='word_1_425' title='bbox 1362 3153 1409 3189; x_wconf 87' lang='grc'>18,</span> <span class='ocrx_word' id='word_1_426' title='bbox 1436 3153 1463 3182; x_wconf 89' lang='lat' dir='ltr'>l.</span> 
     </span>
    </p>
   </div>
  </div>
 </body>
</html>
