2117 3533
250 150 304 188 82

650 146 733 186 ΕΡ.
770 145 844 184 AD
877 144 923 183 T.
958 141 1307 184 POMPONIUM
1343 139 1603 180 ATTICUM.

249 279 370 321 nibus
402 280 445 319 in
477 278 595 319 rebus
628 292 715 318 11160
750 283 789 317 et
823 276 1004 331 Pompeii
1037 275 1204 315 consilio
1237 289 1403 315 usurum
1437 273 1703 326 daturumque
1748 285 1920 326 opera-m,
1965 275 2010 309 ut

252 367 342 392 cum
376 351 567 405 Pompeio
601 350 787 390 Crassum
809 350 1082 401 coniungeret.
1118 347 1198 388 Hic
1222 352 1317 388 sunt
1338 347 1456 387 haec:
1483 345 1712 386 coniunctio
1735 343 1835 384 mihi
1858 357 2006 383 summa

253 439 343 465 cum
378 422 591 476 Pompeio3
628 422 659 462 si
694 421 838 476 placet,
874 420 994 461 etiam
1027 434 1118 459 cum
1153 419 1341 469 Caesare5
1376 418 1528 458 reditus
1560 417 1603 457 in
1632 416 1798 470 gratiam
1823 430 1913 456 cum
1935 414 2010 455 1111-

254 495 381 544 micis,
416 509 493 548 pax
528 509 617 533 611111
653 492 927 541 multitudine,
962 491 1179 532 senectutis
1213 491 1353 530 otium.
1388 489 1464 531 Sed
1499 504 1560 529 me
1594 485 1899 539 κατάκλησις
1926 502 2009 526 mea

219 578 232 601 ῡ
254 568 322 607 illa
355 572 590 615 commovet,
627 581 726 619 quae
760 570 820 605 est
852 565 895 604 111
928 563 1031 604 libro
1064 576 1132 609 ΠΙ,

206 995 239 1019 10

208 1404 238 1429 15

513 665 672 704 Interea
706 677 857 712 cursus,
893 676 986 715 quos
1014 660 1145 713 prima
1179 676 1203 700 α
1229 664 1350 712 parte
1383 660 1561 699 iuventae

511 738 689 790 Quosque
721 736 816 775 adeo
850 735 987 774 consul
1016 733 1164 773 virtute
1196 733 1398 786 animoque
1422 731 1578 784 petisti,

514 810 592 851 Hos
624 808 748 848 retine
781 811 899 860 atque
931 820 1028 857 unqe
1047 806 1205 859 famam
1242 805 1452 858 laudesque
1484 805 1676 843 bonorum.

262 908 371 947 llaec
405 905 505 946 1111111
540 920 660 958 (11111111
694 905 737 944 111
771 919 816 944 60
830 903 946 951 libro,
967 904 1010 943 in
1034 917 1110 955 quo
1135 902 1261 942 multa
1284 906 1377 943 sunt
1401 901 1548 955 scripta
1571 897 2016 957 ἀριστοκρατικῶς,

260 979 435 1033 Calliope
477 979 563 1032 ipsa
604 976 916 1031 praescripserit,
961 991 1041 1016 non
1087 975 1226 1029 opinor
1268 990 1351 1015 esse
1397 972 1680 1022 dubitandum,
1726 971 1823 1024 quin
1867 985 2018 1025 sempor

258 1049 374 1090 nobis
407 1049 590 1090 videatur

510 1140 605 1199 Εἷς
636 1144 822 1198 οἰωνὸς
856 1143 1067 1204 ἄριστος
1100 1143 1389 1203 ἀμύνεσθαι
1424 1142 1528 1202 περὶ
1562 1142 1763 1201 πάτρης.

262 1245 339 1287 Sed
373 1245 471 1286 11366
506 1244 851 1285 ambulationibus
885 1243 1178 1299 Compitaliciis
1211 1257 1470 1283 reservemus.
1513 1242 1575 1281 Tu
1616 1240 1745 1296 pridie
1789 1237 2028 1294 Compitalia

261 1322 478 1358 memento,
513 1317 726 1358 Balineum
761 1317 907 1357 calfieri
940 1315 1089 1357 iubebo
1122 1321 1163 1356 et
1195 1315 1457 1369 Pomponiam
1485 1314 1671 1355 Terentia
1691 1317 1827 1368 rogat3
1861 1315 2027 1352 matrem

262 1389 542 1443 adiungemus.
642 1386 958 1445 Θεοφράστου
1019 1385 1123 1445 περὶ

262 1462 407 1513 Quinti
440 1461 574 1502 fratris
585 1493 593 1501 .

305 1632 326 1660 4
348 1628 528 1668 κατακλείς

314 1780 351 1811 Ut
367 1790 432 1810 cum
446 1779 593 1820 Pompeio
611 1779 750 1809 Crassmn
768 1779 980 1819 eonicmqeret.
1002 1778 1124 1810 Odium

266 1834 374 1865 Crassi
398 1840 430 1864 et
452 1833 587 1863 Luculli
610 1833 643 1862 in
668 1832 865 1872 Pompeium
887 1841 928 1862 ex
956 1831 1127 1862 arbitraria

265 1888 366 1917 Asiae
391 1886 675 1917 administratione
698 1885 815 1925 repetit
837 1885 1011 1925 Appianus
1028 1885 1067 1915 (16
1087 1885 1126 1915 Β.

267 1940 302 1971 (ζ’.
327 1941 373 1970 II.
403 1940 432 1970 2.
460 1940 517 1970 Ad
539 1949 576 1969 ea
599 1949 682 1979 (11136
707 1939 905 1978 praecedunt
928 1938 968 1968 cf.
993 1937 1060 1968 Cic.
1087 1938 1126 1968 (16

266 2004 356 2033 prov.
377 2003 466 2024 cons,
488 2003 514 2023 c.
539 1993 588 2024 17.

308 2046 371 2076 Hie
399 2048 472 2076 sunt
501 2046 580 2075 haec
610 2056 642 2075 o:
675 2047 714 2076 ad
745 2045 916 2076 Caesarem
948 2045 981 2075 in
1012 2045 1071 2074 hac
1094 2054 1127 2075 re

269 2100 495 2129 adiuvandum
518 2098 598 2128 haec
622 2107 673 2128 me
697 2098 883 2138 impellunt.

315 2147 538 2185 κατάκλησις.
572 2148 693 2188 Scripsi
718 2159 734 2179 e
757 2149 944 2178 coniectura
967 2157 1050 2178 mea.
1088 2148 1127 2177 In

270 2205 358 2236 Med.
381 2211 429 2235 est
452 2212 671 2244 κατακρεσις.
696 2202 810 2241 Vulgo
825 2202 963 2242 probant
980 2201 1129 2231 Tur-nebi

270 2258 505 2288 correctionem
529 2252 723 2292 κατακλείς.
754 2256 816 2285 Illa
840 2266 916 2291 vox,
940 2264 1022 2294 quae
1045 2254 1128 2283 elav-

269 2312 367 2341 sulam
392 2312 523 2348 indicat,
547 2318 633 2342 recte
657 2311 778 2350 legitur
801 2309 863 2339 IX.
877 2310 925 2345 18,
942 2308 970 2344 3,
988 2309 1043 2338 sed
1059 2308 1089 2337 11.
1107 2308 1128 2337 1.

272 2365 402 2404 requiro
429 2374 561 2401 nomen,
585 2365 671 2404 quod
695 2362 942 2392 ashur-salionem
970 2361 1129 2400 designet.

274 2418 312 2447 In
342 2417 468 2447 sincera
497 2416 679 2447 Graecitate
710 2422 758 2446 est
790 2410 1018 2458 παράκὶησις.
1065 2413 1130 2443 Sed

273 2473 416 2504 Romani
438 2472 560 2503 Graece
583 2473 755 2512 loquentes
779 2478 810 2501 ct
833 2471 1012 2501 scribentes
1027 2469 1130 2499 multa

276 2536 340 2555 non
364 2526 536 2555 emendate
558 2530 766 2564 usurparunt,
790 2533 873 2563 quae
895 2523 981 2553 vela
998 2521 1131 2552 Graecis

275 2579 466 2619 aequalibus
489 2584 679 2618 acceperant
702 2578 753 2608 vel
777 2578 838 2618 ipsi
860 2578 1037 2607 finxerant.

318 2630 357 2660 In
379 2630 459 2660 libro
481 2629 544 2659 III
563 2630 717 2660 carminis
739 2630 778 2660 de
802 2628 975 2659 consulatu
998 2637 1082 2658 meo.

318 2684 389 2714 Non
410 2683 520 2722 opinor
542 2692 608 2712 esse
630 2682 844 2718 dubitandum,
867 2687 929 2711 cet.
952 2680 1132 2720 Postquam

278 2739 310 2767 in
334 2742 506 2776 utramque
529 2742 653 2776 partem
677 2736 837 2776 quaedam
860 2734 1048 2774 disputavit,
1067 2733 1132 2763 iam

277 2791 438 2830 proponit,
463 2790 541 2829 quid
563 2790 625 2819 sibi
649 2789 835 2819 faciendum
864 2788 1024 2823 videatur,
1055 2796 1134 2816 usus

277 2842 490 2872 celebemimo
520 2841 672 2871 Hectoris
710 2840 880 2870 Homerici
910 2839 1016 2875 effato,
1047 2838 1133 2878 quod

279 2893 399 2932 legitur
421 2893 516 2922 Iliad.
540 2892 623 2922 XII.
646 2893 716 2922 243.

323 2946 520 2985 Compitalia.
557 2946 622 2975 Hic
659 2946 737 2981 dies,
772 2944 913 2975 Laribus
948 2944 1134 2979 attributus,

279 3000 396 3039 quibus
418 2999 452 3029 in
475 2999 626 3038 compitis
649 2999 756 3034 fiebat,
780 2998 937 3037 agebatur
959 2996 1135 3037 quotannis

279 3057 350 3088 post
374 3049 570 3085 Saturnalia,
594 3050 650 3080 sed
680 3055 825 3089 tempore
849 3047 1041 3088 conceptivo
1071 3056 1137 3077 non

278 3108 410 3131 statuto.
457 3102 562 3132 Varro
586 3103 625 3131 (16
650 3102 728 3138 ling.
753 3102 826 3131 Lar.
854 3101 916 3130 VI.
947 3101 997 3130 25.
1036 3099 1138 3130 Macr.
1162 3105 1164 3126 t

1173 1384 1476 1443 φιλοτιμίας
1526 1386 1619 1427 affer
1662 1385 1761 1426 mihi
1815 1384 1863 1425 de
1916 1382 2028 1424 libris

1176 1778 1309 1810 Saturn.
1332 1780 1358 1810 I.
1381 1780 1402 1809 4
1423 1784 1508 1810 extr.
1530 1796 1570 1802 —
1586 1777 1792 1818 Compara-itis
1806 1787 1882 1808 cum
1896 1777 1947 1807 his
1962 1785 2030 1806 ver-

1177 1833 1225 1863 bis
1258 1832 1301 1862 Tu
1325 1832 1433 1872 pridie
1464 1831 1651 1871 Compitalia
1688 1832 1845 1868 memento,
1881 1830 1921 1860 iis
1949 1838 2031 1869 quae

1176 1886 1332 1924 leguntur
1353 1885 1387 1916 in
1411 1885 1504 1926 epist.
1518 1894 1623 1925 praec.
1638 1894 1748 1916 coenes
1761 1883 1847 1924 apud
1859 1893 1914 1914 nos
1924 1882 2032 1922 pridie

1179 1938 1262 1975 Kal„
1285 1938 1464 1969 verisimile
1485 1938 1522 1968 fit
1538 1948 1565 1968 3.
1582 1938 1640 1968 695
1656 1937 1853 1977 Compitalia
1864 1936 1941 1976 ipsis
1956 1936 2032 1965 Kal.

1180 1993 1342 2023 Ianuariis
1366 1993 1465 2023 fuisse
1488 1993 1619 2029 indicta,
1642 1997 1679 2022 ut
1701 1992 1823 2022 factum
1845 2000 1914 2022 esse
1929 2001 1956 2021 a.
1973 1991 2032 2020 696

1180 2046 1333 2075 novimus
1355 2055 1398 2076 ex
1419 2052 1499 2075 orat.
1524 2046 1557 2075 in
1586 2045 1697 2075 Pison.
1720 2046 1749 2074 8.
1777 2045 1821 2075 Α.
1853 2044 1912 2076 705
1942 2054 1970 2074 a.
2003 2045 2033 2074 (Ι.

1181 2097 1268 2127 ΙΙΙΙ.
1289 2097 1376 2127 Non.
1398 2098 1470 2127 Ian.
1493 2097 1655 2128 celebrata
1678 2103 1764 2133 sunt,
1789 2097 1862 2127 Att.
1892 2096 1974 2126 VII.
2005 2095 2031 2131 7,

1180 2150 1208 2179 3.
1244 2148 1294 2179 Cf.
1324 2149 1517 2180 Schneideri
1544 2160 1661 2180 comm.
1692 2150 1732 2180 de
1755 2150 1861 2189 primo
1885 2148 2033 2180 Caesaris

1180 2202 1353 2232 consulatu
1383 2202 1417 2231 in
1446 2202 1542 2232 Actis
1573 2212 1636 2232 soc.
1666 2201 1809 2232 Graecae
1842 2201 1919 2231 Vol.
1956 2201 1972 2231 I
2005 2211 2033 2240 p.

1180 2253 1251 2285 374.
1274 2264 1320 2293 sq.

1222 2305 1421 2346 Pomponiam
1455 2306 1600 2336 Terentia
1629 2308 1718 2345 νομαί
1760 2316 1792 2336 o:
1834 2305 1962 2341 invitat,
2000 2313 2035 2335 ut

1182 2359 1221 2389 ad
1245 2368 1278 2389 se
1309 2359 1430 2389 veniat.
1462 2359 1512 2388 Ita
1544 2358 1695 2389 Catullus
1723 2360 1751 2395 8,
1776 2359 1813 2388 13
1836 2367 1893 2388 nee
1915 2357 2035 2397 royahil

1180 2412 1310 2442 invitam
1327 2412 1468 2451 puellam
1492 2416 1524 2442 et
1546 2412 1580 2441 in
1605 2412 1752 2442 Petronii
1776 2411 1841 2442 Sat.
1866 2411 1914 2448 72,
1937 2410 2034 2450 fami-

1182 2465 1228 2495 lia
1257 2465 1288 2495 iu
1309 2464 1413 2504 fimus
1442 2467 1564 2505 royala.
1616 2465 1654 2494 In
1692 2464 1868 2504 parietibus
1904 2463 2034 2494 aedium

1183 2517 1461 2557 Pompeianarum
1490 2518 1579 2556 νομαί
1609 2516 1680 2546 sine
1710 2516 1838 2546 obiecto
1866 2516 1922 2552 rei,
1946 2516 2036 2545 velut

1183 2578 1323 2601 PAXSAM
1345 2578 1425 2599 AED.
1448 2578 1604 2599 PARATL'S
1618 2578 1741 2606 ROGAT,
1759 2575 1807 2600 est
1822 2569 1947 2599 dictum
1959 2579 2033 2608 pro:

1183 2632 1286 2664 rogat,
1310 2630 1346 2654 ut
1368 2624 1431 2654 sibi
1453 2623 1568 2654 faveat.

1226 2677 1361 2706 Matrem
1396 2676 1510 2713 Attici,
1546 2685 1628 2717 quae
1668 2676 1769 2706 vitam
1804 2676 1962 2717 produxit
1997 2676 2036 2706 ad

1184 2739 1308 2759 annum
1321 2729 1436 2759 aetatis
1449 2729 1711 2768 nonagesimum,
1726 2729 1836 2768 Nepos
1850 2729 1884 2759 in
1898 2729 1970 2760 Att.
1986 2728 2034 2760 17.

1226 2780 1444 2825 Θεοφράστου
1472 2776 1548 2826 περὶ
1576 2778 1782 2826 φιλοτιμίας.
1805 2780 1860 2812 Sic
1882 2786 1978 2817 recte,
2002 2786 2037 2810 ut

1184 2839 1322 2875 videtur,
1346 2838 1526 2869 Victorius.
1548 2838 1644 2877 Diog.
1667 2838 1776 2869 Laert.
1798 2838 1841 2867 V,
1865 2838 1883 2877 ξ
1903 2837 1944 2867 46
1959 2837 2037 2867 citat

1185 2891 1267 2920 duos
1295 2890 1395 2921 libros
1425 2890 1643 2930 Theophrasti
1672 2889 1711 2919 (le
1731 2888 1896 2919 ambitione
1918 2888 1969 2918 vel
1999 2887 2037 2918 de

1185 2943 1331 2973 honorum
1355 2942 1469 2972 stvdio.
