2117 3533
229 171 312 211 166
624 165 710 207 ΕΡ.
743 164 820 206 AD
851 163 899 204 Τ.
931 159 1282 204 POMPONIUM
1313 158 1578 202 ATTICUM.

227 302 382 345 urba-no
414 301 529 343 facile
563 315 690 342 careo.
735 299 967 341 Amicorum
1000 295 1229 351 benignita-s
1269 294 1462 336 exhausta
1505 297 1566 335 est
1607 293 1652 334 in
1694 308 1740 334 ea
1781 307 1837 342 re,
1879 307 1983 347 quae

228 376 332 418 nihil
363 374 507 416 habuit
538 378 693 430 praeter
726 372 912 422 dedecus,
949 395 1006 401 —-
1040 369 1148 425 quod
1181 369 1339 410 sensisti
1372 372 1419 409 tu
1438 366 1580 408 absens
1602 381 1787 422 praesens
1812 390 1869 397 —-
1888 381 1984 420 quo-

230 465 319 491 rum
352 448 497 490 studiis
530 463 602 502 ego
636 451 675 488 et
708 446 847 502 copiis,
882 444 915 486 si
949 447 1052 485 esset
1084 457 1154 498 per
1186 457 1294 483 meos
1328 441 1553 482 defensores
1585 439 1756 490 licitum,
1789 438 1905 480 facile
1925 453 1985 480 es-

232 536 314 563 sem
348 520 480 561 omnia
513 524 765 561 consecutus.
799 518 890 569 Quo
922 516 966 557 in
999 529 1141 570 genere
1173 528 1283 555 nunc
1305 513 1557 554 vehementer
1578 511 1795 553 laboratur.
1829 512 1985 563 Cetera,

233 609 334 650 quae
366 608 429 634 me
463 592 694 642 sollicitant,
727 586 1072 649 μυστικώτερα
1106 591 1214 628 sunt.
1248 588 1440 627 Amamur
1472 600 1494 626 a
1526 585 1645 627 fratre
1678 589 1719 626 et
1750 599 1772 625 a
1804 585 1899 627 filia.
1932 585 1987 626 Te

233 670 524 723 exspectamus.

277 831 294 861 1
319 828 498 860 Suburbano
519 840 581 860 non
594 829 700 870 facile
722 829 742 860 2
762 827 872 858 absens
879 839 890 862 ;
913 843 955 848 —
968 826 1164 866 praesentes,
1186 833 1311 865 quoram
1333 842 1372 845 —

239 977 279 1008 13
302 977 342 1014 b.,
366 976 394 1014 1,
417 976 509 1007 cuius
531 979 641 1006 tamen
664 975 699 1006 in
721 975 783 1006 hae
804 983 840 1005 re
862 982 929 1004 non
951 973 989 1003 fit
1005 980 1094 1002 men-

238 1031 295 1062 tio.
317 1049 359 1054 —
380 1030 535 1062 Ceterum
561 1029 677 1061 Cicero
700 1039 767 1060 11011
790 1028 940 1060 vendidit
969 1027 1094 1057 Tuscu-

238 1085 362 1122 lanum,
397 1093 505 1125 neque
538 1089 651 1124 postea
678 1084 821 1114 vendere
850 1081 966 1113 voluit.
1008 1080 1096 1110 Nam

240 1140 328 1181 quod
349 1139 493 1179 legimus
515 1138 550 1169 in
576 1138 713 1179 epistola
735 1138 776 1168 ad
798 1137 839 1176 Q.
863 1137 902 1167 fr.
930 1136 976 1166 Π.
1007 1135 1035 1171 2,
1066 1134 1094 1171 1,

240 1204 323 1236 quae
346 1205 373 1225 a.
396 1195 427 1224 (l.
449 1193 561 1224 XIIII
590 1193 666 1224 Kal.
695 1192 792 1224 Febr.
822 1191 901 1222 anni
931 1191 991 1221 698
1021 1190 1096 1219 (lata

241 1251 306 1279 est:
342 1245 519 1277 Tusculano
548 1247 664 1286 emptor
695 1255 782 1276 nemo
800 1243 872 1284 fuit
900 1253 966 1274 11011
1000 1241 1097 1272 debet

241 1299 354 1331 referri
377 1300 417 1329 ad
440 1298 609 1330 Ciceronis
623 1298 858 1328 Tusculanum.
881 1295 1097 1327 Manifestum

243 1359 292 1385 est
314 1353 361 1384 ibi
383 1353 437 1392 agi
459 1353 499 1383 de
527 1352 609 1383 villa
639 1351 820 1388 Culleonis,
852 1360 952 1391 quam
982 1349 1098 1380 Cicero

244 1417 343 1438 emere
364 1406 524 1447 cupiebat,
546 1405 574 1435 si
596 1404 732 1436 emulino
755 1404 848 1435 valde
870 1404 949 1434 hona
967 1402 1100 1443 suisset.

286 1459 463 1490 Amicorum
495 1458 671 1498 beniynitas
699 1476 741 1480 -—
769 1457 872 1487 omnia
907 1457 1099 1487 conseeutus.

245 1512 358 1551 Quum
379 1512 413 1542 in
437 1511 530 1542 libris
553 1511 680 1551 scriptis
710 1510 764 1541 vel
793 1519 900 1541 errore
932 1509 985 1539 vel
1014 1508 1101 1538 mala

246 1566 418 1597 sedulitate
440 1564 566 1595 librarii
596 1568 768 1595 exaratum
798 1568 882 1594 esset
907 1564 1100 1603 praesentes,

245 1618 351 1650 critici
373 1617 521 1649 certatim
552 1617 680 1653 vitium,
711 1616 768 1646 alii
799 1616 948 1652 secando,
978 1620 1015 1645 ut
1044 1614 1102 1644 Er-

246 1677 359 1704 nestus
382 1677 414 1702 et
436 1670 620 1707 Schutzirm,
644 1670 701 1700 alii
729 1669 855 1700 leniore
882 1668 1028 1699 remedio
1057 1677 1104 1698 sa-

247 1736 326 1757 nare
347 1725 457 1756 conati
479 1729 563 1755 sunt.
581 1724 617 1756 C.
631 1724 669 1755 F.
684 1723 880 1760 Hermanni,
899 1722 971 1754 Car.
993 1721 1104 1753 Schei-

248 1779 304 1815 bii,
338 1779 387 1810 M.
423 1777 585 1818 Seyfferti,
621 1776 676 1807 Fr.
705 1775 892 1807 Hofmanni
921 1774 1104 1806 tentamina

249 1832 376 1869 omitto,
399 1840 503 1871 quum
531 1830 749 1862 certissimum
778 1829 961 1860 remedium
990 1837 1104 1868 suppe-

251 1886 356 1917 ditent
389 1884 614 1916 adnotationes
644 1884 724 1915 Mss.
760 1884 808 1913 10.
844 1882 899 1913 Fr.
935 1881 1104 1918 Gronovii,

253 1939 341 1979 quod
367 1938 510 1978 recipere
538 1937 650 1967 nullus
679 1935 837 1966 dubitavi.
879 1935 973 1965 Idem
1002 1938 1105 1965 totam

253 1990 451 2022 sententiam
473 1990 519 2020 sic
542 1989 702 2029 explicat:
730 2002 742 2013 u
753 1987 867 2018 Amici
890 1992 1019 2018 tantum
1033 1997 1105 2027 sup·

253 2043 440 2084 peditarunt
461 2041 543 2072 mihi
565 2045 710 2081 tempore
743 2040 847 2076 exilii,
878 2044 915 2070 ut
944 2049 1031 2069 nune
1059 2038 1106 2069 ni-

253 2095 302 2126 hil
325 2094 466 2135 amplius
487 2094 628 2135 possint;
654 2092 756 2133 (quod
778 2099 813 2123 tu
837 2096 990 2132 expertus
1013 2101 1046 2122 es
1076 2096 1107 2122 et

254 2150 341 2180 unde
363 2149 476 2179 aberas
499 2152 530 2179 et
550 2147 608 2177 ubi
631 2147 759 2177 aderas:
785 2146 911 2182 absens,
928 2155 1030 2186 quum
1047 2154 1120 2185 ego-

254 2202 320 2234 tuis
347 2202 564 2242 vectigalibus
592 2201 627 2231 in
656 2201 757 2241 Epiro
785 2204 984 2231 sustentatus
1019 2209 1107 2230 sum:

255 2264 407 2296 praesens
429 2264 533 2295 quum
554 2253 651 2284 uxori
674 2262 764 2284 meae
788 2258 819 2283 et
848 2252 959 2283 liberis
987 2252 1111 2283 Romae

256 2307 468 2348 subvenisti);
502 2316 643 2347 quorum
679 2305 908 2336 benevolentia
946 2310 977 2335 et
1006 2311 1111 2335 aucto-

257 2360 352 2391 ritate
385 2369 447 2400 ego
476 2369 564 2390 nunc
593 2358 760 2389 restitutus
789 2358 883 2388 facile
918 2357 1111 2397 recepissem

258 2413 370 2445 omnia
392 2422 465 2445 mea
488 2413 583 2450 bona,
607 2411 671 2443 nisi
692 2411 843 2442 homines
865 2415 1024 2451 potentes,
1055 2410 1113 2450 qui

875 2515 961 2556 III.

1142 978 1196 1001 me
1223 968 1442 1001 defenderunt
1470 975 1502 1001 et
1536 973 1742 1006 revocarunt,
1778 976 1832 999 me
1865 967 1993 998 salvum

1143 1021 1276 1062 quidem
1300 1031 1369 1053 esse
1392 1022 1568 1063 cupientes,
1592 1022 1691 1053 nimis
1712 1026 1822 1052 tamen
1845 1019 1993 1051 validum

1144 1083 1213 1105 esse
1235 1074 1393 1112 nolentes,
1416 1080 1562 1105 auctores
1590 1080 1658 1105 tam
1686 1074 1819 1114 iniquae
1849 1072 1995 1104 aestima-

1143 1127 1243 1158 tionis
1271 1127 1442 1159 fuissent?
1478 1127 1688 1168 Comparavit
1718 1127 1816 1157 etiam
1844 1126 1937 1156 Fam.
1966 1125 1995 1156 Ι.

1144 1179 1172 1217 9,
1196 1180 1251 1210 15;
1279 1179 1339 1220 Qui
1360 1190 1405 1210 me
1427 1180 1565 1211 homines
1592 1179 1675 1220 quod
1701 1179 1820 1210 salvum
1849 1188 1916 1210 esse
1947 1187 1997 1209 vo-

1144 1234 1280 1271 luerunt,
1302 1236 1349 1264 est
1371 1234 1446 1265 mila·
1462 1234 1691 1275 qratissimunm
1715 1234 1771 1264 sed
1797 1234 1906 1264 vellem
1934 1242 1998 1263 non

1143 1286 1239 1316 solum
1262 1287 1377 1317 salutis
1399 1297 1493 1324 meae,
1516 1286 1765 1328 quemadmodum
1794 1285 1914 1323 medici,
1942 1284 2001 1316 sed

1144 1341 1178 1369 ut
1202 1339 1320 1380 aliptae
1342 1340 1437 1370 etiam
1456 1339 1567 1371 virium
1590 1342 1621 1370 et
1643 1339 1756 1370 coloris
1777 1339 1929 1369 rationem
1944 1338 1998 1369 ha-

1144 1392 1214 1423 bere
1237 1393 1424 1428 voluissent;
1449 1403 1539 1430 uuae,
1563 1394 1596 1423 ut
1618 1392 1745 1433 Apelles
1765 1391 1892 1422 Veneris
1905 1392 1998 1431 caput

1144 1447 1175 1477 et
1197 1455 1313 1476 summa
1328 1445 1466 1486 pectoris
1481 1445 1675 1485 politissima
1697 1446 1766 1475 arle
1781 1443 1928 1484 perfecit,
1951 1454 1999 1473 re-

1145 1499 1262 1540 liquam
1276 1501 1401 1539 partem
1424 1499 1561 1539 corporis
1582 1499 1762 1530 inchoatam
1790 1498 1926 1539 reliquit,
1954 1497 2001 1527 sic

1145 1552 1269 1594 quidam
1292 1551 1430 1582 hanzines
1452 1551 1484 1581 ia
1508 1552 1611 1591 capite
1639 1561 1704 1582 meo
1731 1551 1831 1581 solum
1860 1550 2000 1581 elabora-

1146 1607 1229 1643 νιιηί,
1252 1604 1402 1645 reliquam
1425 1613 1536 1644 corpu-5*
1558 1604 1767 1645 imperfectum
1790 1613 1829 1635 ac
1850 1603 1927 1635 rude
1955 1613 2001 1634 re-

1148 1659 1315 1700 liquerunt.

1194 1713 1259 1753 Quo
1280 1712 1313 1744 in
1333 1723 1448 1752 (seuere
1469 1722 1552 1743 nunc
1573 1712 1666 1743 valde
1688 1712 1852 1743 laboratur
1868 1722 1901 1743 o:
1919 1713 1953 1744 in
1969 1721 2004 1744 re

1150 1767 1304 1798 familiari
1326 1776 1415 1797 nunc
1438 1766 1537 1797 valde
1560 1775 1724 1797 exerceor.
1750 1765 1815 1806 Quo
1837 1765 1871 1796 in
1889 1775 2006 1807 yenere

1150 1825 1181 1851 et
1204 1819 1236 1849 in
1259 1818 1340 1849 omni
1358 1829 1474 1859 yenere
1503 1818 1622 1849 dicitur
1650 1828 1708 1859 pro
1738 1828 1803 1859 qua
1831 1818 1865 1849 in
1896 1828 1940 1856 re,
1969 1818 2004 1849 in

1150 1872 1241 1903 omni
1263 1881 1307 1902 re.
1345 1870 1395 1902 Cf.
1419 1869 1475 1902 Or.
1498 1871 1525 1901 Ι.
1549 1870 1598 1902 97.
1628 1870 1700 1901 Att.
1723 1870 1821 1901 XVI.
1846 1872 1874 1908 5,
1904 1871 1932 1902 2.
1964 1870 2006 1909 Q.

1150 1926 1188 1956 fr.
1211 1925 1256 1956 II.
1279 1925 1307 1961 2,
1330 1926 1359 1954 4.
1382 1924 1451 1955 Nos
1474 1924 1630 1954 dicimus:
1664 1923 1698 1954 in
1731 1924 1780 1954 dit
1808 1923 1940 1963 opzielct,
1972 1923 2006 1953 in

1150 1977 1237 2009 z'eder
1258 1976 1387 2017 opzieht.

1195 2030 1305 2060 Cetera
1334 2047 1375 2052 —-
1405 2026 1639 2074 μυστικώτερα
1667 2030 1751 2059 sunt.
1788 2028 1915 2069 Tetigit
1945 2028 2007 2059 hoc

1152 2087 1240 2117 idem
1263 2086 1296 2117 in
1320 2095 1368 2126 ep.
1390 2095 1494 2126 praee.
1520 2086 1537 2125 ξ
1561 2086 1594 2115 8:
1620 2084 1792 2115 Praeterea
1814 2086 1887 2115 sant
1917 2094 2008 2125 quae-

1153 2140 1225 2170 dam
1248 2138 1427 2176 domestica,
1442 2148 1521 2179 qaae
1535 2137 1640 2169 literis
1656 2148 1716 2168 non
1732 2137 1894 2168 committo.
1919 2137 2010 2176 Quid

1155 2193 1196 2223 sit
1219 2192 1381 2223 coniicere
1404 2191 1479 2222 lieet
1502 2200 1519 2222 e
1541 2190 1720 2231 proximis:
1746 2190 1894 2220 Amamur
1909 2200 1928 2220 a
1935 2189 2010 2230 sra-

1156 2249 1205 2277 tre
1228 2249 1257 2276 et
1279 2257 1298 2276 a
1312 2246 1400 2286 filia.
1435 2246 1484 2277 De
1506 2255 1611 2276 uxore
1633 2245 1728 2275 nihil.
1750 2244 1921 2275 Discordia
1943 2248 2012 2275 erat

1157 2303 1243 2333 inter
1266 2302 1458 2333 Ciceronem
1481 2306 1513 2332 et
1535 2300 1734 2336 Terentiam,
1758 2299 1893 2331 fortasse
1923 2300 2012 2340 quod

1159 2366 1196 2387 ea
1219 2355 1363 2387 absentis
1385 2355 1495 2386 mariti
1518 2364 1569 2386 res
1590 2364 1657 2385 11011
1681 2353 1802 2394 optime
1834 2357 2012 2385 curaverat.

1025 2516 1086 2569 (Α.
1127 2515 1168 2556 U.
1203 2512 1244 2554 0.
1278 2512 1393 2566 697.)

324 2635 365 2674 1.
399 2633 527 2674 Avere
558 2636 598 2672 te
632 2635 738 2672 certo
772 2631 853 2671 scio
886 2645 1012 2685 quum
1045 2629 1143 2671 scire
1177 2627 1274 2683 quid
1307 2627 1373 2667 hic
1407 2630 1560 2680 agatur,
1593 2629 1680 2667 tum
1717 2627 1839 2680 [mea]
1885 2641 1907 2666 a
1951 2641 2013 2668 me

260 2705 380 2757 scire3
415 2719 496 2745 non
529 2719 607 2759 quo
641 2703 808 2744 certiora
842 2703 923 2744 sint
955 2717 1013 2752 ea,
1059 2717 1159 2756 quae
1192 2700 1235 2741 in
1276 2698 1401 2740 oculis
1442 2697 1622 2739 omnium
1662 2703 1871 2752 geruntur,
1914 2698 1949 2739 si
1992 2714 2014 2740 a

258 2794 321 2820 me
355 2777 594 2827 scribantur,
630 2791 750 2830 quam
783 2791 908 2830 quum
941 2775 990 2816 ab
1025 2774 1112 2815 aliis
1146 2778 1215 2814 aut
1248 2771 1477 2813 scribuntur
1521 2769 1596 2811 tibi
1640 2775 1710 2811 aut
1751 2770 2012 2822 nuntiantur3

222 2888 226 2893 .
259 2865 397 2892 verum
429 2854 475 2890 ut
506 2848 722 2905 perspicias
755 2864 802 2890 ex
830 2848 928 2889 meis
959 2847 1086 2888 literis
1119 2861 1198 2901 quo
1231 2845 1363 2887 animo
1403 2859 1449 2885 ea
1489 2843 1625 2894 feram,
1671 2858 1771 2898 quae
1803 2847 2012 2898 geruntur,

302 2984 317 3013 1
342 2984 405 3012 tam
429 2992 496 3012 mea
519 2992 539 3011 a
562 2990 608 3011 me
630 2999 671 3003 —

303 3095 320 3133 ξ
344 3095 373 3124 1.
396 3093 469 3123 Tam
492 3093 592 3134 [mea]
616 3104 636 3123 a
659 3103 704 3124 me
717 3093 808 3124 seire.
831 3092 905 3123 Mea
920 3097 1002 3124 teste
1016 3092 1112 3123 Lam·
1138 3092 1139 3095 ’
1161 3092 1188 3122 51
1210 3091 1350 3122 alterum
1364 3094 1475 3121 utrum
1491 3087 1682 3128 eligendum
1699 3088 1757 3121 est,
1775 3089 1925 3125 praestat.
1950 3084 2017 3116 Sed

262 3148 339 3180 bin«)
362 3152 428 3178 erat
452 3147 485 3176 in
508 3147 548 3182 Z;
574 3147 692 3188 reliqui
715 3147 790 3177 libri
812 3147 935 3178 habent
952 3157 998 3183 ea,
1014 3146 1111 3185 (111011,
1135 3136 1137 3177 l
1160 3147 1242 3177 nihil
1267 3156 1346 3185 opus
1369 3151 1417 3176 est
1439 3153 1526 3175 novo
1557 3142 1694 3177 obiecto.
1725 3149 1830 3181 quum
1860 3150 1913 3170 vv.
1942 3138 2018 3180 qaid
