2117 3533
282 161 304 198 6
681 161 764 202 ΕΡ.
800 162 875 202 AD
908 162 953 201 Τ.
988 162 1336 204 POMPONIKM
1370 165 1633 206 ATTICUM.

278 291 506 334 hibebimus
540 293 803 348 diligentiam,
838 299 878 336 et
911 295 1087 346 fortasse,
1123 298 1311 350 quoniam
1344 298 1501 339 videtur
1533 299 1577 340 in
1618 300 1815 355 suffragiis
1858 301 2032 342 multum

278 382 390 422 posse
425 366 569 416 Gallia,
605 382 729 421 quum
763 367 911 409 Romae
946 384 968 409 a
999 367 1161 409 iudiciis
1195 369 1323 410 forum
1356 371 1568 423 refrixerit,
1603 387 1856 415 excurremus
1897 390 2031 416 mense

277 438 499 493 Septembri
531 438 653 493 legati
686 440 736 481 ad
761 441 961 492 Pisonem,
986 445 1032 481 ut
1049 442 1236 483 Ianuario
1258 449 1515 485 revertamur.
1551 446 1686 497 Quum
1708 461 1943 502 perspexero
1965 462 2030 487 vo-

274 510 449 551 luntates
481 511 691 564 nobilium,
728 513 894 554 scribam
929 514 979 554 ad
1011 519 1065 555 te.
1100 514 1239 556 Cetera
1273 531 1385 571 spero
1418 517 1571 572 prolixa
1603 533 1687 559 esse
1721 519 1784 560 his
1822 517 2031 559 dumtaxat

242 601 258 626 5
274 583 436 624 urbanis
470 585 810 640 competitoribus.
856 587 971 627 Illam
1004 602 1167 627 manum
1199 593 1245 628 tu
1279 588 1378 629 mihi
1412 604 1505 629 cura
1538 595 1585 630 ut
1617 596 1805 645 praestes,
1841 591 2030 645 quoniam

270 657 432 712 propius
466 656 572 708 abes,
606 658 787 713 Pompeii
829 659 955 699 nostri
996 659 1126 699 amici.
1161 660 1276 713 Nega
1309 675 1370 701 me
1404 661 1440 701 ei
1473 661 1620 702 iratum
1653 662 1749 713 fore,
1794 663 1828 703 si
1861 662 1910 703 ad
1945 676 2031 702 mea

1519 735 1560 774 3.
1595 734 1671 775 Sed
1706 740 1778 786 est,
1814 735 1922 790 quod
1957 735 2027 776 abs

269 804 308 841 te
321 801 420 842 mihi
436 802 590 857 ignosci
613 802 816 857 pervelim.
852 803 1062 852 Caecilius,
1088 804 1310 844 avunculus
1338 809 1447 856 tuus,
1474 820 1495 846 a
1518 806 1565 846 P.
1591 806 1712 848 Vario
1737 822 1860 862 quum
1883 822 2028 862 magna

270 729 430 770 comitia
462 744 543 771 non
576 731 742 771 venerit.
788 732 921 785 Atque
954 731 1051 772 haec
1084 730 1315 772 huiusmodi
1349 738 1456 773 sunt.

269 874 439 928 pecunia
472 875 734 925 fraudaretur,
770 890 883 930 agere
918 876 1049 931 coepit
1082 891 1172 916 cum
1206 877 1291 917 eius
1325 877 1444 918 fratre
1478 881 1529 918 A.
1564 879 1734 920 Caninio
1758 880 1887 921 Satrio
1910 879 1958 921 de
1978 880 2028 921 iis

269 1017 406 1048 minime
427 1027 499 1048 rara
528 1023 584 1049 est.
609 1017 657 1049 Cf.
681 1018 707 1048 Ι.
732 1018 779 1047 19.
804 1019 838 1047 5:
870 1017 961 1047 Haeo
990 1018 1065 1048 sunt
1093 1016 1126 1046 in

268 1079 331 1109 rep.
354 1088 395 1092 —
415 1069 506 1100 Haec
527 1072 612 1109 sunt,
635 1072 669 1100 ut
691 1070 811 1110 opinor,
827 1070 859 1100 in
874 1080 936 1109 rep.
952 1086 993 1092 —«
1007 1069 1127 1106 Facile,

268 1127 315 1154 est
337 1123 430 1153 nullo
453 1124 594 1163 negotio,
618 1128 654 1154 ut
675 1123 767 1153 Fam.
792 1123 870 1153 VII.
894 1123 943 1159 26,
967 1124 995 1159 2,
1020 1133 1066 1153 me
1080 1133 1126 1153 os-

266 1175 344 1205 treis
365 1177 397 1206 et
419 1176 577 1206 muraenis
589 1175 695 1216 facile
714 1174 913 1206 abstinebam.
938 1175 1001 1207 Off.
1013 1176 1058 1206 Π.
1074 1175 1123 1205 66.

266 1227 331 1258 Pro
353 1227 533 1258 addiderim
556 1228 690 1260 fortasse
707 1234 846 1269 praestat
861 1229 1048 1266 aecaderim,
1069 1229 1124 1260 ita-

266 1289 329 1320 que
343 1281 553 1322 scripsissem,
572 1282 598 1312 si
613 1283 749 1313 verbum
766 1283 830 1313 alio
846 1283 1008 1323 exemplo,
1026 1293 1124 1323 quam

266 1335 423 1367 Plautino
446 1345 463 1367 e
485 1337 619 1367 Mercat.
643 1338 713 1373 432,
736 1338 864 1368 munire
887 1337 1072 1378 potuissem.

306 1389 479 1420 Petitorum
504 1407 546 1411 ——
568 1389 741 1430 informata
771 1389 929 1430 coyitalio.
953 1400 986 1421 οε
1010 1390 1122 1421 Habes

1217 1016 1328 1058 Leyali
1350 1017 1394 1048 ad
1414 1017 1567 1049 Pisonem.
1599 1018 1634 1049 C.
1658 1018 1853 1059 Calpurnius
1887 1019 1963 1050 Piso
1986 1028 2027 1050 ex

1175 1069 1345 1100 consulatu
1368 1080 1394 1100 a.
1419 1070 1478 1102 687
1501 1069 1644 1101 Galliam
1667 1070 1870 1111 Cisalpinam
1898 1071 2026 1112 provin-

1173 1123 1258 1153 ciam
1279 1124 1430 1154 obtinuit.
1459 1124 1725 1165 Repetundarum
1747 1130 1912 1156 accusatus
1936 1135 1953 1156 a
1977 1125 2027 1157 Ci-

1172 1185 1290 1206 cerone
1313 1177 1446 1208 consule
1468 1177 1619 1208 defensus
1643 1183 1699 1208 est.
1711 1188 1741 1218 p.
1753 1177 1882 1215 Flacco,
1905 1179 1954 1208 98.
1977 1178 2027 1209 De

1172 1228 1337 1268 legatione
1359 1230 1471 1267 libera,
1493 1240 1591 1271 quam
1614 1230 1728 1261 Cicero
1750 1231 1912 1271 suscipere
1940 1231 2027 1271 eogi-

1171 1283 1268 1319 tabat,
1291 1283 1399 1314 dicam
1421 1285 1461 1314 ad
1483 1284 1528 1314 11.
1551 1286 1579 1321 4,
1603 1285 1631 1315 2.

1212 1335 1356 1372 Proba-a,
1386 1346 1418 1366 o:
1444 1338 1594 1374 secunda,
1629 1337 1781 1377 benigna.
1811 1337 1860 1368 Cf.
1891 1338 1970 1368 VII.
1994 1339 2023 1374 4,

1170 1388 1198 1418 2.
1230 1388 1277 1424 14,
1316 1389 1343 1418 2.
1381 1388 1477 1419 XVI.
1509 1389 1556 1419 16.
1594 1389 1629 1420 C.
1659 1395 1740 1421 extr.
1778 1389 1880 1420 animo
1915 1389 2026 1420 libenti

266 1448 297 1476 et
319 1453 426 1475 meam
449 1447 480 1474 et
502 1443 641 1474 aliorum
657 1444 696 1474 de
713 1444 905 1484 petitoribus
921 1444 1120 1484 opinionem,
1162 1442 1349 1482 prolia-oque
1361 1441 1487 1481 faeere.
1509 1442 1601 1473 Fam.
1625 1443 1704 1473 VII.
1726 1445 1753 1480 5,
1770 1444 1797 1473 1.
1814 1443 1942 1483 prolixe
1952 1453 2025 1483 pro-

265 1507 332 1528 non
354 1501 476 1528 certam
498 1496 591 1527 illam
613 1502 644 1527 et
667 1497 879 1537 exploratam,
910 1498 965 1528 sed
988 1497 1121 1527 dubiam

265 1556 295 1581 et
318 1554 476 1591 quatenus
499 1549 683 1580 coniectura
707 1549 870 1590 provideri
894 1549 1003 1590 possit.

304 1603 345 1633 In
367 1622 408 1626 —
435 1612 561 1633 munere
589 1602 819 1633 candidatorio.
852 1617 865 1628 u
876 1603 1016 1634 Ernesto
1046 1602 1119 1633 futi-

263 1656 406 1687 lissimae
428 1655 513 1686 coni.
537 1654 780 1686 candidatorum
796 1655 1001 1686 occasionem
1017 1655 1115 1692 dedit,

262 1710 319 1741 sed
340 1709 538 1740 tutissimum
561 1713 617 1745 est,
640 1709 717 1749 quia
738 1708 806 1739 eius
824 1708 946 1739 formae
961 1708 1121 1740 adiectiva

1169 1495 1300 1525 mittere.
1338 1495 1498 1527 Similiter
1527 1497 1658 1528 Terent.
1688 1497 1753 1527 Ad.
1776 1497 1818 1527 V.
1842 1498 1870 1534 8,
1894 1497 1934 1527 20
1966 1507 2024 1538 aye

1161 1548 1298 1588 prolixe,
1332 1549 1389 1579 ubi
1418 1549 1506 1589 prior
1536 1549 1656 1580 Donati
1686 1550 1877 1590 explicatio:
1908 1550 1941 1581 id
1963 1555 2021 1587 est,

1168 1611 1225 1642 aye
1247 1601 1376 1643 beniyne
1391 1612 1468 1633 vera
1482 1607 1538 1634 est.
1563 1604 1748 1644 Malaspina
1763 1608 1944 1644 opportune
1958 1604 2024 1635 lau-

1167 1654 1256 1685 davit
1286 1655 1395 1686 locum
1426 1664 1468 1686 ex
1497 1655 1644 1687 oratione
1673 1655 1806 1687 Catonis
1836 1657 1920 1697 apud
1950 1655 2022 1688 Gel-

1167 1708 1249 1739 1111111
1270 1708 1311 1738 N.
1335 1708 1378 1739 A.
1401 1709 1480 1740 VH.
1504 1710 1532 1746 3,
1555 1709 1612 1740 ubi
1625 1719 1675 1740 res
1690 1709 1855 1747 secundae,
1864 1710 2024 1749 prolixae,

262 1764 296 1794 in
320 1764 435 1794 eodem
457 1763 643 1802 significatu
664 1762 815 1793 Ciceroni
839 1763 871 1793 in
888 1763 1014 1794 deliciis
1027 1767 1117 1799 sunt3
1158 1772 1332 1803 prosperae
1346 1764 1598 1804 coniunguntur.
1621 1764 1702 1795 Voc.
1719 1764 1934 1805 compositum
1943 1774 2023 1804 epro

262 1816 352 1847 velut
374 1814 568 1845 enumeratio
589 1815 731 1845 oratoria
749 1815 840 1845 Brut.
853 1816 912 1846 319
926 1816 1004 1847 item
1018 1816 1119 1847 semel

261 1872 393 1908 dictum,
405 1881 480 1902 curn
492 1881 558 1902 non
569 1871 778 1903 collectionem
787 1882 811 1902 s.
821 1868 1117 1917 ἀνακεφαλαίωσιν

261 1931 318 1962 58(1
340 1930 603 1960 emoneo-ationem
625 1933 783 1961 oratorum
806 1929 982 1970 significet,
1009 1937 1118 1968 procic-

262 1984 346 2015 ralio
369 1984 551 2025 quaestoria
573 1985 668 2015 Verr.
693 1985 811 2015 Aecus.
825 1985 850 2014 I.
875 1984 923 2020 91,
941 1983 1020 2014 item
1035 1981 1119 2012 ratio

262 2038 316 2074 98;
340 2037 429 2068 labor
454 2037 674 2077 imperatorius
697 2038 793 2068 Tusc.
816 2037 861 2067 II.
885 2037 933 2067 62.
959 2035 1007 2067 Cf.
1022 2034 1119 2066 Gara-

262 2098 376 2123 tonum
399 2092 439 2122 ad
461 2102 506 2122 or.
529 2102 559 2132 p.
583 2092 689 2123 Balbo
711 2102 741 2132 p.
765 2092 839 2128 205;
864 2094 975 2130 stupra
996 2089 1118 2120 sororia

262 2144 353 2176 Sext.
378 2145 449 2175 16.”
472 2145 608 2175 Ellendt
630 2146 671 2175 ad
693 2144 759 2175 Cic.
794 2143 881 2176 Orat.
911 2144 956 2174 II.
991 2154 1020 2184 p.
1045 2144 1114 2173 211.

261 2198 348 2230 Add.
372 2197 539 2237 artificium
561 2197 801 2228 accusatorium.
824 2197 918 2228 Rosc.
941 2197 1019 2227 Am.
1034 2197 1051 2236 ξ
1067 2196 1116 2228 47.

262 2253 302 2283 111
325 2253 341 2283 Ι
363 2253 403 2283 (18
427 2251 491 2289 Οι·.,
515 2252 575 2282 130
586 2252 757 2282 oraloriam
774 2252 899 2282 laudem
912 2252 1117 2283 retinendam

262 2315 379 2336 censeo
402 2306 555 2335 adversus
577 2304 729 2335 Bakium.

307 2357 425 2388 Gallia.
449 2356 572 2388 Civitas
595 2356 786 2397 Cispadanis
808 2357 882 2387 data
900 2357 1037 2394 videtur,
1053 2367 1117 2398 qno

262 2415 407 2451 tempore
429 2410 671 2450 Transpadanis
702 2410 775 2450 lege
804 2410 962 2451 Pompeia
990 2420 1118 2441 conces-

264 2473 335 2494 sum
365 2468 413 2493 est
442 2463 490 2493 ius
519 2462 616 2498 Latii,
649 2472 675 2492 a.
699 2472 729 2492 11.
754 2462 823 2492 685.
859 2463 935 2493 Vid.
966 2463 1028 2494 viri
1058 2463 1117 2493 cel.

265 2516 415 2556 Savignii
437 2517 518 2556 disp.
552 2516 586 2546 in
617 2515 705 2546 Diar.
738 2515 908 2555 iurisprud.
946 2515 1119 2546 historicae

263 2568 326 2599 IX.
350 2570 377 2605 3,
401 2579 431 2608 p.
455 2569 512 2598 321
536 2577 623 2608 seqq.
646 2568 695 2598 De
711 2577 809 2608 opera
824 2567 1026 2608 municiprun
1045 2567 1118 2599 Gal—

263 2622 401 2652 licorum
424 2621 458 2651 in
481 2621 651 2651 consulatu
673 2621 812 2660 petendo
835 2621 1057 2651 memorabilis
1074 2621 1118 2651 lo-

263 2685 319 2706 cus
342 2680 389 2706 est
411 2675 497 2705 Phil.
520 2675 565 2705 ΙΙ.
596 2674 644 2706 76.
679 2674 727 2705 Cf.
757 2684 884 2715 quoque
918 2674 1046 2705 Hirtius
1078 2675 1117 2706 de

264 2729 303 2759 B.
326 2727 364 2759 G.
388 2728 485 2758 VIII.
509 2728 557 2758 52.

310 2781 404 2821 Quum
429 2799 469 2802 —
481 2780 589 2820 sbi-unz
613 2779 786 2820 refrixerit.
809 2781 849 2810 In
873 2790 993 2821 magna
1012 2790 1119 2811 causa-

264 2844 337 2864 mm
359 2833 568 2864 multitudine
590 2832 697 2863 forum
713 2833 818 2863 calere
831 2834 964 2870 dicitur;
989 2834 1116 2864 iudiciis

265 2892 395 2927 propter
424 2886 519 2916 ferias
552 2885 745 2916 intermissis
775 2885 962 2925 refiiyeecit.
1006 2887 1116 2927 Atque

265 2941 327 2970 hoc
349 2939 473 2969 ultimis
495 2944 632 2979 quatuor
654 2940 732 2969 anni
756 2941 920 2970 mensibus
943 2940 1014 2971 fieri
1036 2940 1116 2971 sole-

268 2994 331 3023 bat.
355 2992 514 3023 Similiter
534 2993 587 3022 le.c
620 2993 738 3023 dicitur
766 2993 930 3034 refi·i.z·i.s·se
952 2994 996 3024 II.
1032 2994 1058 3030 1,
1091 2994 1118 3030 6,

269 3049 342 3078 coll.
365 3049 391 3084 Ι,
416 3048 463 3084 19,
487 3049 515 3085 4,
534 3049 664 3088 quando
688 3049 792 3078 studia
810 3049 981 3079 hominum
997 3051 1036 3080 ad
1049 3059 1121 3080 eam

269 3101 494 3141 perferendam
516 3102 608 3132 nulla
629 3106 713 3132 sunt.
737 3101 785 3133 Cf.
808 3112 935 3143 quoque
957 3102 998 3141 Q.
1021 3103 1058 3133 fr.
1076 3103 1120 3133 H.

271 3155 298 3191 a,
323 3156 349 3183 5.
374 3154 435 3185 111.
459 3156 487 3191 s,
510 3156 538 3184 4.

1166 1821 1197 1847 et
1211 1816 1305 1847 laxus
1324 1817 1452 1857 proprie
1478 1817 1596 1848 dicitur
1616 1818 1656 1849 de
1674 1818 1818 1848 vestibus
1838 1823 1869 1848 et
1884 1818 2021 1858 capillis.

1206 1869 1269 1902 His
1292 1870 1457 1902 dunziaral
1469 1871 1596 1902 urbanis
1609 1874 1733 1912 compet.
1757 1872 1910 1913 Plerique
1925 1872 2021 1903 intel·-

1166 1932 1271 1967 pretes
1295 1926 1426 1957 urbanos
1449 1926 1513 1957 dici
1535 1932 1658 1967 putant,
1688 1927 1744 1967 qui
1765 1928 1800 1958 in
1823 1928 1903 1958 urbe
1936 1932 2020 1958 suut.

1166 1979 1332 2009 Victorius
1356 1979 1434 2009 Var.
1457 1979 1546 2010 Lect.
1570 1978 1666 2009 XIV.
1699 1980 1738 2010 12
1770 1979 1902 2020 interpr.
1932 1980 2021 2010 leves

1165 2038 1196 2064 et
1211 2033 1412 2073 nugatorios.
1427 2033 1587 2063 Neutrum
1602 2033 1716 2073 placet.
1732 2033 1863 2064 Rectius
1877 2032 2021 2064 Gronov.

1165 2087 1205 2117 (18
1219 2096 1287 2127 pec.
1302 2091 1365 2117 vet.
1381 2096 1411 2127 p.
1427 2087 1486 2117 318
1504 2086 1637 2126 interpr.
1655 2096 1718 2123 eos,
1734 2087 1789 2127 qui
1805 2087 1939 2117 tubanis
1949 2086 2021 2117 arti-

1167 2141 1224 2171 bus
1248 2141 1462 2177 excellebant,
1487 2150 1553 2171 non
1578 2140 1783 2171 militaribus.
1808 2141 1859 2171 Ita
1878 2141 1965 2171 Mur.
1984 2141 2022 2171 19

1167 2194 1285 2224 urbana
1297 2193 1413 2224 militia
1427 2194 1571 2224 Ictorum
1583 2194 1689 2224 studio
1704 2194 1823 2225 bellico
1838 2194 2021 2235 opponitur.

1206 2248 1301 2279 Illam
1324 2259 1454 2279 manum.
1478 2248 1657 2289 Accipiunt
1678 2249 1778 2289 vulgo
1801 2249 1841 2280 de
1854 2249 2021 2280 nobilibus

1167 2303 1255 2340 viris,
1278 2303 1333 2343 qui
1356 2312 1430 2333 cum
1452 2302 1610 2342 Pompeio
1632 2303 1673 2332 ad
1695 2302 1819 2333 bellum
1850 2302 2022 2333 Mithrida-

1165 2357 1265 2387 ticum
1288 2355 1423 2396 profecti
1446 2361 1546 2386 erant.
1570 2355 1683 2386 Potest
1703 2360 1813 2387 tamen
1835 2356 2022 2397 quoquein-

1167 2412 1268 2442 dicari
1284 2421 1381 2452 opera
1400 2415 1431 2441 et
1448 2411 1609 2441 auxilium
1626 2410 1784 2450 Pompeii.
1808 2411 1880 2441 Hac
1897 2411 2022 2441 ratione

1166 2466 1338 2506 scriptores
1359 2465 1475 2496 Graeci
1496 2470 1631 2496 utuntur
1653 2474 1722 2507 voe.
1745 2462 1837 2511 χεὶρ.
1866 2465 1932 2495 vid.
1954 2465 2021 2496 He-

1166 2524 1234 2553 rod.
1258 2522 1319 2553 IV.
1344 2523 1412 2552 155.
1437 2522 1534 2552 VIII.
1558 2523 1626 2552 140.
1650 2521 1720 2552 Nec
1736 2522 1909 2553 abhorrere
1925 2532 1943 2552 a
1958 2523 2020 2553 La-

1165 2576 1226 2606 tini
1249 2576 1408 2606 sermonis
1429 2585 1489 2605 usn
1512 2575 1633 2606 evincit
1655 2574 1795 2605 formula
1815 2585 1882 2605 esse
1903 2575 1937 2605 in
1961 2576 2020 2606 ali-

1166 2628 1254 2658 cuius
1275 2638 1377 2658 manu.
1399 2628 1453 2658 Ex
1476 2627 1524 2664 iis,
1547 2637 1629 2667 quae
1647 2632 1838 2668 sequuntur:
1862 2627 1950 2668 Neqa
1975 2647 2016 2650 ——

1168 2679 1287 2710 venerit
1309 2685 1439 2720 apparet
1462 2679 1654 2710 Ciceronem
1673 2689 1738 2710 non
1755 2685 1957 2720 exspectasse
1974 2689 2019 2710 re-

1164 2734 1268 2764 ditum
1291 2733 1390 2773 ipsius
1413 2733 1572 2773 Pompeii,
1596 2734 1652 2764 scd
1679 2738 1869 2764 contentum
1891 2733 1968 2770 fore,
1992 2734 2020 2764 si

1165 2787 1254 2817 illius
1277 2786 1506 2826 suffragatione
1528 2791 1679 2817 uteretur.

1210 2842 1227 2880 ξ
1251 2842 1278 2870 3.
1306 2840 1390 2880 Quas
1413 2851 1480 2870 eum
1502 2839 1574 2870 dolo
1597 2840 1677 2870 malo
1693 2840 1848 2880 mancipio
1863 2840 2019 2880 accepisse

1166 2894 1205 2924 de
1235 2892 1328 2924 Vario
1350 2893 1479 2924 diceret.
1503 2892 1664 2933 Maneipio
1687 2893 1828 2932 accipere
1849 2893 1968 2924 dicitur
1982 2893 2017 2929 is,

1166 2947 1221 2987 qui
1244 2956 1294 2977 res
1317 2947 1459 2986 mancipi
1483 2947 1569 2977 emit.
1596 2946 1636 2976 cf.
1659 2945 1729 2976 Gai.
1760 2946 1786 2976 I.
1818 2947 1886 2977 119.
1919 2946 2020 2977 Dolus

1167 3002 1267 3031 malus
1290 3001 1481 3031 cernebatur
1503 3001 1536 3031 in
1560 3010 1606 3037 e0,
1630 3001 1715 3040 quod
1738 3001 1907 3040 negotium
1930 3010 2019 3040 gere·

1167 3055 1259 3085 batur
1282 3055 1314 3085 in
1338 3055 1484 3085 fraudem
1506 3054 1710 3085 creditorum.
1733 3054 1849 3084 Edicto
1863 3054 2018 3094 praetoris

1165 3107 1242 3137 talia
1265 3107 1508 3142 revocabantur,
1531 3107 1618 3137 unde
1640 3111 1750 3146 postea
1772 3111 1842 3136 orta
1865 3110 1912 3136 est
1935 3105 2017 3135 actio

1167 3159 1333 3190 Pauliana.
1359 3159 1433 3189 Vid.
1460 3159 1477 3197 ξ
1501 3159 1528 3187 6.
1560 3158 1638 3189 Inst.
1663 3158 1702 3188 (18
1725 3157 1921 3189 Actionibus
1943 3167 2017 3188 cum
