2117 3533
652 183 761 225 LIB.
793 183 869 225 VI.
902 183 988 225 ΕΡ.
1023 185 1158 223 6-8.
1716 181 1800 220 283

31 323 227 363 luntateni
260 322 303 362 in
337 320 629 376 supplicatione
663 335 752 361 sum
782 324 984 375 expertus.
1033 318 1096 360 Tu
1139 321 1275 358 tamen
1318 317 1433 358 mitte
1477 315 1592 367 mihi,
1639 330 1801 370 quaeso,

32 395 191 436 obviam
222 395 371 446 literas,
404 393 605 449 numquid
638 398 756 449 putes
789 394 847 435 rei
879 393 1065 449 publicae
1098 391 1260 433 nomine
1294 390 1537 432 tardandum
1561 405 1645 431 esse
1669 388 1803 430 nobis.

33 468 125 509 Tiro
159 468 208 509 ad
241 472 281 508 te
314 466 491 508 dedisset
523 466 672 517 literas,
707 467 786 507 nisi
820 482 911 507 eum
946 466 1120 521 graviter
1154 479 1318 518 aegrum
1352 463 1378 506 †
1412 478 1496 503 esse
1538 461 1803 517 reliquissem.

33 540 111 583 Sed
143 540 338 581 nuntiant
368 540 512 581 melius
545 555 645 581 esse.
679 540 766 594 Ego
799 544 935 580 tamen
969 553 1106 593 angor.
1155 536 1274 578 Nihil
1307 535 1414 576 enim
1448 535 1518 576 illo
1552 534 1804 576 adolescente

34 615 198 665 castius,
233 612 337 655 nihil
370 612 620 667 diligentius.

32 781 262 818 Wachsmuth,
292 779 410 820 Antiq.
443 778 498 811 Gr.
533 780 562 810 Ι.
593 780 621 816 1,
651 789 681 819 p.
713 780 772 810 295
804 788 893 820 seqq.

79 833 280 866 Tardandum
317 843 382 865 esse
412 833 508 864 nobis.
549 833 700 870 Tarclare,
730 834 818 874 quod
849 839 896 864 est

34 889 164 919 tardum
186 887 302 924 facere,
336 897 404 918 non
434 887 554 917 dicitur
582 886 801 923 intransitive,
831 886 895 917 nisi

34 941 68 972 in
98 940 172 971 loco
201 940 322 970 dubiae
352 939 562 976 auctoritatis,
593 949 642 980 ep.
673 940 714 970 ad
743 940 837 970 Brut.
867 939 894 969 Ι.
918 961 920 966 ι

35 994 84 1030 18,
108 994 136 1031 1,
171 992 228 1023 ubi
258 991 390 1023 tardare
422 997 454 1023 et
485 991 667 1022 commorari
700 992 896 1032 iunguntur.

33 1046 79 1077 H.
109 1046 130 1076 1.
161 1046 381 1086 supplendum
410 1050 488 1086 puto
517 1054 639 1076 cursum
669 1045 723 1076 vel
752 1044 895 1081 reditum,

34 1103 71 1130 ut
93 1099 128 1129 in
150 1099 192 1129 N.
215 1098 256 1129 D.
278 1098 326 1129 ΙΙ.
356 1099 405 1135 52,
434 1098 493 1128 ubi
520 1097 734 1128 antecedendo
763 1097 897 1138 opponi-

35 1158 89 1184 tur
110 1152 305 1183 retardando
328 1162 371 1183 sc.
393 1161 501 1183 cursu.

77 1205 192 1245 †Esse
220 1206 423 1248 reliquissem.
458 1207 556 1238 Latet
586 1207 620 1237 in
655 1215 722 1237 esse
750 1206 803 1237 vel
834 1206 897 1236 isse

36 1269 157 1291 nomen
186 1260 286 1297 urbis,
316 1260 374 1290 ubi
402 1259 482 1290 Tiro
514 1259 714 1299 aegrotabat.
752 1258 816 1289 Isse?
848 1261 898 1299 (ut

36 1313 169 1344 volebat
199 1313 396 1352 Manutius),
427 1312 487 1343 etsi
517 1312 551 1343 in
581 1312 700 1343 ultima
728 1313 898 1353 provincia

36 1366 95 1396 illa
117 1366 194 1396 urbs
217 1371 295 1403 erat,
318 1375 434 1397 verum
456 1370 545 1406 puto.
578 1365 666 1395 Nam
690 1365 816 1402 Cicero,
840 1366 897 1406 qui

35 1422 107 1459 post
135 1419 249 1449 Nonas
279 1418 394 1449 Iunias
425 1418 520 1449 Tarsi
550 1417 655 1449 fuerat
686 1419 751 1458 (ep.
781 1420 801 1448 4
825 1419 896 1460 in.),

35 1471 155 1503 deinde
175 1471 211 1502 in
233 1471 346 1502 castris
369 1471 431 1503 fuit
459 1471 500 1502 ad
529 1471 561 1502 fl.
592 1471 774 1512 Pyramum
802 1471 895 1503 Fam.

643 1589 762 1630 VIII.

940 777 1004 808 III.
1029 777 1077 812 11,
1102 776 1130 812 1,
1153 776 1242 806 unde
1272 774 1409 806 fortasse
1439 773 1530 805 dedit
1560 772 1734 813 epistolam
1765 772 1806 802 ad

943 831 1104 867 Atticum,
1129 839 1212 870 quae
1235 834 1284 861 est
1304 829 1403 860 huius
1426 828 1503 859 libri
1534 827 1640 858 tertia.
1684 826 1726 857 In
1757 835 1806 865 ep.

944 886 971 922 5,
997 886 1015 915 3
1038 884 1152 915 scribit
1174 893 1208 915 se
1231 883 1344 914 habere
1367 882 1537 913 exercitum
1559 891 1651 923 quam
1662 879 1808 920 proxime

943 937 1061 968 hostem
1083 947 1116 967 οε
1137 937 1171 967 111
1189 936 1305 977 Syriae
1322 935 1455 966 finibus.
1477 934 1599 965 Nonne
1612 933 1714 973 igitur
1728 936 1808 963 tunc

944 991 1051 1021 Issum
1080 989 1194 1020 venire
1229 988 1360 1030 potuit?
1397 987 1504 1019 Sidam
1540 987 1595 1027 (de
1629 995 1694 1026 qua
1726 985 1808 1016 urbe

943 1044 1061 1075 Lamb.
1083 1043 1138 1074 hic
1160 1042 1340 1083 cogitabat)
1364 1046 1476 1082 postea
1498 1041 1633 1071 demum
1660 1038 1809 1075 accessit,

944 1098 1038 1129 Fam.
1049 1097 1116 1128 ΠΙ.
1131 1097 1180 1134 12,
1196 1098 1225 1127 4.
1242 1097 1315 1127 Iam
1330 1096 1371 1126 de
1386 1095 1483 1136 Nysa,
1503 1094 1614 1125 Cressa
1630 1098 1686 1124 aut
1700 1091 1809 1122 Patris

945 1151 1002 1192 qui
1025 1150 1183 1190 cogitant,
1207 1149 1334 1180 itineris
1350 1148 1514 1180 rationem
1530 1148 1659 1178 nullam
1672 1147 1809 1177 habent.

944 1205 1062 1245 Neque
1085 1204 1202 1236 Cicero
1224 1204 1357 1234 videtur
1386 1202 1493 1243 Ipsum
1522 1201 1689 1242 Phrygiae
1719 1200 1809 1241 oppi-

945 1260 1025 1290 dum
1048 1268 1116 1289 non
1139 1258 1240 1298 longe
1266 1267 1285 1287 a
1307 1256 1484 1297 Synnadis,
1509 1265 1614 1296 quum
1644 1254 1810 1285 Laodicea

946 1312 1087 1342 Tarsum
1109 1310 1379 1351 proficisceretur,
1406 1309 1535 1340 adiisse.
1580 1307 1685 1338 Alani
1708 1306 1809 1347 suspi-

945 1367 1075 1397 cionem
1105 1366 1139 1396 in
1166 1365 1308 1404 (suaviter
1337 1365 1439 1395 latere
1463 1365 1600 1405 ssrcwate
1631 1362 1665 1392 ia
1694 1361 1811 1392 itinere

946 1419 1063 1450 falsam
1084 1427 1203 1449 vocare
1226 1427 1293 1449 non
1316 1416 1441 1448 dubito.

828 1589 889 1642 (A.
931 1592 972 1632 U.
1009 1591 1047 1631 C.
1086 1590 1203 1643 704.)

103 1707 142 1746 1.
177 1705 312 1756 Quum
345 1705 610 1746 instituissem
657 1703 706 1745 ad
750 1709 789 1745 te
831 1702 1002 1746 scribere
1046 1705 1322 1757 calamumque
1367 1702 1640 1758 sumpsissem,
1688 1703 1809 1744 Bato-

38 1779 130 1820 nius
163 1793 183 1819 e
215 1778 308 1819 navi
341 1783 449 1819 recta
482 1778 531 1819 ad
565 1793 626 1819 me
661 1778 772 1819 venit
805 1778 969 1820 domum
1002 1778 1154 1834 Ephesi
1188 1782 1228 1818 et
1261 1777 1472 1832 epistolam
1517 1781 1629 1817 tuam
1674 1776 1806 1817 reddi-

39 1851 100 1894 dit
131 1851 260 1907 pridie
294 1851 384 1893 Kal.
419 1850 629 1893 Octobres.
684 1851 877 1893 Laetatus
911 1867 999 1892 Sum
1033 1851 1225 1892 felicitate
1270 1849 1542 1904 navigationis
1586 1854 1694 1900 tuae,
1741 1865 1810 1905 op-

37 1926 284 1983 portunitate
318 1925 458 1975 Piliae,
505 1925 625 1965 etiam
669 1925 830 1966 hercule
875 1939 1054 1966 sermone
1100 1923 1280 1965 eiusdem
1328 1923 1376 1964 de
1421 1922 1609 1977 coniugio
1653 1923 1809 1964 Tulliae

38 2015 162 2041 meae.
220 2002 260 2040 2.
294 1997 491 2039 Batonius
525 2002 659 2038 autem
693 1997 814 2039 miros
846 2002 1017 2039 terrores
1051 1997 1101 2039 ad
1134 2012 1197 2038 me
1232 1995 1371 2037 attulit
1405 1995 1680 2047 Caesarianos,
1716 2011 1807 2037 cum

39 2072 167 2128 Lepta
200 2072 320 2113 etiam
354 2071 469 2127 plura
500 2072 660 2112 locutus
693 2077 767 2122 est,
803 2087 916 2127 spero
950 2071 1063 2121 falsa,
1099 2070 1169 2111 sed
1203 2075 1309 2111 certe
1343 2069 1555 2110 horribilia
1588 2069 1807 2111 exercitum

38 2146 149 2187 nullo
182 2145 301 2186 modo
334 2145 607 2194 dimissurum,
642 2159 734 2186 cum
766 2145 836 2186 illo
869 2149 1068 2200 praetores
1103 2143 1347 2198 designatos,
1385 2143 1567 2184 Cassium
1599 2142 1809 2184 tribunum

38 2219 109 2274 pl.,
143 2218 362 2259 Lentulum
397 2218 601 2258 consulem
634 2218 777 2268 facere,
812 2218 1004 2273 Pompeio
1037 2218 1080 2258 in
1115 2217 1248 2258 animo
1282 2232 1366 2257 esse
1399 2215 1540 2257 urbem
1569 2216 1809 2271 relinquere.

41 2294 83 2333 3.
117 2291 195 2333 Sed
227 2291 328 2332 heus
360 2296 421 2341 tu,
456 2290 655 2345 numquid
690 2290 855 2332 moleste
889 2290 967 2332 fers
1001 2290 1049 2331 de
1083 2289 1167 2340 illo,
1203 2289 1273 2343 qui
1306 2304 1347 2330 se
1380 2289 1481 2330 solet
1514 2290 1710 2332 anteferre
1743 2306 1810 2345 pa-

83 2494 101 2533 §
126 2494 153 2523 1.
180 2490 419 2532 Opportunitate
442 2489 546 2521 Piliae
569 2500 602 2521 o:
626 2492 715 2531 quod
737 2500 823 2522 uxor
838 2490 898 2522 tibi

40 2544 230 2576 advenienti
251 2548 432 2584 opportune
455 2543 588 2574 obviam
608 2543 680 2574 fuit.

83 2600 101 2638 ξ
124 2599 153 2629 2.
186 2597 287 2628 Μὶν-οε
309 2600 455 2628 terrore&
488 2597 638 2628 Muretus
668 2597 812 2628 malebat
841 2607 898 2627 me-

41 2661 103 2681 ros.
126 2650 182 2683 Or.
205 2650 386 2691 compara-ri
409 2650 502 2681 iussit
525 2659 542 2680 e
565 2650 622 2680 lib.
646 2650 708 2680 IV.
729 2649 757 2686 7,
778 2650 793 2679 1
815 2659 899 2679 mera
925 2636 927 2656 ²

40 2705 177 2734 mensim
200 2703 377 2733 nuntiarat.
400 2702 499 2732 Addo
521 2701 585 2732 IX.
609 2702 656 2738 13,
688 2702 704 2731 1
735 2700 786 2731 hic
814 2711 899 2731 mera

40 2757 161 2788 scelera
184 2757 361 2798 loquuntur,
385 2756 463 2786 ibid.
487 2756 523 2786 8:
547 2755 715 2786 Dolabella
732 2765 897 2786 —merum

41 2812 153 2843 bellum
176 2811 324 2852 loquitur.
347 2811 430 2841 Hor.
454 2820 502 2850 ep.
527 2811 553 2840 I.
578 2809 606 2847 7,
630 2811 671 2840 84
700 2811 806 2840 vineta
837 2820 900 2840 cre-

35 2868 95 2906 pat
117 2876 213 2897 mera.
248 2866 314 2897 Sed
337 2865 490 2906 exempla
512 2875 578 2895 non
602 2865 741 2905 probant
763 2866 900 2896 terrores

42 2930 108 2951 non
131 2929 226 2961 posse
248 2919 313 2950 dici
344 2919 446 2955 mio-0⁸,
476 2915 709 2961 θαυμασίους.
747 2916 901 2949 Ceterum

42 2989 106 3019 quo
137 2984 281 3019 tempore
310 2978 391 3008 haec
420 2977 539 3017 scripta
568 2980 653 3013 sunt,
684 2985 734 3007 res
764 2975 832 3006 iam
861 2976 901 3006 ad

45 3031 169 3062 bellum
206 3030 379 3062 Caesarem
411 3029 498 3060 inter
527 3034 560 3060 et
588 3028 785 3069 Pompeium
815 3037 901 3068 spec-

44 3090 112 3116 tare
134 3088 294 3125 coeperat.
319 3083 369 3115 Cf.
394 3084 488 3123 epist.
512 3082 615 3114 Caelii
640 3083 680 3113 ad
694 3082 901 3112 Fam.V111.

44 3139 93 3175 14,
124 3140 152 3169 2.
188 3138 350 3170 Rumores
381 3142 491 3167 autem
523 3136 598 3167 illos
627 3136 668 3166 de
701 3135 906 3175 praetoribus

42 3190 222 3230 designatis
251 3195 283 3221 et
316 3190 357 3221 de
385 3189 531 3221 Lentulo
567 3199 632 3219 cos.
671 3188 769 3219 falsos
807 3188 906 3220 fuisse

950 2494 1062 2525 docuit
1083 2492 1306 2531 Hofmannus,
1329 2494 1370 2525 de
1400 2492 1484 2533 orig.
1518 2492 1596 2525 belli
1626 2492 1688 2524 civ.
1719 2491 1813 2525 Caes.

950 2558 979 2588 p.
1003 2547 1054 2578 91.

993 2601 1011 2640 ξ
1035 2602 1064 2631 3.
1088 2599 1245 2641 Numquid
1266 2599 1393 2630 moleste
1406 2599 1480 2639 flers
1503 2599 1541 2630 de
1563 2599 1629 2637 illo,
1652 2599 1814 2640 91ιί3330-

950 2654 994 2684 let
1016 2652 1177 2693 antafirre
1194 2654 1312 2693 patruo
1327 2653 1444 2683 sororis
1459 2652 1608 2692 trtaefilz'z'
1624 2653 1672 2688 (oz
1690 2653 1788 2693 mihi)
1799 2652 1814 2682 ’ἓ

952 2718 983 2738 o:
1010 2707 1174 2747 numquid
1197 2707 1335 2738 moleste
1359 2706 1422 2737 fers
1439 2706 1588 2743 Hirrum,
1605 2706 1686 2737 olim
1703 2716 1813 2737 meum

953 2761 985 2792 in
1015 2765 1177 2801 auguratu
1207 2761 1457 2802 competitorem
1489 2761 1531 2801 (a.
1564 2771 1596 2791 11.
1634 2760 1719 2801 695),
1758 2760 1814 2801 qui

953 2815 1112 2856 superiori
1135 2825 1224 2845 anno
1247 2815 1281 2845 in
1306 2815 1484 2846 aedilitatis
1515 2815 1675 2856 petitione
1705 2815 1814 2855 repul—

952 2878 1022 2899 sam
1045 2867 1130 2904 tulit,
1153 2867 1246 2898 Fam.
1276 2867 1376 2898 VIII.
1408 2867 1436 2904 9,
1466 2867 1495 2897 1.
1528 2867 1602 2909 Att.
1633 2867 1674 2897 V.
1706 2867 1755 2903 19,
1785 2868 1814 2904 3,

954 2922 1073 2953 iterum
1097 2931 1186 2952 nunc
1209 2930 1279 2952 esse
1301 2920 1435 2957 victum,
1465 2920 1562 2960 idque
1593 2930 1611 2950 a
1640 2919 1815 2950 levissimis

953 2979 989 3005 ut
1010 2974 1142 3005 videtur
1163 2973 1365 3004 hominibus.
1404 2972 1500 3003 Hirri
1523 2981 1645 3003 nomen
1670 2980 1712 3002 ne
1734 2971 1816 3002 desi-

953 3028 1056 3064 deres,
1079 3036 1210 3057 mecum
1233 3026 1324 3065 legas
1347 3024 1385 3055 de
1416 3024 1516 3061 Hillo,
1546 3028 1583 3054 ut
1612 3033 1669 3064 per
1697 3023 1817 3071 iocum,

955 3080 1047 3121 quasi
1071 3080 1188 3110 balbus
1211 3084 1305 3116 esset,
1338 3079 1479 3110 eundem
1510 3082 1605 3108 vocat
1633 3077 1667 3107 in
1699 3086 1748 3117 ep.
1777 3077 1818 3107 ad

958 3134 1117 3171 Caelium,
1140 3133 1234 3164 Fani.
1257 3133 1304 3164 II.
1340 3133 1388 3169 10,
1420 3132 1448 3162 1.
1471 3150 1513 3154 —
1534 3131 1624 3162 Male
1655 3130 1818 3162 Corradus

957 3189 990 3220 in
1014 3188 1198 3228 Quaestum
1223 3198 1252 3228 p.
1275 3188 1335 3218 365
1360 3187 1400 3218 ad
1424 3186 1584 3218 Catonem
1607 3185 1687 3217 haec
1708 3185 1817 3217 refert.

1834 2304 1867 2329 10
