2117 3533
783 155 889 197 LIB.
924 155 959 196 I.
993 154 1077 195 ΕΡ.
1114 153 1185 194 12.

101 297 206 353 'quid
240 293 430 336 sermonis
464 293 554 334 fuit.
598 293 744 333 Totum
776 288 986 343 investiga,

1806 148 1859 188 25

1022 301 1228 342 cognosce,
1263 285 1440 340 perspice
1475 287 1514 325 et
1545 281 1786 324 nebulonem
1819 282 1865 322 11-

108 371 205 420 111111,
241 368 275 408 01
309 381 385 420 quo
418 370 535 421 pacto
568 369 694 420 potes,
729 379 778 404 ex
808 362 896 403 istis
929 361 1026 402 locis
1067 375 1217 401 amove.
1268 359 1403 400 Huius
1448 356 1638 398 sermonis
1682 354 1866 394 Valerius

110 447 312 484 auctorem
345 439 419 480 Cn.
454 438 664 479 Plancium
698 434 944 477 nominabat.
995 433 1146 475 Mando
1190 432 1266 474 tibi
1313 432 1430 487 plane
1471 435 1600 472 totum
1643 433 1690 469 ut
1732 427 1867 468 videas

110 512 335 556 cuiusmodi
368 511 433 552 sit.
485 512 526 550 3.
560 509 794 564 Pompeium
828 506 944 548 nobis
978 505 1261 547 amicissimum
1296 508 1452 544 constat
1492 518 1589 543 esse.
1639 501 1867 543 Divortium

110 585 269 627 Muciae
304 584 558 624 veliementer
591 580 796 637 probatur.
832 580 879 620 P.
914 579 1100 619 Clodium
1134 577 1256 633 Appii
1291 577 1336 617 F.
1365 575 1481 616 credo
1511 580 1550 616 te
1585 574 1742 616 audisse
1777 588 1868 614 cum

110 662 216 699 veste
250 655 436 698 muh'ebri
470 654 761 709 deprehensum
784 652 892 693 domi
913 652 958 692 C.
989 651 1183 700 Caesaris,
1209 665 1334 705 quum
1356 664 1426 704 pro
1449 648 1597 703 populo
1617 650 1740 698 fieret,
1761 662 1869 688 eum-

111 747 186 786 que
219 745 288 786 per
321 743 462 769 manus
496 726 673 768 servulae
707 730 906 766 servatum
940 730 979 765 et
1012 724 1201 765 eductum
1211 741 1222 774 3
1267 737 1349 762 rem
1383 736 1466 762 esse
1500 721 1650 774 insigni
1681 720 1867 761 infamia:

111 803 217 858 quod
249 808 288 844 te
322 801 485 842 moleste
518 800 617 841 ferre
652 804 758 839 certo
792 799 887 839 scio.
946 800 985 837 l.

1020 796 1129 848 Quid
1163 800 1364 851 praeterea
1405 794 1454 835 ad
1496 800 1534 835 te
1580 793 1750 835 scribam
1789 808 1870 834 non

110 876 251 917 habeo.
286 876 339 916 Et
371 872 596 914 mehercule
630 887 737 912 eram
770 872 813 912 in
847 870 1055 912 scribendo
1090 869 1377 910 conturbatior.
1419 870 1526 910 Nam
1560 882 1657 923 puer
1690 866 1870 917 festivus,

111 952 348 1003 anagnostes
381 951 528 997 noster,
564 945 770 987 Sositheus
805 944 1027 985 decesserat
1059 958 1200 997 meque
1233 941 1336 998 plus,
1373 957 1492 996 quam
1526 940 1627 982 servi
1668 955 1772 981 mors
1807 939 1872 980 de-
1886 945 1920 971 10

110 1022 202 1063 bere
236 1019 460 1070 videbatur,
496 1023 775 1060 commoverat.
809 1018 870 1058 'l'u
904 1017 1023 1058 velim
1057 1032 1172 1072 saepe
1207 1016 1256 1058 ad
1289 1031 1362 1057 nos
1396 1014 1559 1056 scribas.
1595 1014 1636 1055 Si
1669 1028 1752 1054 rem
1785 1012 1873 1053 nul-

110 1096 188 1137 lam
222 1093 402 1144 habebis,
439 1092 545 1147 quod
578 1092 621 1132 in
654 1091 822 1132 buccam
856 1091 1022 1142 venerit,
1058 1089 1236 1131 scribito.
1270 1089 1363 1130 Kal.
1399 1089 1560 1129 Ianuar.
1595 1087 1655 1128 M.
1685 1085 1872 1136 Messala,

111 1170 171 1211 M.
206 1168 351 1209 Pisone
386 1182 486 1207 coss.

155 1346 173 1385 §
196 1346 223 1375 3.
248 1343 420 1385 Pompeium
445 1354 474 1373 π,
497 1353 528 1372 a.
553 1352 578 1372 c.
603 1351 678 1372 esse.
709 1341 775 1379 Qui
796 1340 972 1380 diligenter

112 1398 228 1438 legerit
245 1397 416 1438 epistolam
432 1396 599 1437 superiore
617 1405 704 1425 311110
722 1395 762 1424 ad
777 1393 971 1434 Pompeium

112 1453 221 1482 datam
244 1451 350 1490 (Fam.
374 1451 416 1480 V.
442 1450 484 1491 7),
509 1449 681 1480 mirabitur
710 1448 854 1483 fortasse,
884 1448 970 1477 unde

111 1510 201 1536 tanta
224 1506 281 1536 illa
304 1505 481 1535 voluntatis
498 1503 683 1534 immutatio
698 1507 764 1532 tam
781 1502 887 1532 subito
902 1505 972 1531 orta

112 1559 161 1589 sit.
199 1558 264 1589 Sed
286 1558 367 1588 sciat
390 1557 446 1587 ille
468 1557 614 1586 virorum
637 1555 785 1585 civilium
813 1554 971 1584 amicitias

112 1621 185 1641 raro
206 1620 300 1641 veras
323 1619 402 1646 esse,
426 1610 616 1649 plerumque
640 1609 680 1638 ad
703 1612 829 1647 tempus
844 1616 971 1646 compo-

113 1664 198 1695 sitas.
224 1663 289 1694 Cur
312 1663 488 1703 Pompeius
511 1672 561 1693 res
591 1668 697 1701 gestas
729 1659 896 1691 Ciceronis
925 1669 971 1690 re-

113 1718 181 1747 dux
218 1716 440 1751 celebraverit,
480 1715 678 1754 intelligitur
715 1724 756 1744 ex
793 1713 884 1754 epist.
924 1714 971 1748 14,

115 1772 204 1800 1—4.
230 1770 277 1801 Cf.
302 1770 398 1800 Mart.
422 1770 504 1809 Lag.
528 1779 557 1809 p.
582 1769 650 1799 229.

156 1824 329 1855 Diem-lium
346 1823 479 1854 Muciae.
498 1824 594 1853 Hanc
616 1823 827 1853 Metellorum
851 1821 974 1852 Celeris

115 1884 145 1909 et
168 1877 305 1917 Nepotis
327 1885 473 1907 sororem
497 1875 603 1915 (Fam.
628 1875 669 1905 V.
694 1875 721 1911 2,
747 1875 789 1914 6),
814 1884 880 1904 non
905 1883 973 1913 ger-

114 1940 255 1966 manam,
287 1930 343 1959 sed
372 1929 425 1959 vel
454 1928 617 1958 uterinam
655 1927 707 1957 vel
743 1926 975 1956 consobrinam

116 1984 195 2019 (vid.
226 1983 352 2013 Manut.
386 1983 425 2012 ad
459 1992 485 2012 0.
516 1982 563 2021 L),
593 1990 730 2011 uxorem
760 1981 885 2011 dimisit
914 1980 974 2011 Cn.

116 2036 300 2077 Pompeius,
324 2036 400 2076 quia·
421 2045 495 2065 cum
519 2034 554 2065 C.
579 2034 716 2065 Caesare
738 2044 808 2065 rem
823 2034 974 2065 habuisse

116 2090 293 2120 dicebatur.
317 2088 365 2119 Cf.
398 2088 488 2119 Suet.
519 2090 611 2119 Caes
636 2089 685 2118 50.
729 2088 835 2118 Duxit
864 2092 975 2127 postea

116 2143 163 2173 M.
187 2142 352 2173 Aemilius
375 2141 525 2177 Scaurus,
549 2146 583 2171 ut
599 2141 694 2171 nobis
710 2146 822 2170 auctor
836 2145 883 2170 est
896 2141 975 2171 Asc.

118 2195 195 2225 Ped.
220 2195 253 2225 in
276 2204 400 2233 argum.
445 2193 652 2228 Scaurianae,
675 2203 705 2232 p.
731 2193 768 2222 19
791 2192 846 2223 Or.
883 2193 909 2222 E
932 2198 976 2222 ta-

118 2247 203 2277 libus
218 2250 460 2285 cognoscuntur
476 2255 582 2275 mores
598 2245 687 2275 illius
703 2245 816 2275 aetatis
824 2245 976 2284 corrupti.

164 2298 259 2338 Quum
277 2308 337 2337 pro
353 2297 468 2338 populo
481 2299 588 2339 fieret.
612 2296 731 2327 Facere
747 2302 778 2327 et
789 2296 868 2337 fieri
892 2297 925 2327 in
943 2306 977 2327 re

120 2361 210 2381 sacra
239 2361 297 2391 pro
327 2360 420 2380 Sacra
439 2350 554 2390 facere
584 2354 615 2380 et
638 2349 750 2389 perayi
780 2350 903 2380 centies
932 2349 978 2380 di-

119 2410 252 2440 03111111,
276 2408 311 2434 ut
333 2408 419 2434 recte
443 2403 581 2434 editores
596 2413 666 2433 voc.
682 2402 877 2443 sam-isicium,
892 2403 979 2443 quod

120 2458 153 2487 in
177 2457 268 2487 libris
291 2456 426 2496 scriptis,
450 2461 485 2486 ut
507 2456 643 2493 videtur,
668 2456 820 2486 omnibus
843 2456 897 2486 liic
920 2456 971 2486 ad-

120 2510 215 2547 ditur,
240 2509 372 2540 eiecisse
395 2509 575 2539 videantur.
616 2508 832 2539 Praeiverant
852 2507 977 2549 Graeci,

119 2573 257 2603 quorum
279 2562 395 2592 similis
411 2572 487 2592 usus
503 2562 537 2592 in
553 2562 662 2592 verbis
685 2559 793 2606 ἕρδειν
818 2567 847 2592 et
871 2559 977 2607 ῥέζειν

120 2622 220 2661 vulgo
250 2626 346 2651 notus
369 2625 426 2651 est.
448 2638 490 2642 ——
512 2619 664 2651 Ceterum
687 2620 723 2649 P.
748 2619 855 2650 Clodii
878 2619 978 2649 inces-

120 2682 169 2706 tus
197 2675 388 2706 commissus
421 2678 468 2704 est
496 2674 530 2704 in
560 2674 659 2704 sacris
689 2674 803 2704 Bonae
832 2673 930 2709 Deae,
961 2683 979 2702 a

119 2732 198 2762 solis
220 2731 411 2761 mulieribus
440 2730 529 2760 domi
560 2729 729 2760 Pontificis
758 2729 901 2760 Maximi
930 2737 978 2759 ce-

119 2784 240 2815 lebrari
262 2784 376 2814 solitis.

163 2836 320 2867 Sco-valae.
350 2836 436 2866 Mira
466 2840 513 2866 e-st
542 2836 630 2866 Med.
660 2835 817 2875 scriptura
845 2834 978 2874 seprule,

122 2891 155 2920 in
179 2901 241 2930 qua
265 2899 386 2920 nomen
410 2889 578 2930 proprium
599 2888 746 2919 mulieris
770 2888 870 2919 latere
899 2897 978 2917 non-

122 2945 221 2975 nullis
243 2945 350 2974 visum
373 2948 429 2974 est.
453 2943 519 2974 Sed
534 2953 634 2983 quum
648 2942 681 2973 in
697 2947 776 2972 orat.
792 2943 832 2972 de
847 2942 977 2981 harusp.

121 3009 203 3039 resp.
226 3000 267 3028 44
288 2998 436 3038 legamus
461 2997 615 3027 Clodium
647 2996 836 3026 ancillarum
869 2995 977 3035 benefi-

122 3052 169 3082 cio
191 3052 347 3083 emissum
369 3061 438 3083 esse
461 3055 492 3082 et
521 3061 538 3080 a
568 3050 746 3081 Plutarcho
776 3049 810 3080 in
841 3048 908 3080 Cic.
940 3048 978 3081 27

123 3108 154 3135 et.
175 3105 210 3136 in
232 3104 343 3137 Schol.
366 3105 449 3136 Bob.
472 3104 506 3135 in
527 3108 607 3134 orat.
623 3103 656 3135 in
674 3102 766 3134 Clod.
782 3113 812 3143 p.
829 3102 899 3133 339.
923 3101 978 3134 Or.

124 3163 271 3192 narretur
292 3158 326 3190 in
348 3157 467 3191 cellam
489 3156 629 3188 ancillae
643 3155 840 3196 confugisse,
856 3156 897 3186 de
912 3164 978 3187 cor·
1000 3178 1001 3182 ,

1018 1339 1172 1370 rectionis
1195 1339 1347 1379 antiquae
1369 1339 1504 1370 veritate
1527 1338 1585 1369 vix
1613 1337 1754 1368 dubitari
1783 1346 1877 1377 posse

1018 1395 1189 1426 credimus.

1062 1450 1131 1488 §4
1158 1447 1242 1488 Quid
1272 1447 1403 1479 scribam
1432 1458 1493 1478 non
1530 1446 1636 1477 habeo.
1672 1446 1773 1477 Multi
1808 1449 1879 1486 post

1019 1504 1240 1545 Malaspinam
1263 1505 1304 1534 ad
1326 1504 1356 1534 h.
1380 1504 1401 1534 l.
1425 1504 1464 1534 de
1487 1502 1677 1533 discrimine
1699 1501 1786 1531 inter
1817 1510 1879 1530 non

1023 1556 1127 1592 liabeo,
1152 1555 1226 1597 quid
1248 1560 1278 1586 et
1302 1566 1362 1585 72022
1387 1553 1499 1594 (nihil)
1523 1553 1629 1589 habeo,
1652 1551 1733 1593 quod
1748 1552 1880 1582 scribam

1022 1614 1175 1648 egerunt3
1207 1609 1245 1639 cf.
1273 1609 1382 1639 Haase
1412 1609 1453 1638 ad
1481 1607 1674 1646 Reisigiunn
1705 1606 1778 1636 adn.
1810 1605 1880 1635 502.

1022 1662 1154 1703 Optima
1176 1663 1305 1693 videtur
1326 1662 1461 1692 illorum
1483 1661 1574 1697 ratio,
1598 1660 1654 1700 qui
1676 1660 1789 1690 dicunt
1807 1658 1883 1699 quid

1022 1716 1121 1756 sequi,
1146 1716 1203 1746 ubi
1226 1715 1338 1745 habere
1355 1720 1384 1746 et
1399 1725 1459 1745 non
1475 1713 1589 1744 hahere
1604 1717 1744 1753 ponatur
1758 1711 1883 1742 sciendi

1022 1774 1053 1800 et
1069 1769 1237 1800 nesciendi
1254 1774 1410 1809 potestate
1426 1768 1480 1807 (cf.
1498 1766 1639 1807 Seyffert
1654 1767 1694 1796 ad
1712 1765 1778 1796 Cic.
1790 1765 1882 1795 Lael.

1022 1833 1051 1863 p.
1075 1822 1115 1852 46
1139 1828 1169 1853 et
1193 1823 1284 1860 518„
1304 1822 1360 1852 ubi
1383 1831 1460 1852 vero
1482 1820 1612 1861 propria
1635 1819 1684 1849 vis
1713 1818 1762 1848 illi
1783 1818 1883 1848 verbo

1023 1875 1073 1912 sit,
1096 1880 1131 1905 ut
1155 1885 1213 1905 72022
1235 1875 1332 1905 habeo
1351 1875 1391 1905 sit
1414 1874 1488 1904 mihi
1511 1873 1608 1909 deest,
1631 1882 1722 1912 pron.
1744 1871 1882 1901 relativo

1023 1939 1103 1970 opus
1126 1938 1205 1960 esse.
1229 1929 1297 1959 Ubi
1319 1938 1412 1959 mens
1436 1926 1607 1957 scribentis
1630 1926 1732 1956 dubia
1755 1930 1812 1961 est,
1829 1935 1882 1965 op-

1022 1982 1095 2013 timi
1118 1982 1210 2012 codd.
1234 1981 1388 2011 audiendi
1404 1985 1488 2015 sunt,
1505 1978 1656 2019 quamvis
1672 1978 1707 2008 in
1723 1977 1882 2008 eiusmodi

1022 2036 1120 2066 rebus
1151 2034 1271 2073 exigua
1300 2034 1341 2064 sit
1374 2033 1427 2063 vel
1464 2032 1662 2072 optimomm
1698 2029 1882 2059 auctoritas.

1027 2087 1206 2126 Plerosque
1230 2086 1318 2116 10000
1342 2095 1384 2116 ex
1407 2084 1513 2125 epistt.
1543 2082 1707 2114 Tullianis
1730 2082 1770 2112 ad
1798 2081 1883 2111 hanc

1027 2151 1177 2172 normam
1200 2140 1310 2180 exegit
1332 2138 1598 2178 YVesenbergius,
1629 2137 1767 2167 Emend.
1790 2146 1819 2176 p.
1844 2137 1884 2166 54

1026 2204 1115 2234 seqq.

1068 2246 1277 2286 Aaayuostes.
1308 2245 1348 2275 cf.
1371 2244 1463 2274 Fam.
1487 2244 1528 2274 V.
1553 2244 1580 2279 9,
1602 2244 1630 2273 2.
1660 2242 1739 2273 Erat
1761 2251 1882 2278 servus,

1027 2299 1084 2339 qui
1106 2299 1191 2329 inter
1213 2308 1349 2329 coenam
1373 2297 1479 2327 aliove
1502 2300 1647 2336 tempore
1669 2295 1803 2326 domino
1826 2294 1883 2324 ali-

1027 2351 1107 2391 quid
1129 2351 1269 2390 legebat.
1292 2350 1412 2380 Latine
1436 2354 1573 2379 vocatur
1587 2349 1697 2378 lector.
1712 2347 1777 2378 vid.
1794 2346 1882 2378 Plin.

1028 2404 1087 2444 Ep.
1110 2404 1174 2434 111.
1199 2406 1227 2433 5.
1249 2404 1334 2444 Nep.
1357 2403 1427 2434 Att.
1452 2403 1500 2432 14.

1073 2455 1162 2496 Quod
1183 2455 1215 2486 in
1242 2456 1364 2486 buccam
1388 2455 1519 2485 venerit.
1541 2454 1680 2485 Locutio
1703 2463 1720 2484 e
1734 2461 1884 2485 sermone

1028 2509 1192 2546 familiari,
1230 2519 1293 2550 qua
1324 2508 1453 2549 saepius
1482 2508 1585 2539 utitur
1615 2507 1729 2539 Cicero
1764 2507 1797 2538 in
1831 2507 1883 2537 his

1028 2564 1183 2605 epistolis.
1206 2564 1272 2594 vid.
1296 2563 1374 2594 VII.
1399 2564 1437 2593 10
1460 2568 1542 2594 extr.
1557 2562 1638 2593 XII.
1655 2563 1671 2592 1
1691 2566 1773 2593 extr.
1785 2561 1883 2592 XIV.

1028 2618 1045 2650 7
1069 2623 1151 2649 extr.
1181 2617 1326 2658 Respicit
1361 2616 1451 2648 hunc
1480 2617 1589 2647 locum
1618 2615 1752 2652 Seneca,
1781 2615 1884 2655 Epist.

1028 2673 1087 2702 118
1112 2672 1158 2702 in.

1067 2726 1111 2757 Μ.
1136 2726 1288 2763 Messala,
1310 2725 1355 2756 JI.
1379 2725 1492 2756 Pisone
1513 2735 1591 2756 coss.
1621 2725 1747 2756 Eodem
1769 2724 1884 2755 ordine

1024 2781 1060 2812 hi
1079 2781 1231 2812 consules
1247 2781 1390 2811 citantur
1405 2780 1439 2811 in
1454 2779 1693 2820 subscriptione
1709 2779 1800 2819 epist.
1817 2787 1883 2818 seq.

1027 2840 1057 2867 et
1080 2836 1167 2876 apud
1190 2834 1280 2866 Caes.
1304 2835 1342 2865 B.
1367 2833 1404 2865 G.
1428 2835 1454 2865 Ι.
1479 2835 1506 2864 2.
1530 2834 1570 2864 In
1586 2833 1692 2864 Fastis
1706 2838 1815 2863 tamen
1832 2832 1884 2863 Pi-

1026 2889 1114 2919 sonis
1137 2897 1258 2919 nomen
1278 2888 1452 2928 praecedit,
1473 2887 1561 2927 quod
1586 2890 1671 2917 recte
1695 2886 1817 2916 factum
1832 2886 1884 2917 de-

1026 2943 1130 2973 fendit
1153 2942 1373 2973 Schneiderus
1396 2942 1437 2972 ad
1459 2941 1550 2972 Caes.
1574 2941 1594 2971 1.
1618 2950 1644 2970 0.
1668 2939 1708 2970 cf.
1725 2940 1813 2970 Plin.
1838 2939 1883 2970 H.

1025 2995 1066 3026 N.
1091 2995 1169 3025 VH.
1195 2995 1213 3034 ξ
1237 2995 1285 3024 98.
1310 2994 1471 3025 Similiter
1494 2993 1560 3024 Cic.
1584 2993 1623 3023 de
1647 2992 1723 3024 Sen.
1748 2993 1788 3023 14
1809 3002 1884 3023 con-

1027 3049 1112 3080 sules
1135 3058 1162 3079 a.
1187 3049 1245 3079 585
1271 3048 1411 3089 appellat
1428 3047 1628 3088 Caepionem
1645 3051 1677 3078 et
1693 3046 1885 3087 Philippum

1026 3102 1155 3138 iterum,
1185 3111 1268 3143 quos
1298 3101 1371 3132 fasti
1401 3100 1580 3143 Capitolini
1608 3100 1740 3133 inverso
1770 3099 1885 3132 ordine

1027 3156 1171 3188 laudant.
