2117 3533
746 185 854 226 ΠΒ.
888 185 964 227 IV.
998 185 1082 227 ΕΡ.
1120 187 1190 227 18.
1755 190 1840 230 205

83 336 162 376 quo
195 319 312 362 modo
345 319 446 362 fers?
480 320 590 362 Belle
624 319 850 361 mehercule
883 325 924 361 et
954 320 998 361 in
1031 335 1078 361 eo
1110 335 1173 363 me
1207 320 1322 362 valde
1357 336 1459 362 amo.
1515 321 1752 374 Amisimus,
1787 324 1844 365 mi

84 393 295 449 Pomponi,
329 409 487 435 omnem
520 409 601 435 non
634 393 753 434 modo
787 408 952 434 succum
986 409 1031 434 ac
1066 393 1318 448 sanguinem,
1353 393 1422 435 sed
1457 394 1575 435 etiam
1606 394 1776 436 colorem
1805 400 1846 437 et

84 465 254 521 speciem
287 466 498 521 pristinam
532 466 720 507 civitatis.
755 466 881 507 Nulla
915 471 975 507 est
1006 481 1069 507 res
1102 465 1278 521 publica,
1315 482 1415 521 quae
1450 467 1636 519 delectet,
1681 467 1724 509 in
1765 483 1844 522 qua

85 538 347 593 acquiescam.
398 538 499 579 Idne
532 538 670 593 igitur,
704 538 878 592 inquies,
914 538 1028 579 facile
1062 538 1168 579 fers?
1211 537 1261 579 Id
1294 538 1442 593 ipsum.
1488 540 1688 582 Recordor
1721 541 1842 592 enim,

84 626 203 666 quam
237 610 341 652 bella
373 610 589 666 paulisper,
623 610 740 652 nobis
773 610 1109 666 gubernantibus,
1145 611 1285 652 civitas
1318 610 1452 662 fuerit,
1488 627 1588 666 quae
1624 610 1724 652 mihi
1757 626 1844 666 gra·
1884 621 1898 644 5

83 683 140 724 tia
172 683 296 725 relata
329 683 395 725 sit.
450 683 599 724 Nullus
633 683 746 724 dolor
780 699 841 724 me
875 683 987 739 angit
1019 699 1148 725 unum
1192 683 1326 725 omnia
1369 698 1506 738 posse3
1558 684 1844 739 dirumpuntur

83 757 126 808 ii,
161 757 230 811 qui
263 773 325 798 me
359 757 511 811 aliquid
544 772 658 813 posse
693 757 908 798 doluerunt
916 776 926 809 3
972 757 1100 798 multa
1121 757 1231 798 ‘mihi
1265 757 1363 799 dant
1396 757 1550 808 solatia,
1594 772 1667 799 nec
1710 762 1843 798 tamen

82 845 155 884 ego
189 830 237 871 de
271 845 357 871 meo
391 834 499 871 statu
533 829 724 884 demigro,
760 845 940 884 quaeque
975 830 1057 871 vita
1089 830 1262 871 maxime
1296 834 1356 871 est
1386 829 1436 871 ad
1460 834 1659 882 naturam,
1683 830 1733 871 ad
1757 846 1843 872 eam

82 917 144 943 me
178 902 317 953 refero,
352 902 402 943 ad
434 902 570 944 literas
604 907 644 944 et
676 902 810 944 studia
843 906 979 943 nostra
989 920 1000 954 3
1036 901 1199 943 dicendi
1231 901 1408 943 laborem
1453 901 1716 944 delectatione
1760 918 1844 945 ora-

82 974 183 1015 toria
216 974 412 1016 consolor.
447 975 601 1016 Domus
635 990 696 1016 me
730 980 771 1017 et
802 990 895 1017 rura
927 980 1064 1016 nostra
1098 975 1312 1017 delectant.
1368 976 1463 1017 Non
1497 976 1694 1028 recordor,
1737 976 1844 1018 unde

81 1046 306 1098 ceciderim,
342 1048 411 1089 sed
444 1048 551 1090 unde
586 1049 840 1089 surrexerim.
876 1049 1056 1090 Fratrem
1090 1064 1246 1090 mecum
1281 1054 1321 1091 et
1353 1054 1392 1091 te
1427 1050 1460 1091 si
1494 1049 1664 1102 habebo,
1689 1065 1759 1105 per
1781 1065 1843 1091 me

80 1119 148 1160 isti
180 1119 350 1175 pedibus
373 1121 599 1163 trahantur.
636 1121 762 1163 Vobis
786 1119 1234 1180 συμφιλοσοφῆσαι
1257 1138 1435 1179 possum.
1469 1123 1602 1165 Locus
1629 1123 1696 1164 ille
1720 1122 1844 1164 animi

80 1194 221 1245 nostri,
256 1194 484 1236 stomachus
516 1194 588 1236 ubi
621 1194 791 1246 habitat,
827 1195 922 1236 olim
956 1195 1186 1237 concalluit.
1222 1196 1384 1238 Privata
1416 1196 1535 1237 modo
1563 1200 1602 1237 et
1625 1196 1844 1237 domestica

80 1282 152 1308 nos
185 1267 398 1310 delectant.
433 1269 580 1310 Miram
614 1268 870 1310 securitatem
903 1268 1081 1321 videbis3
1117 1269 1232 1311 cuius
1266 1270 1461 1325 plurimae
1496 1269 1721 1312 mehercule
1754 1284 1842 1324 par-

1866 991 1900 1016 lo

73 1344 134 1381 tes
168 1345 264 1381 sunt
295 1341 338 1382 in
372 1347 442 1383 tuo
475 1341 623 1383 reditu.
674 1342 805 1383 Nemo
839 1342 946 1383 enim
979 1342 1022 1383 in
1055 1342 1172 1383 terris
1206 1347 1267 1384 est
1299 1341 1399 1383 mihi
1433 1347 1515 1383 tam
1557 1341 1843 1383 consentienti-
1865 1348 1898 1374 15

113 1522 132 1553 6
154 1523 261 1563 amsit:
284 1534 375 1556 anum
400 1524 503 1556 onmia
520 1535 615 1565 posse
637 1525 860 1566 dirumpantur
883 1543 923 1547 —
947 1525 987 1556 12
1008 1524 1071 1556 ista
1093 1544 1135 1549 —
1157 1523 1427 1572 ἐμφιλοσοφῆσαι
1449 1545 1490 1550 -
1513 1528 1552 1558 13
1577 1526 1740 1558 habitabat
1761 1525 1844 1563 olim,

69 1578 255 1610 concalluit.
280 1596 321 1602 —

112 1737 131 1776 ξ
154 1738 183 1768 2.
207 1736 247 1767 Ia
271 1748 306 1769 eo
328 1748 375 1769 me
405 1737 498 1769 valde
529 1749 607 1770 amo.
635 1739 696 1770 Est
725 1738 868 1769 formula
898 1748 932 1770 se

72 1790 235 1822 laudantis
259 1791 300 1822 ob
322 1801 392 1823 rem
416 1792 499 1823 bene
522 1792 652 1824 factam.
676 1792 730 1824 Sic
754 1793 781 1823 Ι.
805 1794 833 1830 3,
857 1793 876 1823 2
900 1794 931 1823 te

69 1843 197 1874 maltam
221 1853 360 1875 amamus
382 1849 442 1876 cet.
468 1845 510 1883 Q.
530 1844 568 1875 fr.
591 1845 656 1876 ΠΙ.
680 1846 707 1882 9,
731 1847 751 1875 4
774 1844 823 1875 De
845 1855 929 1875 man-

70 1895 168 1935 cipiis,
191 1897 273 1938 qaod
293 1897 369 1927 mihi
384 1897 559 1938 polliceris,
582 1898 675 1928 valde
694 1900 725 1928 te
738 1908 817 1929 amo.
839 1898 929 1929 Male

69 1949 284 1980 Heindorfius
307 1959 345 1981 00
368 1951 480 1982 retulit
509 1951 592 1981 Hor.
615 1949 682 1981 Sat.
711 1951 738 1981 I.
769 1951 797 1988 2,
829 1952 869 1981 54
898 1956 930 1981 et

70 2001 116 2032 II.
140 2001 168 2039 7,
192 2003 242 2039 31,
265 2003 383 2044 quibus
407 2003 441 2033 in
464 2003 545 2034 locis
568 2013 676 2033 amare
699 2003 794 2035 aliter
826 2003 929 2044 expli-

71 2057 214 2088 candum
238 2063 296 2089 est.

111 2110 227 2141 Nullus
250 2111 340 2142 dolor
368 2122 413 2142 me
448 2111 536 2153 anyit
566 2122 659 2142 mmm
688 2110 790 2143 omnia
822 2121 929 2151 posse.

70 2163 170 2195 Recte
193 2164 286 2195 codd.
308 2168 439 2195 servant
468 2164 567 2203 anyit,
596 2174 663 2195 non
693 2163 806 2205 tanyit,
842 2165 930 2205 quod

69 2216 110 2248 de
132 2216 305 2257 repentino
328 2217 441 2247 dolore
471 2216 600 2247 dicitur.
633 2216 683 2248 Cf.
714 2216 859 2248 Ellendt.
890 2217 930 2247 ad

70 2269 164 2300 Brut.
188 2270 259 2300 331.
296 2269 337 2300 In
361 2269 470 2301 verbis
499 2269 744 2309 distinguendis
773 2269 929 2300 Klotzius

70 2322 152 2353 mihi
174 2322 323 2362 praeivit.
345 2322 402 2353 Ad
425 2322 645 2362 dirumpantur
676 2322 782 2363 suppl.
811 2321 928 2353 dolore.

72 2373 122 2406 Cf.
146 2375 228 2406 VH.
252 2375 300 2412 12,
325 2376 354 2405 3.
372 2375 465 2405 Fam.
488 2374 570 2412 XII,
595 2376 622 2412 2,
646 2376 675 2406 2.

111 2427 168 2458 Est
189 2429 234 2459 acl
255 2430 402 2459 naturam
425 2438 458 2459 o:
490 2429 663 2469 respondet
686 2429 821 2469 ingenio
845 2439 929 2468 11100,

70 2482 152 2513 mihi
175 2483 342 2514 convenit.
367 2482 416 2514 Cf.
440 2483 480 2514 de
502 2483 563 2513 hac
587 2483 751 2514 locutione
763 2483 875 2514 Madv.
888 2484 929 2514 ad

68 2533 144 2565 Fin.
166 2535 194 2566 I.
216 2537 265 2574 30,
289 2536 346 2577 qui
367 2535 490 2568 Graece
512 2536 578 2567 dici
600 2533 688 2569 κατὰ
718 2535 817 2581 φύσιν
840 2530 928 2570 εἶναι

68 2596 191 2624 monet.

110 2645 246 2676 Dicendi
266 2645 405 2676 laborem
425 2646 637 2679 delectatione
660 2648 802 2679 oratoria
825 2658 929 2679 conso-

70 2701 118 2732 lor
141 2712 174 2733 o:
199 2701 294 2733 facile
317 2711 430 2733 causas
453 2712 525 2743 ago,
549 2704 637 2744 quod
666 2703 736 2745 ipsa
763 2704 921 2745 eloquen-

71 2756 135 2787 tiae
158 2756 266 2787 studia
288 2765 341 2788 me
364 2756 539 2789 delectant.

112 2808 176 2840 Per
196 2819 242 2839 me
257 2809 314 2840 isti
320 2808 453 2850 pedibus
469 2810 652 2841 trahantur.
670 2811 711 2841 In
727 2811 830 2842 altero
845 2811 927 2850 loco,

70 2862 127 2893 ubi
163 2862 285 2893 locutio
308 2862 442 2902 pedibas
473 2863 560 2894 trabi
592 2864 686 2902 redit,
716 2864 810 2896 Fam.
845 2866 927 2896 VII.

70 2915 120 2953 32,
143 2916 161 2945 3
183 2915 264 2946 haec
286 2915 459 2956 leguntur:
485 2916 658 2947 trahantur
680 2927 740 2957 per
769 2928 816 2949 me
838 2918 928 2958 pedi-

69 2968 124 3000 bus
145 2979 249 3001 omnes
282 2970 340 3001 rei.
384 2970 431 3001 Ut
461 2970 649 3012 Malaspina
678 2972 755 3004 inde
784 2974 928 3005 correxit

70 3022 288 3054 indicativum
310 3023 494 3061 trahantur,
525 3024 581 3065 qui
610 3024 644 3056 in
675 3025 776 3057 libros
805 3026 859 3058 hic
887 3027 927 3058 ir-

71 3081 224 3116 repserat,
248 3076 465 3116 omniimiquc
489 3085 662 3109 assensum
683 3078 769 3116 tulit,
794 3079 840 3110 sic
863 3080 926 3111 edi-

73 3133 159 3161 tores
180 3130 299 3161 moniti
320 3141 339 3161 a
360 3129 540 3162 Guilie1mo
563 3131 746 3163 subiectum
768 3142 926 3174 personae

73 3179 158 3223 (isa)
194 3183 391 3217 substituere
429 3184 611 3217 debuerant
654 3186 803 3220 subiecto
845 3188 927 3220 reali

982 1739 1086 1780 (ista).
1109 1740 1281 1772 Sententia
1303 1741 1383 1773 haec
1414 1746 1476 1773 est:
1509 1756 1523 1768 n
1535 1741 1585 1779 iis,
1616 1740 1673 1782 qui
1702 1750 1755 1772 me
1785 1740 1842 1772 ali-

981 1794 1061 1834 quid
1083 1803 1178 1834 posse
1200 1795 1388 1832 doluerunt,
1412 1795 1525 1826 omnia
1558 1794 1645 1825 mala
1675 1794 1840 1831 eveniant,

979 1855 1037 1886 per
1058 1856 1112 1878 me
1134 1847 1228 1884 licet3
1253 1857 1315 1888 ego
1338 1858 1405 1878 non
1428 1847 1552 1885 laboro,
1572 1847 1651 1887 quid
1666 1846 1736 1878 istis
1750 1846 1840 1877 fiat.”

979 1897 1167 1930 Gronovius
1189 1899 1393 1940 comparavit
1423 1900 1464 1930 ad
1491 1898 1724 1930 illustrandum
1753 1899 1839 1929 illud

954 1970 955 1975 ,
973 1951 1106 1991 pedibas
1129 1952 1216 1982 trahi
1237 1953 1360 1983 dictum
1385 1953 1547 1993 Megaclis
1571 1953 1611 1983 ad
1639 1951 1839 1992 Dionysium

979 2003 1224 2045 Syracusanum
1247 2015 1298 2046 ap.
1320 2005 1418 2037 Diod.
1442 2005 1508 2037 Sic.
1530 2005 1618 2036 XX:
1637 2005 1685 2042 78,
1711 1997 1762 2036 δεῖ
1777 2000 1834 2036 τὸν

981 2054 1016 2089 ἐκ
1045 2059 1107 2095 τῆς
1135 2054 1334 2101 τυραννίδος
1362 2055 1572 2091 ἐκπίπτοντα
1600 2058 1661 2090 τοῦ
1699 2054 1839 2095 σκέλους

978 2106 1156 2155 ἑλκόμενον
1187 2107 1338 2143 ἀπιέναι.
1382 2111 1447 2142 Sed
1484 2110 1600 2142 Cicero
1632 2111 1762 2142 videtur
1790 2120 1836 2142 re-

977 2168 1124 2208 spexisse
1147 2168 1287 2199 Homeri
1311 2167 1372 2200 Od.
1396 2167 1495 2199 XVI.
1532 2167 1601 2205 276,
1629 2167 1686 2198 ubi
1714 2168 1836 2199 Ulixes

976 2220 1045 2250 filio
1067 2220 1234 2261 praecipit,
1257 2225 1294 2251 ut
1317 2230 1422 2261 aequo
1445 2220 1556 2250 animo
1586 2220 1668 2251 ferat
1698 2220 1835 2251 iniurias

976 2282 1150 2313 procorum
1179 2274 1264 2314 patri
1282 2273 1401 2311 {factas,
1431 2269 1472 2308 ἦν
1501 2283 1562 2316 περ
1583 2269 1641 2304 καὶ
1657 2268 1717 2306 διὰ
1734 2268 1834 2318 δῶμα

975 2321 1092 2358 ποδῶν
1122 2322 1245 2358 ἕλκωσι
1271 2324 1418 2370 θύραζε.
1453 2325 1504 2357 Cf.
1527 2325 1565 2356 P.
1588 2325 1731 2356 Victorii
1753 2326 1833 2357 Var.

975 2378 1068 2409 Lect.
1084 2378 1185 2410 XXI.
1197 2380 1246 2410 24.
1262 2379 1328 2410 Pro
1344 2380 1455 2420 inepto
1467 2379 1551 2410 vobis
1563 2375 1834 2424 ἐμφιλοσοφῆσαι

975 2445 1042 2466 11011
1065 2435 1212 2466 dubitavi
1236 2435 1377 2466 scribere
1406 2435 1489 2466 vobis
1519 2433 1831 2480 συμφιλοσοφῆσαι,

975 2491 1009 2521 111
1033 2491 1141 2521 adnot.
1165 2489 1238 2521 MS.
1260 2490 1509 2531 Wyttenbachii
1532 2501 1551 2522 a
1573 2500 1626 2522 me
1648 2491 1832 2523 inventum.

1016 2543 1115 2574 Locus
1136 2543 1194 2573 ille
1215 2542 1314 2573 animi
1335 2543 1445 2581 nostri,
1467 2544 1646 2574 stomachus
1667 2544 1719 2575 ubi
1746 2544 1831 2575 babi-

975 2598 1034 2633 tat,
1056 2595 1130 2626 olim
1152 2595 1335 2626 concallait.
1368 2596 1474 2627 Miror
1502 2596 1643 2628 editores
1671 2597 1831 2638 sprevisse

975 2649 1107 2687 habitat,
1130 2650 1217 2690 quod
1238 2654 1276 2680 ut
1298 2649 1471 2681 concalluit
1493 2660 1512 2680 a
1532 2650 1645 2681 Nonio
1667 2661 1698 2691 p.
1713 2651 1753 2681 90
1768 2660 1831 2682 ser-

974 2708 1079 2739 vatur,
1102 2711 1205 2742 quum
1227 2701 1390 2733 habitabat
1412 2707 1445 2734 et
1473 2703 1631 2734 concaluit
1661 2702 1830 2735 Ciceronis

974 2754 1076 2785 libros
1093 2754 1336 2795 occupaverint.
1359 2755 1521 2787 Praesens
1537 2756 1644 2787 multo
1659 2756 1765 2796 aptius
1781 2762 1830 2787 est

974 2808 1174 2849 imperfecto,
1197 2814 1234 2839 ut
1256 2809 1443 2850 Malaspina
1466 2810 1644 2842 intellexit.
1666 2810 1753 2841 Nam
1776 2809 1828 2842 Ci-

974 2872 1048 2894 cero
1071 2872 1138 2894 non
1162 2863 1316 2895 amiserat
1338 2864 1554 2902 stomachum,
1578 2864 1635 2895 sed
1657 2863 1766 2894 minus
1786 2862 1829 2894 fa-

974 2917 1036 2948 cile
1058 2927 1158 2958 quam
1180 2922 1275 2949 antea
1297 2918 1410 2950 dolore
1433 2919 1617 2959 angebatur
1639 2923 1671 2950 et
1692 2918 1733 2949 ad
1746 2918 1829 2948 iram

973 2973 1175 3004 movebatur.
1197 2974 1316 3014 Itaque
1338 2973 1411 3005 olim
1433 2984 1466 3005 o:
1491 2974 1681 3015 aliquando,
1702 2974 1828 3015 pridem

973 3027 1029 3058 ille
1052 3027 1142 3058 100115
1165 3027 1289 3058 callum
1312 3028 1486 3059 contraxit.
1530 3027 1626 3059 Facit
1653 3028 1718 3059 huc
1749 3027 1832 3060 alter

973 3080 1063 3110 locus
1086 3080 1172 3120 apud
1193 3080 1342 3111 Nonium
1365 3090 1382 3112 e
1404 3080 1462 3111 lib.
1486 3081 1552 3111 III.
1575 3081 1615 3111 de
1630 3080 1672 3110 N.
1688 3080 1739 3118 D„
1756 3080 1774 3120 ξ
1789 3080 1828 3111 25

972 3131 1109 3163 callidos
1132 3132 1265 3172 appello,
1288 3143 1415 3174 quorum
1439 3134 1587 3174 tanquam
1603 3142 1715 3164 manas
1727 3142 1828 3173 opere,

973 3185 1019 3217 sic
1048 3185 1171 3217 animus
1198 3195 1256 3217 asu
1286 3186 1467 3225 communit,
1501 3187 1559 3221 sed
1589 3187 1696 3228 magis
1729 3187 1829 3219 verba
