2117 3533
744 159 851 201 LIB.
886 159 921 199 I.
954 158 1039 199 ΕΡ.
1076 158 1147 198 19.
1780 154 1835 193 63

84 302 146 339 tos
178 296 358 337 homines
393 320 450 325 —-
483 295 555 336 hos
589 293 821 349 piscinarios
854 292 957 342 dico,
993 292 1140 333 amicos
1173 295 1264 331 tuos
1298 313 1355 319 -—
1388 304 1470 330 non
1513 286 1679 329 obscure
1722 284 1840 326 nobis

84 369 274 419 invidere,
316 368 455 422 putavi
499 366 599 407 1111111
638 366 804 406 maiores
845 364 1035 418 quasdam
1080 379 1172 419 opes
1217 367 1258 403 et
1300 363 1472 403 firmiora
1514 359 1713 416 praesidia
1757 373 1840 399 6556

85 441 320 496 quaerenda.
370 443 408 482 7.
442 442 583 494 Itaque
615 439 788 494 primum
821 453 925 487 eum,
962 437 1030 491 qui
1061 436 1231 477 nimium
1264 435 1335 476 diu
1369 435 1416 475 de
1449 434 1568 475 rebus
1601 432 1749 473 nostris
1782 436 1841 471 ta-

86 520 233 562 cuerat,
268 514 516 568 Pompeium,
551 511 701 553 adduxi
732 511 775 551 111
809 526 895 551 eam
928 510 1188 561 voluntatem,
1233 513 1279 549 ut
1318 509 1361 549 in
1405 513 1545 548 senatu
1596 522 1677 547 non
1722 504 1843 546 semel

87 588 154 629 sed
189 603 302 642 saepe
336 585 551 639 multisque
583 583 714 624 verbis
748 583 868 624 huius
900 582 1001 623 mihi
1035 583 1202 623 salutem
1234 581 1393 636 imperii
1426 586 1543 634 atque
1585 579 1691 621 orbis
1722 583 1844 618 terra-

86 675 173 700 rum
207 658 458 700 adiudicarit.
503 657 621 708 Quod
654 672 736 697 non
768 662 851 697 tam
884 656 1068 696 interfuit
1110 670 1197 696 mea
1232 679 1288 684 ——
1321 669 1451 709 neque
1497 655 1604 694 enim
1647 652 1739 692 illae
1783 665 1845 691 res

87 737 157 773 aut
188 733 245 772 ita
278 735 371 772 sunt
403 729 606 780 obscurae,
650 734 695 770 ut
737 728 1026 779 testimonium,
1072 733 1141 768 aut
1183 728 1240 768 ita
1283 726 1443 777 dubiae,
1489 732 1534 767 ut
1574 725 1847 766 laudationem

86 803 311 844 desiderent
345 829 401 833 -—
436 818 554 857 quam
585 803 643 843 rei
676 802 874 857 publicae,
910 801 1015 856 quod
1049 806 1163 842 erant
1196 801 1360 855 quidam
1404 799 1592 855 improbi,
1641 797 1710 852 qui
1754 811 1846 837 con-

86 877 304 917 tentionem
337 877 418 917 fore
453 877 625 931 aliquam
658 875 757 916 mihi
791 890 883 916 611111
916 874 1106 929 Pompeio
1141 890 1189 914 ex
1222 889 1353 915 rerum
1393 873 1552 914 illarum
1598 870 1846 912 dissensione

89 949 388 990 arbitrarentur.
434 949 535 990 Cum
568 949 643 989 1106
677 964 750 1003 ego
782 963 845 989 me
878 952 991 989 tanta
1030 946 1299 988 familiaritate
1344 946 1547 995 coniunxi,
1593 949 1639 985 ut
1681 949 1847 997 uterque

89 1026 269 1063 nostrum
303 1023 346 1063 in
379 1038 450 1063 sua
482 1022 635 1063 ratione
668 1021 860 1062 munitior
894 1026 934 1062 et
965 1021 1008 1061 in
1040 1036 1081 1061 re
1115 1019 1276 1075 publica
1299 1020 1446 1060 firmior
1469 1019 1544 1060 hac
1567 1017 1849 1059 coniunctione

91 1110 174 1136 esse
207 1095 345 1149 possit.
398 1099 438 1136 S.
474 1096 578 1137 Odia
612 1100 744 1136 autem
779 1095 847 1135 illa
879 1094 1117 1135 libidinosae
1151 1098 1190 1134 et
1234 1093 1425 1134 delicatae
1470 1090 1705 1140 iuventutis,
1749 1103 1849 1143 quae

92 1172 203 1208 erant
235 1167 278 1208 111
310 1183 372 1209 1116
405 1169 586 1219 incitata,
622 1169 677 1209 sic
711 1169 895 1222 mitigata
929 1172 1023 1208 sunt
1056 1168 1241 1208 comitate
1276 1166 1448 1221 quadam
1482 1181 1583 1215 mea,
1629 1178 1690 1204 me
1725 1176 1851 1202 unum

93 1245 137 1280 ut
171 1255 306 1281 omnes
338 1240 397 1281 illi
431 1241 576 1282 colant.
627 1240 744 1282 Nihil
777 1241 884 1281 enim
918 1239 1091 1294 denique
1126 1255 1147 1279 a
1189 1254 1250 1279 me
1296 1254 1479 1293 asperum
1525 1239 1568 1278 in
1612 1249 1852 1292 quemquam

90 1314 147 1362 fit,
184 1328 254 1353 nec
287 1318 419 1354 tamen
451 1314 670 1368 quidquam
702 1314 890 1368 populare
925 1328 969 1353 ac
1004 1312 1264 1362 dissolutum3
1310 1311 1379 1352 sed
1412 1313 1470 1352 ita
1502 1315 1723 1366 temperata
1767 1313 1852 1349 tota

91 1385 191 1424 ratio
226 1389 298 1435 est,
333 1390 378 1425 ut
410 1386 467 1426 rei
500 1386 683 1440 publicae
717 1386 983 1426 constantiam
1016 1389 1228 1439 praestem,
1263 1384 1428 1439 privatis
1463 1383 1582 1425 rebus
1614 1384 1712 1425 meis
1738 1397 1852 1438 prop-

91 1461 150 1498 ter
183 1458 454 1499 infirmitatem
488 1456 697 1507 bonorum,
732 1457 988 1512 iniquitatem
1020 1457 1319 1507 malevolorum,
1366 1456 1503 1498 odium
1535 1458 1579 1498 111
1611 1472 1674 1497 1116
1706 1457 1852 1511 impro-

92 1530 230 1572 borum
265 1530 475 1572 adhibeam
510 1530 711 1585 quandam
745 1530 972 1571 cautionem
1005 1534 1045 1570 et
1079 1529 1352 1584 diligentiam;
1387 1535 1506 1584 atque
1539 1530 1596 1571 ita
1629 1536 1761 1573 tamen
1788 1530 1852 1571 his

135 1706 173 1735 14
195 1705 287 1735 Nihil
310 1704 370 1735 ‘iam
395 1704 527 1746 denique
548 1725 590 1729 —

93 1872 248 1904 indicavit
262 1874 396 1904 Ellendt
411 1875 451 1905 ad
467 1875 531 1905 III.
547 1876 594 1915 de'⁴
604 1874 692 1906 Orat.
709 1876 758 1905 58.
782 1873 847 1905 Sed
863 1873 950 1904 valet

91 1927 153 1957 hoc
168 1927 201 1958 in
218 1927 287 1958 solo
301 1928 480 1968 participio·
498 1928 612 1959 Cicero
630 1928 864 1969 semperdixit:
882 1927 950 1957 iun-

88 1990 162 2022 yere
184 1991 244 2010 rem
269 1991 335 2012 cum
357 1992 392 2011 re
413 1982 466 2012 vel
488 1982 533 2012 ad
553 1993 626 2019 rem,
649 1992 717 2013 non
740 1991 783 2019 re,
805 1991 865 2012 1166
893 1981 949 2011 rei.
973 1999 975 2031 ,γ

133 2032 201 2064 Hos
216 2033 418 2073 piscinarios.
442 2033 491 2065 Cf.
516 2036 556 2065 ad
579 2044 628 2075 ep.
652 2035 700 2071 18,
725 2035 754 2065 6.
974 2051 976 2067 1

135 2087 204 2127 §7-
240 2087 338 2128 Saepe
366 2088 531 2130 wmltisque
560 2089 670 2120 verbis.
706 2088 755 2120 Cf.
787 2090 833 2119 ΙΙ.
865 2090 892 2124 1,
922 2089 950 2118 6.
975 2101 977 2132 j,

94 2139 157 2171 Off.
186 2141 211 2171 I.
245 2141 282 2173 78
321 2141 397 2171 mihi
436 2141 558 2182 quidem.
593 2144 676 2172 certe
708 2141 757 2172 vir
785 2140 951 2172 abrmdans

91 2194 214 2226 bellicis
236 2195 382 2226 laudibus
407 2195 458 2227 Cn.
482 2196 656 2236 Pompeius,
686 2196 794 2227 multis
824 2195 952 2226 audien-

98 2247 188 2286 tibus,
211 2249 267 2278 hoc
288 2248 408 2286 tribuit,
429 2252 463 2279 ut
485 2249 605 2280 diceret
624 2249 754 2290 frustra
785 2259 818 2279 se
846 2249 952 2279 trium-
977 2260 978 2265 ¹

92 2300 186 2339 plum?
210 2301 337 2331 lertium
358 2301 591 2341 deportaturum
604 2301 719 2342 fuisse,
743 2301 805 2332 nisi
826 2311 892 2332 meo
920 2301 953 2331 in

99 2363 163 2384 rem
177 2353 337 2394 publicam
363 2354 519 2394 beneficio,
548 2355 599 2385 ubi
629 2354 845 2393 triumpharet,
875 2356 955 2384 esset

99 2405 273 2438 habiturus.

140 2459 355 2493 Adiudicarz‘t.
390 2461 438 2492 De
467 2470 528 2492 usu
556 2460 691 2502 perfecti
720 2460 754 2491 in
784 2461 956 2498 sententia,

99 2521 182 2554 quae
208 2519 289 2555 part.
319 2516 353 2545 ut
382 2515 503 2555 pendet
531 2525 549 2545 a
584 2514 759 2555 praeterito
796 2512 955 2555 (adelmi),

100 2566 185 2598 (lixit
213 2567 404 2608 Madvigius
432 2569 473 2598 ad
502 2568 570 2599 Cic.
599 2567 674 2598 Fin.
704 2577 734 2608 p.
773 2568 833 2597 253
863 2571 893 2597 et
922 2566 956 2596 in

100 2619 244 2651 Gra-mm.
274 2620 347 2651 Lat.
378 2621 396 2660 ξ
429 2619 500 2657 407,
531 2621 547 2650 1
578 2621 711 2661 interpr.
746 2629 846 2650 meae.
891 2619 957 2649 Hic

102 2673 201 2703 verba
221 2683 283 2704 non
304 2674 399 2704 Semel
418 2673 475 2704 sed
495 2683 588 2713 saepe
611 2672 838 2713 imperfectum
860 2672 957 2712 plane

103 2725 291 2757 excludunt.
336 2725 485 2757 Salutem
507 2725 638 2766 imperii
659 2725 707 2756 M.
730 2724 843 2756 Tullio
867 2725 957 2755 adiu-

102 2773 209 2810 dicare
232 2784 280 2810 est
301 2781 462 2811 affirmare
491 2780 666 2820 imperium
693 2789 745 2820 po.
768 2779 827 2810 Ro.
853 2779 893 2809 ab
920 2788 958 2809 eo

103 2840 173 2863 esse
193 2837 432 2863 conservatum.

104 2936 195 2978 peius
218 2939 326 2969 minus
348 2938 506 2978 probabat
526 2947 577 2968 res
600 2947 618 2967 a
641 2936 798 2968 Cicerone
826 2938 960 2968 consule

105 2995 220 3030 gestas.

145 3043 186 3075 Et
208 3046 242 3075 in
264 3056 298 3077 re
313 3055 347 3087 p.
360 3045 496 3086 firmior.
519 3045 658 3076 Temere
680 3043 866 3076 Gronovius
886 3043 961 3075 scri-

105 3097 249 3130 bendum
270 3100 417 3140 putabat:
442 3101 472 3130 et
494 3108 544 3130 res
558 3097 688 3139 publica
699 3098 837 3139 firmior.

151 3154 168 3192 ἓ
192 3155 220 3184 8.
257 3153 311 3184 Me
324 3164 426 3199 *unum
448 3155 483 3184 ut
505 3163 608 3184 omnes
631 3151 683 3183 illi
705 3152 821 3184 colant.
864 3152 965 3199 Unus

998 1886 1070 1917 opp.
1094 1877 1258 1914 omnibus,
1282 1883 1313 1908 et
1336 1877 1363 1908 si
1385 1887 1499 1908 omnes
1521 1887 1627 1908 unum
1648 1877 1772 1915 colunt,
1803 1884 1850 1909 651

997 1931 1059 1961 hoc
1083 1931 1215 1970 signum
1238 1931 1353 1962 eximii
1374 1930 1510 1962 honoris
1532 1931 1585 1962 vel
1615 1931 1768 1962 caritatis.
1806 1930 1855 1962 Cf.

999 1984 1108 2015 Bentl.
1133 1985 1174 2014 ad
1195 1984 1278 2015 Hor.
1302 1994 1349 2025 ep.
1375 1984 1415 2014 ad
1438 1983 1514 2021 Pis„
1538 1984 1588 2015 32.

1040 2036 1131 2066 Nihil
1157 2036 1236 2067 em'm
1267 2037 1397 2077 denique
1420 2037 1526 2078 —fit.
1563 2035 1687 2067 Hoffm.
1718 2037 1859 2068 restituit

1000 2092 1078 2122 enim
1103 2102 1120 2123 e
1142 2094 1213 2123 cod.
1236 2093 1367 2133 Poggii,
1390 2103 1449 2133 pro
1474 2103 1538 2133 quo
1561 2093 1672 2124 nescio
1702 2095 1789 2124 unde
1819 2093 1858 2123 ir-

1000 2145 1100 2184 repsit
1128 2145 1201 2175 iam.
1231 2145 1399 2176 Particula
1427 2146 1565 2176 causalis
1599 2150 1646 2177 est
1675 2145 1857 2186 aptissima;

1000 2207 1077 2227 nam
1099 2197 1150 2227 his
1164 2197 1274 2228 verbis
1291 2198 1474 2238 explicatur
1489 2198 1628 2235 comita&
1645 2207 1746 2238 quam
1762 2199 1860 2228 modo

1000 2250 1204 2280 memoravit.
1248 2249 1313 2281 Sed
1337 2249 1470 2291 cleniqve
1491 2251 1573 2281 mihi
1595 2255 1780 2291 suspectum
1803 2255 1860 2281 est.

1001 2303 1117 2335 Ortum
1138 2308 1217 2343 puto
1239 2313 1255 2334 e
1278 2302 1400 2334 deinde.

1044 2355 1202 2396 Populare
1218 2365 1255 2386 aa
1273 2355 1468 2386 dissolutum.
1492 2355 1720 2396 Quodcunque
1735 2357 1776 2387 ad
1790 2365 1861 2397 cap-

1002 2409 1136 2438 tandam
1158 2407 1271 2448 populi
1295 2407 1435 2447 gratiam
1456 2407 1543 2438 male
1565 2413 1790 2448 compara-tum
1804 2413 1861 2446 est,

1003 2461 1121 2491 dicitur
1135 2460 1300 2500 populare.
1322 2459 1517 2490 Dissolutum
1540 2470 1627 2497 vero,
1650 2461 1737 2501 quod
1760 2461 1862 2501 negli-

1005 2514 1134 2553 gentius
1157 2513 1264 2553 agitur
1286 2513 1321 2543 in
1343 2513 1449 2550 rebus,
1473 2513 1530 2544 ubi
1548 2522 1677 2544 summa
1690 2513 1863 2553 diligentia

1006 2575 1088 2606 opus
1111 2570 1167 2596 est.
1192 2564 1240 2596 Cf.
1264 2565 1336 2595 intt.
1359 2566 1399 2595 ad
1420 2566 1447 2596 Ι.
1471 2564 1533 2597 Off.
1558 2566 1607 2596 99.

1047 2619 1108 2649 His
1129 2618 1216 2650 novis
1241 2618 1389 2649 amicitiis
1411 2618 1575 2659 implicati.
1604 2620 1756 2651 Ablatvivi
1778 2626 1862 2656 sunt,

1006 2678 1040 2704 ut
1072 2672 1167 2703 Vena
1197 2673 1243 2702 ΙΙ.
1273 2673 1323 2702 44.
1354 2672 1420 2702 Pis.
1451 2671 1499 2704 70.
1536 2672 1628 2703 Fam.
1659 2673 1721 2703 VI.
1754 2674 1800 2709 12,
1832 2674 1862 2703 2.

1006 2725 1069 2758 Off.
1091 2726 1118 2756 Ι.
1143 2725 1212 2757 117.

1049 2782 1151 2822 Atque
1171 2781 1220 2812 ita
1243 2782 1344 2811 tamen
1368 2799 1410 2803 ——
1431 2783 1466 2811 ut
1497 2791 1530 2811 o:
1562 2786 1601 2818 et,
1630 2781 1706 2812 licet
1735 2782 1792 2812 illa
1822 2782 1864 2812 fa-

983 2827 985 2864 l,
1007 2835 1100 2871 eiam,
1123 2834 1169 2865 sic
1191 2838 1300 2865 tamen
1324 2838 1384 2864 cet.
1428 2834 1522 2864 Idem
1544 2834 1589 2864 sic
1620 2834 1783 2864 enuntiari
1811 2845 1863 2874 pon

144 2884 193 2915 Ea·
214 2895 317 2916 rerum
345 2883 472 2915 illarum
501 2884 704 2916 dissensione.
749 2884 837 2923 Quia
864 2884 960 2915 Pom·
984 2883 985 2895 ³

1008 2892 1086 2919 test:
1110 2887 1229 2927 Neque
1251 2891 1361 2918 16111611
1384 2886 1436 2917 his
1459 2887 1610 2917 amicitiis
1633 2887 1678 2917 ite.
1706 2887 1865 2927 implicati

1007 2950 1126 2978 sumus,
1150 2940 1230 2980 quin
1252 2957 1302 2971 ——-.
1326 2940 1498 2970 Immerito
1527 2941 1620 2980 atque
1642 2939 1787 2970 deletum
1809 2950 1863 2970 vo-

1008 2994 1096 3024 lebat
1117 2992 1315 3031 Gronovius,
1338 3002 1399 3024 1166
1420 2993 1636 3033 probandum,
1660 2993 1748 3033 quod
1772 2992 1865 3024 Hoff-

1008 3057 1148 3079 mannus
1171 3056 1188 3078 6
1209 3048 1280 3078 cod.
1303 3047 1409 3088 Pogg.
1432 3047 1576 3087 scripsit:
1605 3048 1699 3088 atque
1726 3047 1783 3084 ila,
1813 3048 1863 3078 la-

1009 3100 1098 3130 mersi
1120 3100 1166 3130 eis
1188 3105 1247 3131 cet.
1285 3099 1340 3131 Sic
1369 3100 1458 3131 enim
1486 3099 1588 3130 oritur
1617 3098 1777 3131 sententia
1807 3099 1865 3133 vix

1010 3153 1224 3193 expedienda.

1869 956 1903 981 10

1871 1320 1904 1345 15
