<?xml version="1.0" encoding="UTF-8"?>
<!DOCTYPE html PUBLIC "-//W3C//DTD XHTML 1.0 Transitional//EN"
    "http://www.w3.org/TR/xhtml1/DTD/xhtml1-transitional.dtd">
<html xmlns="http://www.w3.org/1999/xhtml" xml:lang="en" lang="en">
 <head>
  <title>
</title>
<meta http-equiv="Content-Type" content="text/html;charset=utf-8" />
  <meta name='ocr-system' content='tesseract 3.04.00' />
  <meta name='ocr-capabilities' content='ocr_page ocr_carea ocr_par ocr_line ocrx_word'/>
</head>
<body>
  <div class='ocr_page' id='page_1' title='image "./epistolarumadtpo01ciceuoft_0057.png"; bbox 0 0 2117 3533; ppageno 0'>
   <div class='ocr_carea' id='block_1_1' title="bbox 689 167 1822 214">
    <p class='ocr_par' dir='ltr' id='par_1_1' title="bbox 689 167 1822 214">
     <span class='ocr_line' id='line_1_1' title="bbox 689 167 1822 214; baseline -0.004 0"><span class='ocrx_word' id='word_1_1' title='bbox 689 173 796 214; x_wconf 87' lang='lat' dir='ltr'><strong>LIB.</strong></span> <span class='ocrx_word' id='word_1_2' title='bbox 830 173 865 214; x_wconf 92' lang='lat' dir='ltr'>I.</span> <span class='ocrx_word' id='word_1_3' title='bbox 899 172 983 214; x_wconf 82' lang='grc' dir='ltr'>ΕΡ.</span> <span class='ocrx_word' id='word_1_4' title='bbox 1021 174 1091 213; x_wconf 76' lang='lat'>14.</span> <span class='ocrx_word' id='word_1_5' title='bbox 1130 174 1199 213; x_wconf 88' lang='lat'>15.</span> <span class='ocrx_word' id='word_1_6' title='bbox 1768 167 1822 210; x_wconf 83' lang='lat'>37</span> 
     </span>
    </p>
   </div>
   <div class='ocr_carea' id='block_1_2' title="bbox 60 303 1873 726">
    <p class='ocr_par' dir='ltr' id='par_1_2' title="bbox 60 303 1873 726">
     <span class='ocr_line' id='line_1_2' title="bbox 60 303 1823 364; baseline -0.005 -11"><span class='ocrx_word' id='word_1_7' title='bbox 60 312 267 353; x_wconf 86' lang='lat' dir='ltr'>docatone.</span> <span class='ocrx_word' id='word_1_8' title='bbox 302 309 411 362; x_wconf 77' lang='lat' dir='ltr'>Quid</span> <span class='ocrx_word' id='word_1_9' title='bbox 446 308 626 364; x_wconf 74' lang='lat' dir='ltr'>quaeris?</span> <span class='ocrx_word' id='word_1_10' title='bbox 675 308 713 348; x_wconf 84' lang='lat'>7.</span> <span class='ocrx_word' id='word_1_11' title='bbox 747 307 869 348; x_wconf 90' lang='lat' dir='ltr'>Nunc</span> <span class='ocrx_word' id='word_1_12' title='bbox 904 312 949 348; x_wconf 86' lang='lat' dir='ltr'>ut</span> <span class='ocrx_word' id='word_1_13' title='bbox 982 307 1030 348; x_wconf 83' lang='lat' dir='ltr'>ad</span> <span class='ocrx_word' id='word_1_14' title='bbox 1065 307 1220 362; x_wconf 87' lang='lat' dir='ltr'>privata</span> <span class='ocrx_word' id='word_1_15' title='bbox 1264 306 1438 357; x_wconf 77' lang='lat' dir='ltr'>redeam,</span> <span class='ocrx_word' id='word_1_16' title='bbox 1487 303 1692 362; x_wconf 69' lang='grc' dir='ltr'><em>Τεῦκρις</em></span> <span class='ocrx_word' id='word_1_17' title='bbox 1736 319 1823 358; x_wconf 92' lang='lat' dir='ltr'>pro-</span> 
     </span>
     <span class='ocr_line' id='line_1_3' title="bbox 61 377 1823 439; baseline -0.005 -13"><span class='ocrx_word' id='word_1_18' title='bbox 61 384 180 426; x_wconf 88' lang='lat' dir='ltr'>missa</span> <span class='ocrx_word' id='word_1_19' title='bbox 212 383 398 439; x_wconf 85' lang='lat' dir='ltr'>patravit.</span> <span class='ocrx_word' id='word_1_20' title='bbox 432 383 494 423; x_wconf 83' lang='lat' dir='ltr'>Tu</span> <span class='ocrx_word' id='word_1_21' title='bbox 525 380 714 422; x_wconf 83' lang='lat' dir='ltr'>mandata</span> <span class='ocrx_word' id='word_1_22' title='bbox 747 380 870 430; x_wconf 84' lang='lat' dir='ltr'>effice,</span> <span class='ocrx_word' id='word_1_23' title='bbox 906 395 1008 433; x_wconf 88' lang='lat' dir='ltr'>quae</span> <span class='ocrx_word' id='word_1_24' title='bbox 1041 379 1241 435; x_wconf 85' lang='lat' dir='ltr'>recepisti.</span> <span class='ocrx_word' id='word_1_25' title='bbox 1277 379 1455 430; x_wconf 73' lang='lat' dir='ltr'>Quintus</span> <span class='ocrx_word' id='word_1_26' title='bbox 1490 378 1624 427; x_wconf 81' lang='lat' dir='ltr'>frater,</span> <span class='ocrx_word' id='word_1_27' title='bbox 1660 377 1823 430; x_wconf 65' lang='grc'><strong>0111111·-</strong></span> 
     </span>
     <span class='ocr_line' id='line_1_4' title="bbox 61 447 1823 512; baseline -0.005 -14"><span class='ocrx_word' id='word_1_28' title='bbox 61 456 225 512; x_wconf 76' lang='lat' dir='ltr'>giletani</span> <span class='ocrx_word' id='word_1_29' title='bbox 258 455 428 496; x_wconf 83' lang='lat' dir='ltr'>aedificii</span> <span class='ocrx_word' id='word_1_30' title='bbox 460 455 659 509; x_wconf 84' lang='lat' dir='ltr'>reliquum</span> <span class='ocrx_word' id='word_1_31' title='bbox 692 447 927 493; x_wconf 76' lang='lat' dir='ltr'>dodrantem</span> <span class='ocrx_word' id='word_1_32' title='bbox 961 453 1058 493; x_wconf 87' lang='lat' dir='ltr'>emit</span> <span class='ocrx_word' id='word_1_33' title='bbox 1088 453 1172 493; x_wconf 90' lang='lat' dir='ltr'>HS.</span> <span class='ocrx_word' id='word_1_34' title='bbox 1217 458 1389 502; x_wconf 48' lang='lat' dir='ltr'>DCC&#39;XRW„</span> <span class='ocrx_word' id='word_1_35' title='bbox 1424 450 1697 492; x_wconf 85' lang='lat' dir='ltr'>Tusculanum</span> <span class='ocrx_word' id='word_1_36' title='bbox 1731 464 1823 490; x_wconf 80' lang='lat' dir='ltr'>ven-</span> 
     </span>
     <span class='ocr_line' id='line_1_5' title="bbox 61 521 1823 582; baseline -0.004 -12"><span class='ocrx_word' id='word_1_37' title='bbox 61 529 176 579; x_wconf 83' lang='lat' dir='ltr'>ditat,</span> <span class='ocrx_word' id='word_1_38' title='bbox 210 532 257 569; x_wconf 83' lang='lat' dir='ltr'>ut</span> <span class='ocrx_word' id='word_1_39' title='bbox 289 528 322 569; x_wconf 93' lang='lat' dir='ltr'>si</span> <span class='ocrx_word' id='word_1_40' title='bbox 354 527 494 582; x_wconf 88' lang='lat' dir='ltr'>possit,</span> <span class='ocrx_word' id='word_1_41' title='bbox 529 530 634 567; x_wconf 87' lang='lat' dir='ltr'>emat</span> <span class='ocrx_word' id='word_1_42' title='bbox 667 524 913 565; x_wconf 79' lang='lat' dir='ltr'>Pacilianam</span> <span class='ocrx_word' id='word_1_43' title='bbox 947 524 1123 565; x_wconf 89' lang='lat' dir='ltr'>domum.</span> <span class='ocrx_word' id='word_1_44' title='bbox 1159 524 1261 565; x_wconf 86' lang='lat' dir='ltr'>Cum</span> <span class='ocrx_word' id='word_1_45' title='bbox 1278 524 1452 565; x_wconf 78' lang='lat' dir='ltr'>Lucceio</span> <span class='ocrx_word' id='word_1_46' title='bbox 1471 523 1514 564; x_wconf 92' lang='lat' dir='ltr'>in</span> <span class='ocrx_word' id='word_1_47' title='bbox 1534 523 1702 577; x_wconf 83' lang='lat' dir='ltr'>gratiam</span> <span class='ocrx_word' id='word_1_48' title='bbox 1723 521 1823 563; x_wconf 87' lang='lat' dir='ltr'>redi.</span> 
     </span>
     <span class='ocr_line' id='line_1_6' title="bbox 60 595 1873 654; baseline -0.004 -11"><span class='ocrx_word' id='word_1_49' title='bbox 60 601 187 643; x_wconf 86' lang='lat' dir='ltr'>Video</span> <span class='ocrx_word' id='word_1_50' title='bbox 220 601 422 642; x_wconf 87' lang='lat' dir='ltr'>hominem</span> <span class='ocrx_word' id='word_1_51' title='bbox 456 600 569 641; x_wconf 85' lang='lat' dir='ltr'>valde</span> <span class='ocrx_word' id='word_1_52' title='bbox 602 598 824 654; x_wconf 79' lang='lat' dir='ltr'>petiturire.</span> <span class='ocrx_word' id='word_1_53' title='bbox 850 597 1018 639; x_wconf 85' lang='lat' dir='ltr'>Navabo</span> <span class='ocrx_word' id='word_1_54' title='bbox 1039 613 1212 653; x_wconf 78' lang='lat' dir='ltr'>operam.</span> <span class='ocrx_word' id='word_1_55' title='bbox 1246 598 1307 638; x_wconf 87' lang='lat' dir='ltr'>Tu</span> <span class='ocrx_word' id='word_1_56' title='bbox 1329 596 1426 652; x_wconf 87' lang='lat' dir='ltr'>quid</span> <span class='ocrx_word' id='word_1_57' title='bbox 1451 610 1558 650; x_wconf 83' lang='lat' dir='ltr'>agas,</span> <span class='ocrx_word' id='word_1_58' title='bbox 1579 595 1652 636; x_wconf 91' lang='lat' dir='ltr'>ubi</span> <span class='ocrx_word' id='word_1_59' title='bbox 1670 595 1736 645; x_wconf 84' lang='grc'><strong>818,</strong></span> <span class='ocrx_word' id='word_1_60' title='bbox 1759 610 1825 636; x_wconf 88' lang='grc'><strong>011-</strong></span> <span class='ocrx_word' id='word_1_61' title='bbox 1859 605 1873 630; x_wconf 84' lang='lat'><strong>5</strong></span> 
     </span>
     <span class='ocr_line' id='line_1_7' title="bbox 61 666 1823 726; baseline -0.005 -10"><span class='ocrx_word' id='word_1_62' title='bbox 61 674 234 716; x_wconf 88' lang='lat' dir='ltr'>iusmodi</span> <span class='ocrx_word' id='word_1_63' title='bbox 266 674 366 715; x_wconf 79' lang='lat' dir='ltr'>istae</span> <span class='ocrx_word' id='word_1_64' title='bbox 398 688 461 715; x_wconf 85' lang='lat' dir='ltr'>res</span> <span class='ocrx_word' id='word_1_65' title='bbox 493 673 588 723; x_wconf 88' lang='grc'><strong>811113,</strong></span> <span class='ocrx_word' id='word_1_66' title='bbox 622 671 683 713; x_wconf 87' lang='lat' dir='ltr'>fac</span> <span class='ocrx_word' id='word_1_67' title='bbox 716 686 778 712; x_wconf 88' lang='lat' dir='ltr'>me</span> <span class='ocrx_word' id='word_1_68' title='bbox 813 686 932 725; x_wconf 85' lang='lat' dir='ltr'>quam</span> <span class='ocrx_word' id='word_1_69' title='bbox 954 670 1261 726; x_wconf 76' lang='lat' dir='ltr'>diligentissime</span> <span class='ocrx_word' id='word_1_70' title='bbox 1285 670 1506 711; x_wconf 72' lang='lat' dir='ltr'>certiorem.</span> <span class='ocrx_word' id='word_1_71' title='bbox 1541 667 1684 710; x_wconf 89' lang='lat' dir='ltr'>Idibus</span> <span class='ocrx_word' id='word_1_72' title='bbox 1706 666 1823 708; x_wconf 83' lang='lat' dir='ltr'>Febr.</span> 
     </span>
    </p>
   </div>
   <div class='ocr_carea' id='block_1_3' title="bbox 59 857 1828 1067">
    <p class='ocr_par' dir='ltr' id='par_1_3' title="bbox 59 857 1827 954">
     <span class='ocr_line' id='line_1_8' title="bbox 59 857 1826 903; baseline -0.002 -12"><span class='ocrx_word' id='word_1_73' title='bbox 59 861 135 903; x_wconf 77' lang='lat' dir='ltr'>quid</span> <span class='ocrx_word' id='word_1_74' title='bbox 155 860 308 902; x_wconf 77' lang='lat' dir='ltr'>quaeris?</span> <span class='ocrx_word' id='word_1_75' title='bbox 321 879 363 883; x_wconf 88' lang='lat'><strong>—</strong></span> <span class='ocrx_word' id='word_1_76' title='bbox 377 859 625 891; x_wconf 74' lang='lat' dir='ltr'>Pseudocatone.</span> <span class='ocrx_word' id='word_1_77' title='bbox 642 859 683 891; x_wconf 86' lang='lat' dir='ltr'>cf.</span> <span class='ocrx_word' id='word_1_78' title='bbox 698 869 747 901; x_wconf 83' lang='lat' dir='ltr'>ep.</span> <span class='ocrx_word' id='word_1_79' title='bbox 765 860 811 897; x_wconf 83' lang='lat'>16,</span> <span class='ocrx_word' id='word_1_80' title='bbox 824 862 844 890; x_wconf 79' lang='lat'>4</span> <span class='ocrx_word' id='word_1_81' title='bbox 864 860 919 890; x_wconf 72' lang='lat' dir='ltr'>tri·</span> <span class='ocrx_word' id='word_1_82' title='bbox 968 859 1154 891; x_wconf 85' lang='lat' dir='ltr'>Probabilis</span> <span class='ocrx_word' id='word_1_83' title='bbox 1177 869 1291 891; x_wconf 87' lang='lat' dir='ltr'>eorum</span> <span class='ocrx_word' id='word_1_84' title='bbox 1313 860 1434 901; x_wconf 86' lang='lat' dir='ltr'>opinio,</span> <span class='ocrx_word' id='word_1_85' title='bbox 1459 860 1517 900; x_wconf 90' lang='lat' dir='ltr'>qui</span> <span class='ocrx_word' id='word_1_86' title='bbox 1546 859 1587 889; x_wconf 84' lang='lat' dir='ltr'>ab</span> <span class='ocrx_word' id='word_1_87' title='bbox 1616 857 1734 898; x_wconf 80' lang='lat' dir='ltr'>argilla</span> <span class='ocrx_word' id='word_1_88' title='bbox 1762 858 1826 888; x_wconf 81' lang='lat' dir='ltr'>dic-</span> 
     </span>
     <span class='ocr_line' id='line_1_9' title="bbox 59 910 1827 954; baseline -0.002 -10"><span class='ocrx_word' id='word_1_89' title='bbox 59 913 227 954; x_wconf 74' lang='lat' dir='ltr'>umphabat</span> <span class='ocrx_word' id='word_1_90' title='bbox 248 932 287 937; x_wconf 87' lang='lat'>--</span> <span class='ocrx_word' id='word_1_91' title='bbox 309 912 386 954; x_wconf 76' lang='lat' dir='ltr'>quid</span> <span class='ocrx_word' id='word_1_92' title='bbox 404 913 559 954; x_wconf 73' lang='lat' dir='ltr'>quaeris?</span> <span class='ocrx_word' id='word_1_93' title='bbox 582 930 622 936; x_wconf 89' lang='lat'><em>-</em></span> <span class='ocrx_word' id='word_1_94' title='bbox 644 912 846 945; x_wconf 69' lang='lat' dir='ltr'>Hortensius.</span> <span class='ocrx_word' id='word_1_95' title='bbox 967 918 1037 944; x_wconf 83' lang='lat' dir='ltr'>tum</span> <span class='ocrx_word' id='word_1_96' title='bbox 1066 914 1234 954; x_wconf 84' lang='lat' dir='ltr'>putabant,</span> <span class='ocrx_word' id='word_1_97' title='bbox 1271 914 1357 954; x_wconf 81' lang='lat' dir='ltr'>apud</span> <span class='ocrx_word' id='word_1_98' title='bbox 1386 913 1482 944; x_wconf 83' lang='lat' dir='ltr'>Varr.</span> <span class='ocrx_word' id='word_1_99' title='bbox 1504 913 1544 943; x_wconf 81' lang='lat' dir='ltr'>de</span> <span class='ocrx_word' id='word_1_100' title='bbox 1566 911 1606 942; x_wconf 85' lang='lat' dir='ltr'>L.</span> <span class='ocrx_word' id='word_1_101' title='bbox 1628 911 1667 942; x_wconf 87' lang='lat' dir='ltr'>L.</span> <span class='ocrx_word' id='word_1_102' title='bbox 1692 911 1734 941; x_wconf 90' lang='lat' dir='ltr'>V.</span> <span class='ocrx_word' id='word_1_103' title='bbox 1758 910 1827 942; x_wconf 82' lang='lat'><strong>157.</strong></span> 
     </span>
    </p>

    <p class='ocr_par' dir='ltr' id='par_1_4' title="bbox 60 963 1828 1067">
     <span class='ocr_line' id='line_1_10' title="bbox 102 963 1827 1013; baseline -0.003 -13"><span class='ocrx_word' id='word_1_104' title='bbox 102 968 121 1007; x_wconf 64' lang='grc' dir='ltr'>ξ</span> <span class='ocrx_word' id='word_1_105' title='bbox 143 966 171 1000; x_wconf 89' lang='grc'>7.</span> <span class='ocrx_word' id='word_1_106' title='bbox 193 969 342 1013; x_wconf 80' lang='grc' dir='ltr'><strong>Τεῦκρις.</strong></span> <span class='ocrx_word' id='word_1_107' title='bbox 366 968 407 999; x_wconf 87' lang='lat' dir='ltr'>cf.</span> <span class='ocrx_word' id='word_1_108' title='bbox 430 969 470 999; x_wconf 81' lang='lat' dir='ltr'>ad</span> <span class='ocrx_word' id='word_1_109' title='bbox 493 977 542 1008; x_wconf 86' lang='lat' dir='ltr'>ep.</span> <span class='ocrx_word' id='word_1_110' title='bbox 566 968 614 1005; x_wconf 91' lang='grc'>12,</span> <span class='ocrx_word' id='word_1_111' title='bbox 636 968 665 998; x_wconf 93' lang='grc'>1.</span> <span class='ocrx_word' id='word_1_112' title='bbox 689 967 847 998; x_wconf 73' lang='lat' dir='ltr'>Promissa</span> <span class='ocrx_word' id='word_1_113' title='bbox 858 978 918 1008; x_wconf 75' lang='lat' dir='ltr'>pa·</span> <span class='ocrx_word' id='word_1_114' title='bbox 1008 966 1170 1007; x_wconf 65' lang='lat' dir='ltr'>Reliquum</span> <span class='ocrx_word' id='word_1_115' title='bbox 1184 965 1380 996; x_wconf 80' lang='lat' dir='ltr'>dodrantem.</span> <span class='ocrx_word' id='word_1_116' title='bbox 1397 965 1623 1004; x_wconf 80' lang='lat' dir='ltr'>Quadrantem</span> <span class='ocrx_word' id='word_1_117' title='bbox 1644 964 1710 994; x_wconf 85' lang='lat' dir='ltr'>iam</span> <span class='ocrx_word' id='word_1_118' title='bbox 1732 963 1827 994; x_wconf 83' lang='lat' dir='ltr'>habe-</span> 
     </span>
     <span class='ocr_line' id='line_1_11' title="bbox 60 1017 1828 1067; baseline 0.001 -11"><span class='ocrx_word' id='word_1_119' title='bbox 60 1025 169 1056; x_wconf 75' lang='lat' dir='ltr'>travz&#39;t.</span> <span class='ocrx_word' id='word_1_120' title='bbox 202 1025 290 1057; x_wconf 86' lang='lat' dir='ltr'>Cave</span> <span class='ocrx_word' id='word_1_121' title='bbox 320 1032 414 1067; x_wconf 87' lang='lat' dir='ltr'>putes</span> <span class='ocrx_word' id='word_1_122' title='bbox 443 1027 569 1067; x_wconf 77' lang='lat' dir='ltr'>aliquid</span> <span class='ocrx_word' id='word_1_123' title='bbox 598 1027 730 1058; x_wconf 86' lang='lat' dir='ltr'>obsceni</span> <span class='ocrx_word' id='word_1_124' title='bbox 760 1027 812 1057; x_wconf 84' lang='lat' dir='ltr'>vel</span> <span class='ocrx_word' id='word_1_125' title='bbox 842 1027 921 1057; x_wconf 83' lang='lat' dir='ltr'>mali</span> <span class='ocrx_word' id='word_1_126' title='bbox 968 1019 1022 1048; x_wconf 66' lang='lat' dir='ltr'>bat</span> <span class='ocrx_word' id='word_1_127' title='bbox 1058 1027 1099 1049; x_wconf 68' lang='lat' dir='ltr'>ex</span> <span class='ocrx_word' id='word_1_128' title='bbox 1133 1018 1330 1055; x_wconf 47' lang='lat' dir='ltr'>hereditat&amp;</span> <span class='ocrx_word' id='word_1_129' title='bbox 1354 1027 1437 1059; x_wconf 68' lang='lat' dir='ltr'>(luae</span> <span class='ocrx_word' id='word_1_130' title='bbox 1459 1018 1595 1049; x_wconf 58' lang='lat' dir='ltr'>deerant</span> <span class='ocrx_word' id='word_1_131' title='bbox 1624 1017 1702 1048; x_wconf 57' lang='lat' dir='ltr'>emit</span> <span class='ocrx_word' id='word_1_132' title='bbox 1731 1027 1749 1047; x_wconf 68' lang='lat' dir='ltr'>a</span> <span class='ocrx_word' id='word_1_133' title='bbox 1778 1026 1828 1047; x_wconf 73' lang='lat'>00·</span> 
     </span>
    </p>
   </div>
   <div class='ocr_carea' id='block_1_4' title="bbox 60 1073 1828 1173">
    <p class='ocr_par' dir='ltr' id='par_1_5' title="bbox 60 1073 1828 1173">
     <span class='ocr_line' id='line_1_12' title="bbox 61 1073 1152 1121; baseline 0.002 -12"><span class='ocrx_word' id='word_1_134' title='bbox 61 1079 95 1110; x_wconf 89' lang='lat' dir='ltr'>in</span> <span class='ocrx_word' id='word_1_135' title='bbox 118 1090 150 1110; x_wconf 86' lang='lat' dir='ltr'>v.</span> <span class='ocrx_word' id='word_1_136' title='bbox 166 1081 303 1119; x_wconf 77' lang='lat' dir='ltr'>palrare</span> <span class='ocrx_word' id='word_1_137' title='bbox 324 1079 440 1117; x_wconf 87' lang='lat' dir='ltr'>inesse,</span> <span class='ocrx_word' id='word_1_138' title='bbox 465 1081 552 1121; x_wconf 87' lang='lat' dir='ltr'>quod</span> <span class='ocrx_word' id='word_1_139' title='bbox 583 1080 779 1112; x_wconf 81' lang='lat' dir='ltr'>Casaubono</span> <span class='ocrx_word' id='word_1_140' title='bbox 812 1081 921 1111; x_wconf 85' lang='lat' dir='ltr'>visum</span> <span class='ocrx_word' id='word_1_141' title='bbox 966 1073 1152 1104; x_wconf 86' lang='lat' dir='ltr'>heredibus.</span> 
     </span>
     <span class='ocr_line' id='line_1_13' title="bbox 60 1124 1828 1173; baseline 0.001 -10"><span class='ocrx_word' id='word_1_142' title='bbox 60 1131 160 1163; x_wconf 84' lang='lat' dir='ltr'>fuisse</span> <span class='ocrx_word' id='word_1_143' title='bbox 188 1132 298 1163; x_wconf 88' lang='lat' dir='ltr'>miror.</span> <span class='ocrx_word' id='word_1_144' title='bbox 328 1132 368 1163; x_wconf 87' lang='lat' dir='ltr'>cf.</span> <span class='ocrx_word' id='word_1_145' title='bbox 398 1133 503 1164; x_wconf 86' lang='lat' dir='ltr'>Kritz.</span> <span class='ocrx_word' id='word_1_146' title='bbox 539 1134 579 1164; x_wconf 83' lang='lat' dir='ltr'>ad</span> <span class='ocrx_word' id='word_1_147' title='bbox 609 1133 676 1164; x_wconf 86' lang='lat' dir='ltr'>Sal.</span> <span class='ocrx_word' id='word_1_148' title='bbox 706 1134 779 1173; x_wconf 75' lang='lat' dir='ltr'>Iug.</span> <span class='ocrx_word' id='word_1_149' title='bbox 818 1134 866 1169; x_wconf 81' lang='grc'>21,</span> <span class='ocrx_word' id='word_1_150' title='bbox 891 1134 919 1164; x_wconf 88' lang='grc'>2.</span> <span class='ocrx_word' id='word_1_151' title='bbox 1016 1125 1164 1156; x_wconf 66' lang='lat' dir='ltr'>Vendilat</span> <span class='ocrx_word' id='word_1_152' title='bbox 1194 1136 1226 1156; x_wconf 69' lang='lat'>⁰²</span> <span class='ocrx_word' id='word_1_153' title='bbox 1251 1126 1368 1157; x_wconf 68' lang='lat' dir='ltr'>venale</span> <span class='ocrx_word' id='word_1_154' title='bbox 1391 1126 1550 1167; x_wconf 63' lang='lat' dir='ltr'>PYOPOUit,</span> <span class='ocrx_word' id='word_1_155' title='bbox 1574 1124 1757 1165; x_wconf 63' lang='lat' dir='ltr'>proscribit·</span> <span class='ocrx_word' id='word_1_156' title='bbox 1780 1124 1828 1155; x_wconf 66' lang='lat' dir='ltr'>Si·</span> 
     </span>
    </p>
   </div>
   <div class='ocr_carea' id='block_1_5' title="bbox 60 1178 1831 1706">
    <p class='ocr_par' dir='ltr' id='par_1_6' title="bbox 60 1178 1828 1330">
     <span class='ocr_line' id='line_1_14' title="bbox 61 1178 1828 1226; baseline -0.005 -10"><span class='ocrx_word' id='word_1_157' title='bbox 61 1183 113 1216; x_wconf 89' lang='lat' dir='ltr'>Ob</span> <span class='ocrx_word' id='word_1_158' title='bbox 135 1185 339 1226; x_wconf 76' lang='lat' dir='ltr'>antiquitatis</span> <span class='ocrx_word' id='word_1_159' title='bbox 362 1185 506 1217; x_wconf 85' lang='lat' dir='ltr'>colorem</span> <span class='ocrx_word' id='word_1_160' title='bbox 527 1186 636 1226; x_wconf 78' lang='lat' dir='ltr'>posuit</span> <span class='ocrx_word' id='word_1_161' title='bbox 659 1185 773 1217; x_wconf 76' lang='lat' dir='ltr'>Cicero</span> <span class='ocrx_word' id='word_1_162' title='bbox 796 1186 830 1216; x_wconf 78' lang='lat' dir='ltr'>in</span> <span class='ocrx_word' id='word_1_163' title='bbox 851 1196 920 1216; x_wconf 71' lang='lat' dir='ltr'>ver.</span> <span class='ocrx_word' id='word_1_164' title='bbox 967 1180 1055 1211; x_wconf 84' lang='lat' dir='ltr'>milis</span> <span class='ocrx_word' id='word_1_165' title='bbox 1091 1185 1234 1221; x_wconf 82' lang='lat' dir='ltr'>potestas</span> <span class='ocrx_word' id='word_1_166' title='bbox 1264 1190 1294 1210; x_wconf 85' lang='lat' dir='ltr'>v.</span> <span class='ocrx_word' id='word_1_167' title='bbox 1326 1182 1467 1220; x_wconf 72' lang='lat' dir='ltr'>captare,</span> <span class='ocrx_word' id='word_1_168' title='bbox 1497 1179 1678 1216; x_wconf 72' lang='lat' dir='ltr'>adventare,</span> <span class='ocrx_word' id='word_1_169' title='bbox 1716 1178 1828 1208; x_wconf 76' lang='lat' dir='ltr'>dormi-</span> 
     </span>
     <span class='ocr_line' id='line_1_15' title="bbox 61 1233 1828 1279; baseline -0.003 -9"><span class='ocrx_word' id='word_1_170' title='bbox 61 1236 109 1267; x_wconf 86' lang='lat' dir='ltr'>biS</span> <span class='ocrx_word' id='word_1_171' title='bbox 132 1237 215 1277; x_wconf 82' lang='lat' dir='ltr'>legis</span> <span class='ocrx_word' id='word_1_172' title='bbox 237 1237 319 1277; x_wconf 80' lang='lat' dir='ltr'>Leg.</span> <span class='ocrx_word' id='word_1_173' title='bbox 343 1238 389 1268; x_wconf 93' lang='grc' dir='ltr'>ΙΙ.</span> <span class='ocrx_word' id='word_1_174' title='bbox 413 1239 440 1275; x_wconf 85' lang='grc'>8,</span> <span class='ocrx_word' id='word_1_175' title='bbox 474 1239 522 1269; x_wconf 89' lang='grc'>19.</span> <span class='ocrx_word' id='word_1_176' title='bbox 559 1238 702 1279; x_wconf 60' lang='lat' dir='ltr'>operibus</span> <span class='ocrx_word' id='word_1_177' title='bbox 717 1238 862 1279; x_wconf 71' lang='lat' dir='ltr'>patratis</span> <span class='ocrx_word' id='word_1_178' title='bbox 885 1249 917 1269; x_wconf 65' lang='grc' dir='ltr'>ος</span> <span class='ocrx_word' id='word_1_179' title='bbox 966 1236 1047 1271; x_wconf 72' lang='lat' dir='ltr'>tare,</span> <span class='ocrx_word' id='word_1_180' title='bbox 1078 1239 1114 1265; x_wconf 90' lang='lat' dir='ltr'>ut</span> <span class='ocrx_word' id='word_1_181' title='bbox 1143 1240 1230 1265; x_wconf 87' lang='lat' dir='ltr'>recte</span> <span class='ocrx_word' id='word_1_182' title='bbox 1259 1235 1411 1265; x_wconf 83' lang='lat' dir='ltr'>observat</span> <span class='ocrx_word' id='word_1_183' title='bbox 1442 1234 1604 1266; x_wconf 82' lang='lat' dir='ltr'>Corradus</span> <span class='ocrx_word' id='word_1_184' title='bbox 1635 1234 1669 1264; x_wconf 89' lang='lat' dir='ltr'>in</span> <span class='ocrx_word' id='word_1_185' title='bbox 1692 1233 1828 1272; x_wconf 82' lang='lat' dir='ltr'>Quaest.</span> 
     </span>
     <span class='ocr_line' id='line_1_16' title="bbox 60 1289 1377 1330; baseline 0 -10"><span class='ocrx_word' id='word_1_186' title='bbox 60 1289 219 1330; x_wconf 84' lang='lat' dir='ltr'>perfectis,</span> <span class='ocrx_word' id='word_1_187' title='bbox 243 1291 486 1322; x_wconf 85' lang='lat' dir='ltr'>consummatis.</span> <span class='ocrx_word' id='word_1_188' title='bbox 967 1300 997 1330; x_wconf 88' lang='lat' dir='ltr'>p.</span> <span class='ocrx_word' id='word_1_189' title='bbox 1021 1289 1081 1322; x_wconf 85' lang='lat'>376</span> <span class='ocrx_word' id='word_1_190' title='bbox 1105 1299 1152 1330; x_wconf 89' lang='lat' dir='ltr'>sq.</span> <span class='ocrx_word' id='word_1_191' title='bbox 1175 1290 1224 1320; x_wconf 83' lang='lat' dir='ltr'>ed.</span> <span class='ocrx_word' id='word_1_192' title='bbox 1248 1290 1377 1321; x_wconf 86' lang='lat' dir='ltr'>Ernest.</span> 
     </span>
    </p>

    <p class='ocr_par' dir='ltr' id='par_1_7' title="bbox 61 1343 1831 1706">
     <span class='ocr_line' id='line_1_17' title="bbox 102 1343 1830 1386; baseline -0.001 -10"><span class='ocrx_word' id='word_1_193' title='bbox 102 1344 285 1385; x_wconf 74' lang='lat' dir='ltr'>Aryilelam&#39;</span> <span class='ocrx_word' id='word_1_194' title='bbox 307 1345 456 1386; x_wconf 68' lang='lat' dir='ltr'>aedzjsicii.</span> <span class='ocrx_word' id='word_1_195' title='bbox 494 1346 687 1386; x_wconf 83' lang='lat' dir='ltr'>Argiletum</span> <span class='ocrx_word' id='word_1_196' title='bbox 720 1345 807 1386; x_wconf 83' lang='lat' dir='ltr'>(Att.</span> <span class='ocrx_word' id='word_1_197' title='bbox 837 1346 920 1378; x_wconf 80' lang='lat' dir='ltr'><strong>XII,</strong></span> <span class='ocrx_word' id='word_1_198' title='bbox 1010 1343 1173 1373; x_wconf 76' lang='lat' dir='ltr'>Hominem</span> <span class='ocrx_word' id='word_1_199' title='bbox 1204 1343 1274 1374; x_wconf 90' lang='lat' dir='ltr'>sine</span> <span class='ocrx_word' id='word_1_200' title='bbox 1308 1343 1377 1374; x_wconf 88' lang='lat' dir='ltr'>ullo</span> <span class='ocrx_word' id='word_1_201' title='bbox 1416 1348 1584 1374; x_wconf 83' lang='lat' dir='ltr'>contemtu</span> <span class='ocrx_word' id='word_1_202' title='bbox 1624 1343 1718 1384; x_wconf 82' lang='lat' dir='ltr'>ponit</span> <span class='ocrx_word' id='word_1_203' title='bbox 1758 1344 1830 1374; x_wconf 90' lang='lat' dir='ltr'>loco</span> 
     </span>
     <span class='ocr_line' id='line_1_18' title="bbox 61 1396 1829 1439; baseline -0.001 -11"><span class='ocrx_word' id='word_1_204' title='bbox 61 1397 110 1434; x_wconf 76' lang='lat'>32,</span> <span class='ocrx_word' id='word_1_205' title='bbox 133 1398 177 1437; x_wconf 78' lang='lat'>2),</span> <span class='ocrx_word' id='word_1_206' title='bbox 201 1403 269 1428; x_wconf 82' lang='lat' dir='ltr'>erat</span> <span class='ocrx_word' id='word_1_207' title='bbox 291 1408 364 1438; x_wconf 84' lang='lat' dir='ltr'>pars</span> <span class='ocrx_word' id='word_1_208' title='bbox 384 1398 474 1429; x_wconf 89' lang='lat' dir='ltr'>urbis</span> <span class='ocrx_word' id='word_1_209' title='bbox 497 1404 569 1439; x_wconf 87' lang='lat' dir='ltr'>post</span> <span class='ocrx_word' id='word_1_210' title='bbox 592 1399 753 1439; x_wconf 86' lang='lat' dir='ltr'>templum</span> <span class='ocrx_word' id='word_1_211' title='bbox 769 1399 864 1430; x_wconf 83' lang='lat' dir='ltr'>Pacis</span> <span class='ocrx_word' id='word_1_212' title='bbox 885 1400 918 1430; x_wconf 90' lang='lat' dir='ltr'>in</span> <span class='ocrx_word' id='word_1_213' title='bbox 968 1396 1172 1437; x_wconf 82' lang='lat' dir='ltr'>pronominis</span> <span class='ocrx_word' id='word_1_214' title='bbox 1194 1396 1293 1433; x_wconf 63' lang='lat' dir='ltr'>illam,</span> <span class='ocrx_word' id='word_1_215' title='bbox 1318 1401 1355 1427; x_wconf 88' lang='lat' dir='ltr'>ut</span> <span class='ocrx_word' id='word_1_216' title='bbox 1385 1397 1403 1436; x_wconf 67' lang='grc' dir='ltr'>ξ</span> <span class='ocrx_word' id='word_1_217' title='bbox 1433 1397 1452 1426; x_wconf 89' lang='grc'><strong>3</strong></span> <span class='ocrx_word' id='word_1_218' title='bbox 1481 1397 1520 1427; x_wconf 83' lang='grc'>(10</span> <span class='ocrx_word' id='word_1_219' title='bbox 1551 1396 1721 1436; x_wconf 87' lang='lat' dir='ltr'>Pompeio.</span> <span class='ocrx_word' id='word_1_220' title='bbox 1752 1396 1829 1427; x_wconf 78' lang='lat' dir='ltr'>vid.</span> 
     </span>
     <span class='ocr_line' id='line_1_19' title="bbox 61 1449 1830 1492; baseline -0.001 -11"><span class='ocrx_word' id='word_1_221' title='bbox 61 1449 147 1481; x_wconf 87' lang='lat' dir='ltr'>Foro</span> <span class='ocrx_word' id='word_1_222' title='bbox 169 1451 319 1482; x_wconf 84' lang='lat' dir='ltr'>Romano</span> <span class='ocrx_word' id='word_1_223' title='bbox 340 1461 444 1492; x_wconf 88' lang='lat' dir='ltr'>usque</span> <span class='ocrx_word' id='word_1_224' title='bbox 468 1453 508 1482; x_wconf 82' lang='lat' dir='ltr'>ad</span> <span class='ocrx_word' id='word_1_225' title='bbox 531 1452 696 1483; x_wconf 82' lang='lat' dir='ltr'>Suburam</span> <span class='ocrx_word' id='word_1_226' title='bbox 725 1452 796 1483; x_wconf 85' lang='lat' dir='ltr'>sita.</span> <span class='ocrx_word' id='word_1_227' title='bbox 841 1452 919 1483; x_wconf 81' lang='lat' dir='ltr'>Vid.</span> <span class='ocrx_word' id='word_1_228' title='bbox 968 1450 1161 1489; x_wconf 84' lang='lat' dir='ltr'>interpretes</span> <span class='ocrx_word' id='word_1_229' title='bbox 1184 1450 1271 1480; x_wconf 83' lang='lat' dir='ltr'>laud.</span> <span class='ocrx_word' id='word_1_230' title='bbox 1295 1460 1313 1480; x_wconf 86' lang='lat' dir='ltr'>a</span> <span class='ocrx_word' id='word_1_231' title='bbox 1335 1450 1465 1480; x_wconf 79' lang='lat' dir='ltr'>Kritzio</span> <span class='ocrx_word' id='word_1_232' title='bbox 1488 1451 1529 1480; x_wconf 83' lang='lat' dir='ltr'>ad</span> <span class='ocrx_word' id='word_1_233' title='bbox 1551 1450 1618 1481; x_wconf 86' lang='lat' dir='ltr'>Sal.</span> <span class='ocrx_word' id='word_1_234' title='bbox 1643 1450 1718 1489; x_wconf 82' lang='lat' dir='ltr'>Iug.</span> <span class='ocrx_word' id='word_1_235' title='bbox 1736 1449 1783 1486; x_wconf 78' lang='lat'>70,</span> <span class='ocrx_word' id='word_1_236' title='bbox 1802 1451 1830 1479; x_wconf 85' lang='lat'>5.</span> 
     </span>
     <span class='ocr_line' id='line_1_20' title="bbox 61 1502 1830 1545; baseline 0 -11"><span class='ocrx_word' id='word_1_237' title='bbox 61 1503 201 1534; x_wconf 81' lang='lat' dir='ltr'>Beckeri</span> <span class='ocrx_word' id='word_1_238' title='bbox 229 1504 347 1544; x_wconf 87' lang='lat' dir='ltr'>Autiq.</span> <span class='ocrx_word' id='word_1_239' title='bbox 374 1504 469 1535; x_wconf 85' lang='lat' dir='ltr'>Rom.</span> <span class='ocrx_word' id='word_1_240' title='bbox 499 1505 526 1535; x_wconf 93' lang='lat' dir='ltr'>I.</span> <span class='ocrx_word' id='word_1_241' title='bbox 556 1515 587 1545; x_wconf 89' lang='lat' dir='ltr'>p.</span> <span class='ocrx_word' id='word_1_242' title='bbox 617 1505 779 1535; x_wconf 84' lang='grc'><strong>253-261</strong></span> <span class='ocrx_word' id='word_1_243' title='bbox 816 1511 848 1536; x_wconf 78' lang='lat' dir='ltr'>et</span> <span class='ocrx_word' id='word_1_244' title='bbox 884 1506 918 1536; x_wconf 81' lang='lat' dir='ltr'>in</span> <span class='ocrx_word' id='word_1_245' title='bbox 1010 1502 1184 1533; x_wconf 68' lang='lat' dir='ltr'>Petiturire</span> <span class='ocrx_word' id='word_1_246' title='bbox 1212 1513 1246 1533; x_wconf 78' lang='lat' dir='ltr'>o:</span> <span class='ocrx_word' id='word_1_247' title='bbox 1278 1503 1397 1543; x_wconf 80' lang='lat' dir='ltr'>gestire</span> <span class='ocrx_word' id='word_1_248' title='bbox 1427 1513 1460 1534; x_wconf 89' lang='lat' dir='ltr'>se</span> <span class='ocrx_word' id='word_1_249' title='bbox 1490 1503 1702 1534; x_wconf 84' lang='lat' dir='ltr'>candidatum</span> <span class='ocrx_word' id='word_1_250' title='bbox 1737 1504 1830 1544; x_wconf 88' lang='lat' dir='ltr'>profi-</span> 
     </span>
     <span class='ocr_line' id='line_1_21' title="bbox 61 1555 1831 1601; baseline 0.002 -14"><span class='ocrx_word' id='word_1_251' title='bbox 61 1557 176 1588; x_wconf 85' lang='lat' dir='ltr'>libello</span> <span class='ocrx_word' id='word_1_252' title='bbox 204 1558 245 1589; x_wconf 88' lang='lat' dir='ltr'>de</span> <span class='ocrx_word' id='word_1_253' title='bbox 268 1562 394 1599; x_wconf 85' lang='lat' dir='ltr'>topogr.</span> <span class='ocrx_word' id='word_1_254' title='bbox 416 1559 506 1590; x_wconf 88' lang='lat' dir='ltr'>urbis</span> <span class='ocrx_word' id='word_1_255' title='bbox 529 1560 570 1590; x_wconf 85' lang='lat' dir='ltr'>ad</span> <span class='ocrx_word' id='word_1_256' title='bbox 591 1559 797 1590; x_wconf 83' lang='lat' dir='ltr'>Urlichsium</span> <span class='ocrx_word' id='word_1_257' title='bbox 827 1571 857 1601; x_wconf 87' lang='lat' dir='ltr'>p.</span> <span class='ocrx_word' id='word_1_258' title='bbox 882 1560 918 1592; x_wconf 84' lang='lat'>17</span> <span class='ocrx_word' id='word_1_259' title='bbox 970 1556 1041 1586; x_wconf 73' lang='lat' dir='ltr'>teri·</span> <span class='ocrx_word' id='word_1_260' title='bbox 1063 1555 1147 1586; x_wconf 68' lang='lat' dir='ltr'>Rem</span> <span class='ocrx_word' id='word_1_261' title='bbox 1169 1556 1341 1587; x_wconf 73' lang='lat' dir='ltr'>confirmat</span> <span class='ocrx_word' id='word_1_262' title='bbox 1356 1556 1448 1586; x_wconf 80' lang='lat' dir='ltr'>lOCUS</span> <span class='ocrx_word' id='word_1_263' title='bbox 1465 1565 1507 1586; x_wconf 77' lang='grc' dir='ltr'>ΘΧ</span> <span class='ocrx_word' id='word_1_264' title='bbox 1524 1555 1701 1596; x_wconf 51' lang='lat' dir='ltr'>(ip-1211·</span> <span class='ocrx_word' id='word_1_265' title='bbox 1730 1555 1831 1585; x_wconf 62' lang='lat' dir='ltr'>&#39;‘Luc‘-</span> 
     </span>
     <span class='ocr_line' id='line_1_22' title="bbox 62 1609 1830 1652; baseline 0 -12"><span class='ocrx_word' id='word_1_266' title='bbox 62 1618 150 1650; x_wconf 86' lang='lat' dir='ltr'>Seqq.</span> <span class='ocrx_word' id='word_1_267' title='bbox 193 1609 242 1642; x_wconf 85' lang='lat' dir='ltr'>De</span> <span class='ocrx_word' id='word_1_268' title='bbox 278 1611 423 1642; x_wconf 86' lang='lat' dir='ltr'>nominis</span> <span class='ocrx_word' id='word_1_269' title='bbox 460 1611 588 1652; x_wconf 79' lang='lat' dir='ltr'>origine</span> <span class='ocrx_word' id='word_1_270' title='bbox 618 1612 706 1642; x_wconf 83' lang='lat' dir='ltr'>varia</span> <span class='ocrx_word' id='word_1_271' title='bbox 736 1618 923 1644; x_wconf 75' lang='lat' dir='ltr'>commenta</span> <span class='ocrx_word' id='word_1_272' title='bbox 971 1610 1067 1640; x_wconf 69' lang='lat' dir='ltr'>ceiam</span> <span class='ocrx_word' id='word_1_273' title='bbox 1090 1610 1168 1640; x_wconf 62' lang='lat' dir='ltr'>scito</span> <span class='ocrx_word' id='word_1_274' title='bbox 1184 1611 1376 1641; x_wconf 44' lang='lat' dir='ltr'>emendatum</span> <span class='ocrx_word' id='word_1_275' title='bbox 1402 1610 1515 1641; x_wconf 71' lang='lat' dir='ltr'>hecbere</span> <span class='ocrx_word' id='word_1_276' title='bbox 1539 1611 1570 1640; x_wconf 67' lang='lat' dir='ltr'>lu</span> <span class='ocrx_word' id='word_1_277' title='bbox 1595 1610 1698 1640; x_wconf 63' lang='lat' dir='ltr'>(mimo</span> <span class='ocrx_word' id='word_1_278' title='bbox 1723 1610 1830 1640; x_wconf 63' lang='lat' dir='ltr'>statim</span> 
     </span>
     <span class='ocr_line' id='line_1_23' title="bbox 61 1662 1734 1706; baseline 0.001 -13"><span class='ocrx_word' id='word_1_279' title='bbox 61 1662 198 1703; x_wconf 86' lang='lat' dir='ltr'>protulit</span> <span class='ocrx_word' id='word_1_280' title='bbox 227 1662 361 1695; x_wconf 86' lang='lat' dir='ltr'>Servius</span> <span class='ocrx_word' id='word_1_281' title='bbox 385 1665 424 1694; x_wconf 81' lang='lat' dir='ltr'>ad</span> <span class='ocrx_word' id='word_1_282' title='bbox 455 1664 557 1705; x_wconf 83' lang='lat' dir='ltr'>Verg.</span> <span class='ocrx_word' id='word_1_283' title='bbox 586 1664 672 1696; x_wconf 90' lang='lat' dir='ltr'>Aen.</span> <span class='ocrx_word' id='word_1_284' title='bbox 710 1665 812 1696; x_wconf 89' lang='lat' dir='ltr'><strong>VIII.</strong></span> <span class='ocrx_word' id='word_1_285' title='bbox 849 1666 922 1703; x_wconf 74' lang='lat'><strong>345,</strong></span> <span class='ocrx_word' id='word_1_286' title='bbox 969 1666 1109 1705; x_wconf 69' lang='lat' dir='ltr'>petere‚”</span> <span class='ocrx_word' id='word_1_287' title='bbox 1125 1675 1223 1706; x_wconf 87' lang='lat' dir='ltr'>quem</span> <span class='ocrx_word' id='word_1_288' title='bbox 1246 1666 1273 1696; x_wconf 91' lang='lat' dir='ltr'>I.</span> <span class='ocrx_word' id='word_1_289' title='bbox 1297 1665 1334 1696; x_wconf 88' lang='lat' dir='ltr'>F.</span> <span class='ocrx_word' id='word_1_290' title='bbox 1357 1664 1544 1697; x_wconf 90' lang='lat' dir='ltr'>Gronovius</span> <span class='ocrx_word' id='word_1_291' title='bbox 1567 1664 1734 1696; x_wconf 79' lang='lat' dir='ltr'>indicavit.</span> 
     </span>
    </p>
   </div>
   <div class='ocr_carea' id='block_1_6' title="bbox 670 1781 1224 1838">
    <p class='ocr_par' dir='ltr' id='par_1_8' title="bbox 670 1781 1224 1838">
     <span class='ocr_line' id='line_1_24' title="bbox 670 1781 1224 1838; baseline 0.005 -16"><span class='ocrx_word' id='word_1_292' title='bbox 670 1781 768 1823; x_wconf 78' lang='lat' dir='ltr'>XV.</span> <span class='ocrx_word' id='word_1_293' title='bbox 836 1784 901 1837; x_wconf 80' lang='lat' dir='ltr'>(A.</span> <span class='ocrx_word' id='word_1_294' title='bbox 944 1784 988 1824; x_wconf 83' lang='lat' dir='ltr'>U.</span> <span class='ocrx_word' id='word_1_295' title='bbox 1028 1785 1068 1824; x_wconf 82' lang='lat' dir='ltr'>C.</span> <span class='ocrx_word' id='word_1_296' title='bbox 1106 1785 1224 1838; x_wconf 84' lang='lat'>693.)</span> 
     </span>
    </p>
   </div>
   <div class='ocr_carea' id='block_1_7' title="bbox 63 1907 1878 2619">
    <p class='ocr_par' dir='ltr' id='par_1_9' title="bbox 63 1907 1878 2619">
     <span class='ocr_line' id='line_1_25' title="bbox 128 1907 1827 1965; baseline 0.002 -18"><span class='ocrx_word' id='word_1_297' title='bbox 128 1908 167 1947; x_wconf 91' lang='lat'>1.</span> <span class='ocrx_word' id='word_1_298' title='bbox 213 1907 351 1948; x_wconf 82' lang='lat' dir='ltr'>Asiam</span> <span class='ocrx_word' id='word_1_299' title='bbox 385 1907 551 1959; x_wconf 77' lang='lat' dir='ltr'>Quinto,</span> <span class='ocrx_word' id='word_1_300' title='bbox 587 1907 822 1949; x_wconf 86' lang='lat' dir='ltr'>suavissimo</span> <span class='ocrx_word' id='word_1_301' title='bbox 866 1909 991 1961; x_wconf 81' lang='lat' dir='ltr'>fratri,</span> <span class='ocrx_word' id='word_1_302' title='bbox 1033 1910 1223 1965; x_wconf 80' lang='lat' dir='ltr'>obtigisse</span> <span class='ocrx_word' id='word_1_303' title='bbox 1269 1909 1439 1961; x_wconf 79' lang='lat' dir='ltr'>audisti;</span> <span class='ocrx_word' id='word_1_304' title='bbox 1484 1924 1564 1950; x_wconf 91' lang='lat' dir='ltr'>non</span> <span class='ocrx_word' id='word_1_305' title='bbox 1606 1910 1713 1950; x_wconf 87' lang='lat' dir='ltr'>enim</span> <span class='ocrx_word' id='word_1_306' title='bbox 1756 1909 1827 1950; x_wconf 86' lang='lat' dir='ltr'>‹lu-</span> 
     </span>
     <span class='ocr_line' id='line_1_26' title="bbox 66 1978 1827 2037; baseline 0.001 -17"><span class='ocrx_word' id='word_1_307' title='bbox 66 1978 164 2031; x_wconf 80' lang='lat' dir='ltr'>bito,</span> <span class='ocrx_word' id='word_1_308' title='bbox 200 1981 298 2034; x_wconf 86' lang='lat' dir='ltr'>quin</span> <span class='ocrx_word' id='word_1_309' title='bbox 331 1980 497 2021; x_wconf 86' lang='lat' dir='ltr'>celerius</span> <span class='ocrx_word' id='word_1_310' title='bbox 530 1980 607 2021; x_wconf 80' lang='lat' dir='ltr'>tibi</span> <span class='ocrx_word' id='word_1_311' title='bbox 640 1980 715 2022; x_wconf 89' lang='lat' dir='ltr'>hoc</span> <span class='ocrx_word' id='word_1_312' title='bbox 756 1997 890 2022; x_wconf 85' lang='lat' dir='ltr'>rumor</span> <span class='ocrx_word' id='word_1_313' title='bbox 934 1998 1053 2037; x_wconf 83' lang='lat' dir='ltr'>quam</span> <span class='ocrx_word' id='word_1_314' title='bbox 1094 1983 1217 2024; x_wconf 88' lang='grc'><strong>11111118</strong></span> <span class='ocrx_word' id='word_1_315' title='bbox 1262 1987 1443 2023; x_wconf 81' lang='lat' dir='ltr'>nostrum</span> <span class='ocrx_word' id='word_1_316' title='bbox 1486 1982 1622 2023; x_wconf 82' lang='lat' dir='ltr'>literae</span> <span class='ocrx_word' id='word_1_317' title='bbox 1667 1982 1827 2022; x_wconf 80' lang='lat' dir='ltr'>nuntia-</span> 
     </span>
     <span class='ocr_line' id='line_1_27' title="bbox 66 2051 1827 2110; baseline 0.002 -18"><span class='ocrx_word' id='word_1_318' title='bbox 66 2051 160 2092; x_wconf 82' lang='lat' dir='ltr'>rint.</span> <span class='ocrx_word' id='word_1_319' title='bbox 195 2053 330 2103; x_wconf 85' lang='lat' dir='ltr'>Nunc,</span> <span class='ocrx_word' id='word_1_320' title='bbox 366 2053 555 2107; x_wconf 82' lang='lat' dir='ltr'>quoniam</span> <span class='ocrx_word' id='word_1_321' title='bbox 588 2057 628 2093; x_wconf 85' lang='lat' dir='ltr'>et</span> <span class='ocrx_word' id='word_1_322' title='bbox 659 2053 790 2094; x_wconf 83' lang='lat' dir='ltr'>laudis</span> <span class='ocrx_word' id='word_1_323' title='bbox 825 2054 1046 2095; x_wconf 75' lang='lat' dir='ltr'>avidissimi</span> <span class='ocrx_word' id='word_1_324' title='bbox 1081 2070 1233 2110; x_wconf 82' lang='lat' dir='ltr'>semper</span> <span class='ocrx_word' id='word_1_325' title='bbox 1268 2055 1417 2095; x_wconf 82' lang='lat' dir='ltr'>fuimus</span> <span class='ocrx_word' id='word_1_326' title='bbox 1438 2060 1478 2095; x_wconf 86' lang='grc'>013</span> <span class='ocrx_word' id='word_1_327' title='bbox 1501 2060 1655 2109; x_wconf 76' lang='lat' dir='ltr'>praeter</span> <span class='ocrx_word' id='word_1_328' title='bbox 1677 2060 1827 2095; x_wconf 80' lang='lat' dir='ltr'>ceteros</span> 
     </span>
     <span class='ocr_line' id='line_1_28' title="bbox 66 2121 1874 2182; baseline 0.002 -17"><span class='ocrx_word' id='word_1_329' title='bbox 66 2121 346 2178; x_wconf 65' lang='grc' dir='ltr'><em>φιλέλληνες</em></span> <span class='ocrx_word' id='word_1_330' title='bbox 380 2131 419 2167; x_wconf 89' lang='grc'>013</span> <span class='ocrx_word' id='word_1_331' title='bbox 453 2141 589 2166; x_wconf 87' lang='lat' dir='ltr'>sumus</span> <span class='ocrx_word' id='word_1_332' title='bbox 622 2130 662 2166; x_wconf 85' lang='lat' dir='ltr'>et</span> <span class='ocrx_word' id='word_1_333' title='bbox 694 2125 888 2167; x_wconf 76' lang='lat' dir='ltr'>habemur</span> <span class='ocrx_word' id='word_1_334' title='bbox 921 2132 961 2168; x_wconf 78' lang='lat' dir='ltr'>et</span> <span class='ocrx_word' id='word_1_335' title='bbox 993 2128 1211 2169; x_wconf 84' lang='lat' dir='ltr'>multorum</span> <span class='ocrx_word' id='word_1_336' title='bbox 1246 2128 1336 2168; x_wconf 88' lang='lat' dir='ltr'>odia</span> <span class='ocrx_word' id='word_1_337' title='bbox 1370 2133 1488 2182; x_wconf 79' lang='lat' dir='ltr'>atque</span> <span class='ocrx_word' id='word_1_338' title='bbox 1514 2128 1746 2168; x_wconf 75' lang='lat' dir='ltr'>inimicitias</span> <span class='ocrx_word' id='word_1_339' title='bbox 1771 2128 1827 2169; x_wconf 89' lang='lat' dir='ltr'>rei</span> <span class='ocrx_word' id='word_1_340' title='bbox 1861 2146 1874 2169; x_wconf 86' lang='lat'>5</span> 
     </span>
     <span class='ocr_line' id='line_1_29' title="bbox 65 2197 1827 2258; baseline 0.002 -20"><span class='ocrx_word' id='word_1_341' title='bbox 65 2197 247 2252; x_wconf 84' lang='lat' dir='ltr'>publicae</span> <span class='ocrx_word' id='word_1_342' title='bbox 281 2214 400 2240; x_wconf 86' lang='lat' dir='ltr'>causa</span> <span class='ocrx_word' id='word_1_343' title='bbox 433 2199 693 2253; x_wconf 86' lang='lat' dir='ltr'>suscepimus,</span> <span class='ocrx_word' id='word_1_344' title='bbox 739 2199 978 2252; x_wconf 75' lang='grc' dir='ltr'>παντοίης</span> <span class='ocrx_word' id='word_1_345' title='bbox 1019 2198 1192 2258; x_wconf 67' lang='grc' dir='ltr'><em>ἀρετῆς</em></span> <span class='ocrx_word' id='word_1_346' title='bbox 1230 2199 1527 2257; x_wconf 68' lang='grc' dir='ltr'>μιμνήσκεο,</span> <span class='ocrx_word' id='word_1_347' title='bbox 1573 2216 1745 2255; x_wconf 83' lang='lat' dir='ltr'>curaque</span> <span class='ocrx_word' id='word_1_348' title='bbox 1787 2207 1827 2242; x_wconf 89' lang='lat' dir='ltr'>et</span> 
     </span>
     <span class='ocr_line' id='line_1_30' title="bbox 70 2271 1826 2328; baseline 0.002 -18"><span class='ocrx_word' id='word_1_349' title='bbox 70 2271 193 2320; x_wconf 82' lang='lat' dir='ltr'>effice,</span> <span class='ocrx_word' id='word_1_350' title='bbox 227 2275 273 2311; x_wconf 79' lang='lat' dir='ltr'>ut·</span> <span class='ocrx_word' id='word_1_351' title='bbox 307 2271 355 2311; x_wconf 83' lang='lat' dir='ltr'>ab</span> <span class='ocrx_word' id='word_1_352' title='bbox 390 2271 575 2312; x_wconf 88' lang='lat' dir='ltr'>omnibus</span> <span class='ocrx_word' id='word_1_353' title='bbox 609 2275 649 2311; x_wconf 78' lang='lat' dir='ltr'>et</span> <span class='ocrx_word' id='word_1_354' title='bbox 680 2271 890 2312; x_wconf 87' lang='lat' dir='ltr'>laudemur</span> <span class='ocrx_word' id='word_1_355' title='bbox 923 2277 963 2313; x_wconf 81' lang='lat' dir='ltr'>et</span> <span class='ocrx_word' id='word_1_356' title='bbox 997 2288 1189 2313; x_wconf 83' lang='lat' dir='ltr'>amemur.</span> <span class='ocrx_word' id='word_1_357' title='bbox 1237 2277 1276 2314; x_wconf 79' lang='grc'>2.</span> <span class='ocrx_word' id='word_1_358' title='bbox 1313 2273 1389 2313; x_wconf 85' lang='grc' dir='ltr'>Η18</span> <span class='ocrx_word' id='word_1_359' title='bbox 1423 2273 1471 2313; x_wconf 83' lang='grc'>(10</span> <span class='ocrx_word' id='word_1_360' title='bbox 1495 2273 1614 2314; x_wconf 82' lang='lat' dir='ltr'>rebus</span> <span class='ocrx_word' id='word_1_361' title='bbox 1638 2273 1753 2328; x_wconf 82' lang='lat' dir='ltr'>plura</span> <span class='ocrx_word' id='word_1_362' title='bbox 1778 2274 1826 2314; x_wconf 77' lang='lat' dir='ltr'>ad</span> 
     </span>
     <span class='ocr_line' id='line_1_31' title="bbox 70 2342 1827 2399; baseline 0.002 -16"><span class='ocrx_word' id='word_1_363' title='bbox 70 2347 107 2382; x_wconf 78' lang='lat' dir='ltr'>te</span> <span class='ocrx_word' id='word_1_364' title='bbox 141 2343 182 2383; x_wconf 89' lang='lat' dir='ltr'>in</span> <span class='ocrx_word' id='word_1_365' title='bbox 217 2358 262 2384; x_wconf 81' lang='lat' dir='ltr'>ea</span> <span class='ocrx_word' id='word_1_366' title='bbox 294 2344 461 2398; x_wconf 46' lang='lat' dir='ltr'>epistola</span> <span class='ocrx_word' id='word_1_367' title='bbox 495 2342 678 2393; x_wconf 83' lang='lat' dir='ltr'>scribam,</span> <span class='ocrx_word' id='word_1_368' title='bbox 713 2358 832 2398; x_wconf 81' lang='lat' dir='ltr'>quani</span> <span class='ocrx_word' id='word_1_369' title='bbox 865 2344 941 2399; x_wconf 89' lang='lat' dir='ltr'>ipsi</span> <span class='ocrx_word' id='word_1_370' title='bbox 975 2345 1129 2396; x_wconf 76' lang='lat' dir='ltr'>Quinto</span> <span class='ocrx_word' id='word_1_371' title='bbox 1164 2345 1281 2385; x_wconf 81' lang='lat' dir='ltr'>dabo.</span> <span class='ocrx_word' id='word_1_372' title='bbox 1326 2346 1387 2385; x_wconf 88' lang='lat' dir='ltr'>Tu</span> <span class='ocrx_word' id='word_1_373' title='bbox 1421 2361 1482 2385; x_wconf 85' lang='lat' dir='ltr'>me</span> <span class='ocrx_word' id='word_1_374' title='bbox 1528 2345 1645 2386; x_wconf 85' lang='lat' dir='ltr'>velim</span> <span class='ocrx_word' id='word_1_375' title='bbox 1688 2346 1827 2387; x_wconf 82' lang='lat' dir='ltr'>certio-</span> 
     </span>
     <span class='ocr_line' id='line_1_32' title="bbox 67 2416 1829 2474; baseline 0.001 -17"><span class='ocrx_word' id='word_1_376' title='bbox 67 2431 149 2457; x_wconf 83' lang='lat' dir='ltr'>rem</span> <span class='ocrx_word' id='word_1_377' title='bbox 182 2416 316 2467; x_wconf 80' lang='lat' dir='ltr'>facias,</span> <span class='ocrx_word' id='word_1_378' title='bbox 352 2417 448 2471; x_wconf 87' lang='lat' dir='ltr'>quid</span> <span class='ocrx_word' id='word_1_379' title='bbox 483 2418 530 2457; x_wconf 90' lang='lat' dir='ltr'>de</span> <span class='ocrx_word' id='word_1_380' title='bbox 563 2417 660 2457; x_wconf 88' lang='lat' dir='ltr'>meis</span> <span class='ocrx_word' id='word_1_381' title='bbox 694 2417 893 2458; x_wconf 84' lang='lat' dir='ltr'>mandatis</span> <span class='ocrx_word' id='word_1_382' title='bbox 927 2419 1066 2474; x_wconf 80' lang='lat' dir='ltr'>egeris,</span> <span class='ocrx_word' id='word_1_383' title='bbox 1103 2423 1222 2472; x_wconf 83' lang='lat' dir='ltr'>atque</span> <span class='ocrx_word' id='word_1_384' title='bbox 1256 2419 1391 2468; x_wconf 78' lang='lat' dir='ltr'>etiam,</span> <span class='ocrx_word' id='word_1_385' title='bbox 1435 2419 1532 2473; x_wconf 86' lang='lat' dir='ltr'>quid</span> <span class='ocrx_word' id='word_1_386' title='bbox 1567 2418 1615 2459; x_wconf 91' lang='lat' dir='ltr'>de</span> <span class='ocrx_word' id='word_1_387' title='bbox 1648 2424 1719 2460; x_wconf 81' lang='lat' dir='ltr'>tuo</span> <span class='ocrx_word' id='word_1_388' title='bbox 1762 2435 1829 2460; x_wconf 88' lang='lat' dir='ltr'>ne-</span> 
     </span>
     <span class='ocr_line' id='line_1_33' title="bbox 65 2490 1878 2545; baseline 0.002 -15"><span class='ocrx_word' id='word_1_389' title='bbox 65 2490 187 2544; x_wconf 78' lang='lat' dir='ltr'>gotio.</span> <span class='ocrx_word' id='word_1_390' title='bbox 222 2490 341 2540; x_wconf 83' lang='lat' dir='ltr'>Nam,</span> <span class='ocrx_word' id='word_1_391' title='bbox 386 2495 431 2531; x_wconf 84' lang='lat' dir='ltr'>ut</span> <span class='ocrx_word' id='word_1_392' title='bbox 463 2490 678 2531; x_wconf 85' lang='lat' dir='ltr'>Brundisio</span> <span class='ocrx_word' id='word_1_393' title='bbox 712 2490 912 2545; x_wconf 80' lang='lat' dir='ltr'>profectus</span> <span class='ocrx_word' id='word_1_394' title='bbox 947 2507 1000 2543; x_wconf 85' lang='lat' dir='ltr'>es,</span> <span class='ocrx_word' id='word_1_395' title='bbox 1045 2491 1178 2533; x_wconf 84' lang='lat' dir='ltr'>nullae</span> <span class='ocrx_word' id='word_1_396' title='bbox 1214 2492 1313 2532; x_wconf 79' lang='lat' dir='ltr'>milii</span> <span class='ocrx_word' id='word_1_397' title='bbox 1346 2491 1416 2532; x_wconf 78' lang='lat' dir='ltr'>abs</span> <span class='ocrx_word' id='word_1_398' title='bbox 1449 2497 1488 2532; x_wconf 80' lang='lat' dir='ltr'>te</span> <span class='ocrx_word' id='word_1_399' title='bbox 1523 2497 1618 2533; x_wconf 83' lang='lat' dir='ltr'>sunt</span> <span class='ocrx_word' id='word_1_400' title='bbox 1650 2492 1828 2534; x_wconf 74' lang='lat' dir='ltr'>redditae</span> <span class='ocrx_word' id='word_1_401' title='bbox 1844 2508 1878 2533; x_wconf 88' lang='lat'>10</span> 
     </span>
     <span class='ocr_line' id='line_1_34' title="bbox 63 2562 1274 2619; baseline 0.002 -16"><span class='ocrx_word' id='word_1_402' title='bbox 63 2562 213 2605; x_wconf 80' lang='lat' dir='ltr'>literae.</span> <span class='ocrx_word' id='word_1_403' title='bbox 248 2564 374 2605; x_wconf 82' lang='lat' dir='ltr'>Valde</span> <span class='ocrx_word' id='word_1_404' title='bbox 408 2579 503 2605; x_wconf 87' lang='lat' dir='ltr'>aveo</span> <span class='ocrx_word' id='word_1_405' title='bbox 538 2564 650 2614; x_wconf 83' lang='lat' dir='ltr'>scire,</span> <span class='ocrx_word' id='word_1_406' title='bbox 685 2564 783 2619; x_wconf 87' lang='lat' dir='ltr'>quid</span> <span class='ocrx_word' id='word_1_407' title='bbox 817 2580 923 2618; x_wconf 81' lang='lat' dir='ltr'>agas.</span> <span class='ocrx_word' id='word_1_408' title='bbox 959 2565 1066 2606; x_wconf 89' lang='lat' dir='ltr'>Idib.</span> <span class='ocrx_word' id='word_1_409' title='bbox 1102 2565 1274 2606; x_wconf 81' lang='lat' dir='ltr'>Martiis.</span> 
     </span>
    </p>
   </div>
   <div class='ocr_carea' id='block_1_8' title="bbox 60 2760 1831 3017">
    <p class='ocr_par' dir='ltr' id='par_1_10' title="bbox 60 2760 1831 3017">
     <span class='ocr_line' id='line_1_35' title="bbox 106 2760 1827 2806; baseline 0.003 -16"><span class='ocrx_word' id='word_1_410' title='bbox 106 2761 123 2800; x_wconf 63' lang='grc' dir='ltr'>ξ</span> <span class='ocrx_word' id='word_1_411' title='bbox 148 2761 175 2791; x_wconf 91' lang='grc'>1.</span> <span class='ocrx_word' id='word_1_412' title='bbox 204 2760 312 2791; x_wconf 68' lang='lat' dir='ltr'>Asiam</span> <span class='ocrx_word' id='word_1_413' title='bbox 338 2761 453 2802; x_wconf 62' lang='lat' dir='ltr'>Quinto</span> <span class='ocrx_word' id='word_1_414' title='bbox 475 2780 516 2785; x_wconf 89' lang='lat'>—-</span> <span class='ocrx_word' id='word_1_415' title='bbox 537 2761 684 2803; x_wconf 67' lang='lat' dir='ltr'>obtiyz&#39;sse</span> <span class='ocrx_word' id='word_1_416' title='bbox 712 2761 840 2792; x_wconf 69' lang='lat' dir='ltr'>andislt&#39;.</span> <span class='ocrx_word' id='word_1_417' title='bbox 877 2763 917 2793; x_wconf 90' lang='lat' dir='ltr'>In</span> <span class='ocrx_word' id='word_1_418' title='bbox 942 2769 943 2789; x_wconf 73' lang='grc'>1</span> <span class='ocrx_word' id='word_1_419' title='bbox 969 2765 1039 2795; x_wconf 77' lang='grc'><strong>268.</strong></span> <span class='ocrx_word' id='word_1_420' title='bbox 1080 2764 1239 2806; x_wconf 78' lang='lat' dir='ltr'>Sperabat</span> <span class='ocrx_word' id='word_1_421' title='bbox 1276 2765 1401 2803; x_wconf 81' lang='lat' dir='ltr'>Cicero,</span> <span class='ocrx_word' id='word_1_422' title='bbox 1440 2765 1508 2796; x_wconf 82' lang='lat' dir='ltr'>sore</span> <span class='ocrx_word' id='word_1_423' title='bbox 1549 2770 1585 2796; x_wconf 81' lang='lat' dir='ltr'>ut</span> <span class='ocrx_word' id='word_1_424' title='bbox 1625 2765 1758 2796; x_wconf 81' lang='lat' dir='ltr'>Atticus</span> <span class='ocrx_word' id='word_1_425' title='bbox 1795 2765 1827 2796; x_wconf 87' lang='lat' dir='ltr'>iu</span> 
     </span>
     <span class='ocr_line' id='line_1_36' title="bbox 65 2813 1826 2859; baseline 0.002 -15"><span class='ocrx_word' id='word_1_426' title='bbox 65 2814 235 2845; x_wconf 84' lang='lat' dir='ltr'>sortitione</span> <span class='ocrx_word' id='word_1_427' title='bbox 258 2815 500 2854; x_wconf 80' lang='lat' dir='ltr'>provinciarum</span> <span class='ocrx_word' id='word_1_428' title='bbox 524 2816 609 2846; x_wconf 84' lang='lat' dir='ltr'>inter</span> <span class='ocrx_word' id='word_1_429' title='bbox 632 2820 795 2856; x_wconf 83' lang='lat' dir='ltr'>praetores</span> <span class='ocrx_word' id='word_1_430' title='bbox 824 2816 917 2846; x_wconf 81' lang='lat' dir='ltr'>facta.</span> <span class='ocrx_word' id='word_1_431' title='bbox 942 2813 944 2825; x_wconf 80' lang='lat'><em>&#39;</em></span> <span class='ocrx_word' id='word_1_432' title='bbox 968 2819 1084 2849; x_wconf 76' lang='lat' dir='ltr'>Asiam</span> <span class='ocrx_word' id='word_1_433' title='bbox 1107 2829 1182 2849; x_wconf 83' lang='lat' dir='ltr'>cuni</span> <span class='ocrx_word' id='word_1_434' title='bbox 1205 2818 1332 2856; x_wconf 82' lang='lat' dir='ltr'>Quinto</span> <span class='ocrx_word' id='word_1_435' title='bbox 1354 2819 1425 2850; x_wconf 86' lang='lat' dir='ltr'>iret.</span> <span class='ocrx_word' id='word_1_436' title='bbox 1461 2820 1520 2859; x_wconf 87' lang='lat' dir='ltr'>Ep.</span> <span class='ocrx_word' id='word_1_437' title='bbox 1544 2828 1609 2858; x_wconf 88' lang='grc'><strong>800.</strong></span> <span class='ocrx_word' id='word_1_438' title='bbox 1644 2819 1692 2848; x_wconf 73' lang='grc'><strong>1-1.</strong></span> <span class='ocrx_word' id='word_1_439' title='bbox 1728 2818 1826 2849; x_wconf 80' lang='lat' dir='ltr'>Corn.</span> 
     </span>
     <span class='ocr_line' id='line_1_37' title="bbox 63 2866 1827 2911; baseline -0.002 -15"><span class='ocrx_word' id='word_1_440' title='bbox 63 2866 203 2897; x_wconf 81' lang='lat' dir='ltr'>Senatus</span> <span class='ocrx_word' id='word_1_441' title='bbox 225 2867 327 2907; x_wconf 67' lang='lat' dir='ltr'>igitur</span> <span class='ocrx_word' id='word_1_442' title='bbox 349 2878 365 2897; x_wconf 86' lang='lat' dir='ltr'>a</span> <span class='ocrx_word' id='word_1_443' title='bbox 381 2868 544 2908; x_wconf 87' lang='lat' dir='ltr'>superiore</span> <span class='ocrx_word' id='word_1_444' title='bbox 560 2868 721 2898; x_wconf 81' lang='lat' dir='ltr'>sententia</span> <span class='ocrx_word' id='word_1_445' title='bbox 739 2868 802 2908; x_wconf 78' lang='lat' dir='ltr'>(ep.</span> <span class='ocrx_word' id='word_1_446' title='bbox 820 2869 867 2904; x_wconf 65' lang='lat'>14,</span> <span class='ocrx_word' id='word_1_447' title='bbox 885 2870 917 2907; x_wconf 83' lang='lat'>5)</span> <span class='ocrx_word' id='word_1_448' title='bbox 942 2866 944 2883; x_wconf 76' lang='lat'><em>³</em></span> <span class='ocrx_word' id='word_1_449' title='bbox 967 2872 1077 2911; x_wconf 82' lang='lat' dir='ltr'>Nepos</span> <span class='ocrx_word' id='word_1_450' title='bbox 1100 2871 1134 2901; x_wconf 86' lang='lat' dir='ltr'>in</span> <span class='ocrx_word' id='word_1_451' title='bbox 1157 2871 1228 2901; x_wconf 78' lang='lat' dir='ltr'>Att.</span> <span class='ocrx_word' id='word_1_452' title='bbox 1252 2871 1280 2901; x_wconf 79' lang='lat'>6.</span> <span class='ocrx_word' id='word_1_453' title='bbox 1325 2871 1390 2902; x_wconf 89' lang='lat' dir='ltr'>Sed</span> <span class='ocrx_word' id='word_1_454' title='bbox 1420 2871 1547 2902; x_wconf 80' lang='lat' dir='ltr'>etiamsi</span> <span class='ocrx_word' id='word_1_455' title='bbox 1577 2881 1643 2900; x_wconf 76' lang='lat' dir='ltr'>non</span> <span class='ocrx_word' id='word_1_456' title='bbox 1675 2871 1744 2906; x_wconf 77' lang='lat' dir='ltr'>iret,</span> <span class='ocrx_word' id='word_1_457' title='bbox 1770 2871 1827 2901; x_wconf 59' lang='lat' dir='ltr'>At-</span> 
     </span>
     <span class='ocr_line' id='line_1_38' title="bbox 62 2922 1828 2965; baseline -0.001 -11"><span class='ocrx_word' id='word_1_458' title='bbox 62 2927 245 2957; x_wconf 74' lang='lat' dir='ltr'>reeessel·at,</span> <span class='ocrx_word' id='word_1_459' title='bbox 270 2932 336 2951; x_wconf 80' lang='lat'><strong>11011</strong></span> <span class='ocrx_word' id='word_1_460' title='bbox 360 2922 579 2952; x_wconf 76' lang='lat' dir='ltr'>inconstantia</span> <span class='ocrx_word' id='word_1_461' title='bbox 602 2923 751 2962; x_wconf 75' lang='lat' dir='ltr'>quadam,</span> <span class='ocrx_word' id='word_1_462' title='bbox 770 2923 826 2952; x_wconf 77' lang='lat' dir='ltr'>sed</span> <span class='ocrx_word' id='word_1_463' title='bbox 841 2928 918 2952; x_wconf 81' lang='lat' dir='ltr'>tem·</span> <span class='ocrx_word' id='word_1_464' title='bbox 970 2925 1052 2956; x_wconf 80' lang='lat' dir='ltr'>ticus</span> <span class='ocrx_word' id='word_1_465' title='bbox 1076 2931 1185 2955; x_wconf 81' lang='lat' dir='ltr'>tamen</span> <span class='ocrx_word' id='word_1_466' title='bbox 1210 2925 1376 2955; x_wconf 84' lang='lat' dir='ltr'>mouendo</span> <span class='ocrx_word' id='word_1_467' title='bbox 1399 2930 1431 2955; x_wconf 88' lang='lat' dir='ltr'>et</span> <span class='ocrx_word' id='word_1_468' title='bbox 1453 2924 1681 2965; x_wconf 79' lang='lat' dir='ltr'>praecipiendo</span> <span class='ocrx_word' id='word_1_469' title='bbox 1701 2930 1828 2964; x_wconf 75' lang='lat' dir='ltr'>poterat</span> 
     </span>
     <span class='ocr_line' id='line_1_39' title="bbox 60 2972 1831 3017; baseline 0.002 -15"><span class='ocrx_word' id='word_1_470' title='bbox 60 2972 192 3012; x_wconf 87' lang='lat' dir='ltr'>poribus</span> <span class='ocrx_word' id='word_1_471' title='bbox 207 2974 324 3004; x_wconf 84' lang='lat' dir='ltr'>cedens</span> <span class='ocrx_word' id='word_1_472' title='bbox 341 2973 469 3013; x_wconf 81' lang='lat' dir='ltr'>aliaque</span> <span class='ocrx_word' id='word_1_473' title='bbox 485 2973 609 3005; x_wconf 80' lang='lat' dir='ltr'>ratione</span> <span class='ocrx_word' id='word_1_474' title='bbox 625 2973 778 3004; x_wconf 82' lang='lat' dir='ltr'>Clodium</span> <span class='ocrx_word' id='word_1_475' title='bbox 793 2973 919 3004; x_wconf 85' lang='lat' dir='ltr'>facilius</span> <span class='ocrx_word' id='word_1_476' title='bbox 942 2981 944 3017; x_wconf 68' lang='grc'>,]</span> <span class='ocrx_word' id='word_1_477' title='bbox 969 2978 1104 3014; x_wconf 69' lang='lat' dir='ltr'>efficere,</span> <span class='ocrx_word' id='word_1_478' title='bbox 1127 2982 1164 3008; x_wconf 83' lang='lat' dir='ltr'>ut</span> <span class='ocrx_word' id='word_1_479' title='bbox 1186 2976 1354 3017; x_wconf 81' lang='lat' dir='ltr'>provincia</span> <span class='ocrx_word' id='word_1_480' title='bbox 1376 2976 1503 3015; x_wconf 79' lang='lat' dir='ltr'>Quinto</span> <span class='ocrx_word' id='word_1_481' title='bbox 1537 2982 1568 3006; x_wconf 81' lang='lat' dir='ltr'>et</span> <span class='ocrx_word' id='word_1_482' title='bbox 1596 2982 1726 3016; x_wconf 79' lang='lat' dir='ltr'>propter</span> <span class='ocrx_word' id='word_1_483' title='bbox 1755 2986 1831 3007; x_wconf 82' lang='lat' dir='ltr'>eum</span> 
     </span>
    </p>
   </div>
   <div class='ocr_carea' id='block_1_9' title="bbox 61 3027 1831 3176">
    <p class='ocr_par' dir='ltr' id='par_1_11' title="bbox 61 3023 1831 3176">
     <span class='ocr_line' id='line_1_40' title="bbox 61 3027 1831 3081; baseline 0.002 -24"><span class='ocrx_word' id='word_1_484' title='bbox 61 3027 250 3057; x_wconf 82' lang='lat' dir='ltr'>damnatum</span> <span class='ocrx_word' id='word_1_485' title='bbox 274 3027 313 3057; x_wconf 89' lang='lat' dir='ltr'>iri</span> <span class='ocrx_word' id='word_1_486' title='bbox 337 3029 482 3059; x_wconf 87' lang='lat' dir='ltr'>credens.</span> <span class='ocrx_word' id='word_1_487' title='bbox 942 3031 944 3081; x_wconf 48' lang='grc' dir='ltr'><strong><em>ἶ</em></strong></span> <span class='ocrx_word' id='word_1_488' title='bbox 969 3033 1081 3063; x_wconf 85' lang='lat' dir='ltr'>Marco</span> <span class='ocrx_word' id='word_1_489' title='bbox 1120 3041 1250 3073; x_wconf 84' lang='lat' dir='ltr'>quoque</span> <span class='ocrx_word' id='word_1_490' title='bbox 1280 3032 1411 3063; x_wconf 78' lang='lat' dir='ltr'>laudern</span> <span class='ocrx_word' id='word_1_491' title='bbox 1440 3031 1567 3062; x_wconf 81' lang='lat' dir='ltr'>afferret</span> <span class='ocrx_word' id='word_1_492' title='bbox 1598 3036 1629 3062; x_wconf 86' lang='lat' dir='ltr'>et</span> <span class='ocrx_word' id='word_1_493' title='bbox 1658 3031 1831 3062; x_wconf 86' lang='lat' dir='ltr'>hominum</span> 
     </span>
     <span class='ocr_line' id='line_1_41' title="bbox 100 3080 1123 3136; baseline 0.003 -27"><span class='ocrx_word' id='word_1_494' title='bbox 100 3080 170 3110; x_wconf 70' lang='lat' dir='ltr'>Non</span> <span class='ocrx_word' id='word_1_495' title='bbox 193 3081 271 3110; x_wconf 75' lang='lat' dir='ltr'>euim</span> <span class='ocrx_word' id='word_1_496' title='bbox 295 3081 400 3111; x_wconf 71' lang='lat' dir='ltr'>dubilo</span> <span class='ocrx_word' id='word_1_497' title='bbox 423 3088 483 3112; x_wconf 89' lang='lat' dir='ltr'>cet.</span> <span class='ocrx_word' id='word_1_498' title='bbox 515 3082 630 3113; x_wconf 86' lang='lat' dir='ltr'>Simile</span> <span class='ocrx_word' id='word_1_499' title='bbox 652 3081 718 3113; x_wconf 88' lang='lat' dir='ltr'>fere</span> <span class='ocrx_word' id='word_1_500' title='bbox 748 3086 796 3113; x_wconf 85' lang='lat' dir='ltr'>est</span> <span class='ocrx_word' id='word_1_501' title='bbox 826 3090 918 3111; x_wconf 80' lang='lat' dir='ltr'>exor-</span> <span class='ocrx_word' id='word_1_502' title='bbox 942 3110 944 3136; x_wconf 33' lang='grc' dir='ltr'>ι</span> <span class='ocrx_word' id='word_1_503' title='bbox 969 3096 1123 3117; x_wconf 69' lang='lat' dir='ltr'>amorem,</span> 
     </span>
     <span class='ocr_line' id='line_1_42' title="bbox 64 3133 1829 3176; baseline 0.003 -12"><span class='ocrx_word' id='word_1_504' title='bbox 64 3133 154 3164; x_wconf 84' lang='lat' dir='ltr'>dium</span> <span class='ocrx_word' id='word_1_505' title='bbox 178 3133 270 3175; x_wconf 86' lang='lat' dir='ltr'>epist.</span> <span class='ocrx_word' id='word_1_506' title='bbox 292 3134 320 3165; x_wconf 95' lang='grc' dir='ltr'>Ι.</span> <span class='ocrx_word' id='word_1_507' title='bbox 344 3135 359 3165; x_wconf 91' lang='grc'>1</span> <span class='ocrx_word' id='word_1_508' title='bbox 384 3135 424 3166; x_wconf 80' lang='lat' dir='ltr'>ad</span> <span class='ocrx_word' id='word_1_509' title='bbox 446 3134 488 3173; x_wconf 80' lang='lat' dir='ltr'>Q.</span> <span class='ocrx_word' id='word_1_510' title='bbox 511 3135 549 3165; x_wconf 86' lang='lat' dir='ltr'>fr.</span> <span class='ocrx_word' id='word_1_511' title='bbox 942 3138 944 3163; x_wconf 89' lang='lat'>!</span> <span class='ocrx_word' id='word_1_512' title='bbox 1012 3140 1058 3170; x_wconf 84' lang='lat' dir='ltr'>Ab</span> <span class='ocrx_word' id='word_1_513' title='bbox 1081 3140 1227 3176; x_wconf 68' lang='lat' dir='ltr'>omnibus,</span> <span class='ocrx_word' id='word_1_514' title='bbox 1252 3140 1291 3170; x_wconf 80' lang='lat' dir='ltr'>cle</span> <span class='ocrx_word' id='word_1_515' title='bbox 1315 3139 1392 3170; x_wconf 86' lang='lat' dir='ltr'>solis</span> <span class='ocrx_word' id='word_1_516' title='bbox 1415 3139 1550 3171; x_wconf 82' lang='lat' dir='ltr'>Asianis</span> <span class='ocrx_word' id='word_1_517' title='bbox 1573 3146 1605 3171; x_wconf 79' lang='lat' dir='ltr'>et</span> <span class='ocrx_word' id='word_1_518' title='bbox 1627 3138 1758 3172; x_wconf 87' lang='lat' dir='ltr'>Graecis</span> <span class='ocrx_word' id='word_1_519' title='bbox 1781 3150 1829 3170; x_wconf 79' lang='lat' dir='ltr'>ac-</span> 
     </span>
    </p>
   </div>
   <div class='ocr_carea' id='block_1_10' title="bbox 100 3185 1731 3235">
    <p class='ocr_par' dir='ltr' id='par_1_12' title="bbox 100 3185 1731 3235">
     <span class='ocr_line' id='line_1_43' title="bbox 100 3185 1731 3235; baseline -0.002 -8"><span class='ocrx_word' id='word_1_520' title='bbox 100 3189 263 3227; x_wconf 65' lang='grc' dir='ltr'>παντοίης</span> <span class='ocrx_word' id='word_1_521' title='bbox 280 3188 399 3230; x_wconf 63' lang='grc' dir='ltr'><em>ἀρετῆς</em></span> <span class='ocrx_word' id='word_1_522' title='bbox 414 3190 617 3235; x_wconf 67' lang='grc' dir='ltr'>μιμνήσκεο,</span> <span class='ocrx_word' id='word_1_523' title='bbox 636 3199 679 3221; x_wconf 62' lang='lat' dir='ltr'>eii</span> <span class='ocrx_word' id='word_1_524' title='bbox 688 3189 781 3220; x_wconf 72' lang='lat' dir='ltr'>Iliad·</span> <span class='ocrx_word' id='word_1_525' title='bbox 799 3188 919 3220; x_wconf 72' lang='lat' dir='ltr'>XXIL</span> <span class='ocrx_word' id='word_1_526' title='bbox 942 3185 944 3193; x_wconf 62' lang='lat'><strong><em>⁴</em></strong></span> <span class='ocrx_word' id='word_1_527' title='bbox 969 3193 1158 3235; x_wconf 79' lang='lat' dir='ltr'>cipiendum</span> <span class='ocrx_word' id='word_1_528' title='bbox 1181 3202 1259 3229; x_wconf 85' lang='grc'><strong>0880,</strong></span> <span class='ocrx_word' id='word_1_529' title='bbox 1284 3198 1369 3224; x_wconf 77' lang='lat' dir='ltr'>recte</span> <span class='ocrx_word' id='word_1_530' title='bbox 1392 3198 1506 3224; x_wconf 81' lang='lat' dir='ltr'>monet</span> <span class='ocrx_word' id='word_1_531' title='bbox 1527 3192 1731 3224; x_wconf 72' lang='lat' dir='ltr'>Wielandus.</span> 
     </span>
    </p>
   </div>
  </div>
 </body>
</html>
