2117 3533
220 175 276 214 24

613 167 698 210 ΕΡ.
733 166 810 207 AD
844 165 890 205 T.
928 162 1278 205 POMPONIUM
1310 161 1575 203 ATTICUM.

223 310 332 348 sunt.
369 305 460 355 Sed,
495 307 542 344 ut
575 301 625 343 ad
658 300 785 356 prima
820 299 888 340 illa
920 297 1093 348 redeam,
1128 295 1231 337 nihil
1264 311 1336 351 ego
1368 296 1436 337 illa
1469 294 1759 351 impudentius,
1802 296 1989 344 astutius,

223 379 374 421 lentius
406 377 509 418 vidi:
553 403 572 426 ss
582 373 772 416 libertum
804 372 920 413 mitto
932 389 942 421 3
967 370 1058 411 Tito
1078 370 1320 411 mandavi:”
1342 370 1549 426 σκήψεις
1572 375 1690 424 atque
1713 364 1990 423 ἄναβολαί.

225 450 302 493 Sed
334 449 482 499 nescio,
518 462 569 488 an
601 442 927 502 ταύτόματον
962 440 1116 499 ἡμῶν·
1152 457 1245 483 nam
1277 442 1378 482 mihi
1410 442 1645 496 Pompeiani
1666 441 1867 496 prodromi
1889 455 1991 482 nun-

224 524 329 565 tiant
362 525 494 578 aperte
529 518 765 574 Pompeium
800 521 983 558 acturum
1017 515 1196 556 Antonio
1231 515 1391 556 succedi
1414 519 1615 570 oportere3
1650 514 1867 568 eodemque
1893 518 1990 554 tem-

198 610 318 651 5pore
353 597 444 648 aget
476 596 633 647 praetor
667 590 717 631 ad
750 588 958 644 populum.
993 587 1072 627 Res
1106 586 1303 627 eiusmodi
1337 591 1409 637 est,
1445 592 1491 627 ut
1514 601 1586 641 ego
1608 602 1682 628 nec
1704 602 1773 642 per
1796 587 1992 628 bonorum

225 682 299 709 1100
332 681 402 721 per
434 664 667 720 popularem
702 660 1041 702 existimationem
1072 659 1240 700 honeste
1272 660 1422 714 possim
1452 659 1653 700 hominem
1674 660 1898 711 defendere,
1919 675 1993 701 nec

227 739 326 781 mihi
358 737 496 786 libeat,
533 735 639 790 quod
672 734 734 774 vel
767 733 985 773 maximum
1021 736 1094 772 est.
1128 731 1291 772 Etenim
1325 731 1471 773 accidit
1502 732 1591 782 1100,
1627 732 1733 786 quod
1766 738 1896 774 totum
1927 747 1994 774 cu-

226 811 402 854 iusmodi
446 811 499 851 sit
542 808 687 849 mando
720 805 811 857 tibi,
846 810 893 846 ut
924 804 1154 860 perspicias.
1202 808 1241 845 2.
1276 804 1485 846 Libertum
1519 820 1591 860 ego
1624 804 1765 856 habeo,
1801 820 1894 846 sane
1926 820 1993 846 ne-

230 900 350 940 quam
382 882 599 928 hominem,
635 880 823 921 Hilarum
857 877 961 928 dico,
996 876 1317 918 ratiocinatorem
1360 882 1400 918 et
1441 878 1625 919 clientem
1668 883 1798 919 tuum.
1849 878 1909 918 De
1950 893 1995 919 eo

184 976 217 1001 10
229 956 330 998 mihi
363 954 547 996 Valerius
580 953 775 1006 interpres
807 949 970 991 nuntiat
1004 948 1240 1004 Chiliusque
1281 966 1320 991 se
1366 950 1524 992 audisse
1565 950 1705 991 scribit
1748 950 1865 992 haec:
1912 965 1995 991 esse

231 1029 434 1070 hominem
468 1042 558 1068 cum
592 1025 792 1075 Antoni03
828 1023 1053 1064 Antonium
1085 1038 1201 1077 porro
1228 1024 1271 1064 in
1295 1024 1483 1078 cogendis
1503 1024 1685 1078 pecuniis
1704 1023 1888 1064 dictitare
1908 1038 1995 1078 par-

232 1108 313 1144 tem
346 1100 446 1142 mihi
481 1099 618 1154 quaeri
651 1102 691 1138 et
724 1112 746 1137 a
778 1112 841 1138 me
875 1094 1079 1136 custodem
1116 1097 1337 1137 communis
1371 1101 1558 1151 quaestus
1590 1096 1780 1138 libertum
1804 1110 1888 1137 esse
1905 1095 1997 1137 mis-

233 1190 334 1217 sum.
369 1174 465 1215 Non
500 1187 589 1213 sum
622 1169 875 1212 mediocriter
910 1173 1145 1220 commotus,
1180 1184 1309 1224 neque
1342 1174 1476 1211 tamen
1507 1169 1659 1211 credidi
1669 1187 1680 1221 3
1715 1169 1784 1210 sed
1807 1173 1911 1210 certe
1929 1168 1999 1210 ah·-

274 1302 292 1331 3
314 1295 507 1346 πρόὸρομοι
544 1314 593 1319 —-
630 1297 685 1328 Sic
707 1307 781 1338 pag.
805 1306 871 1337 seq.
895 1296 934 1326 10
962 1294 1185 1341 ἀνα-γνώστης
1205 1313 1254 1318 —

232 1405 360 1436 minoris
382 1404 569 1436 restituatur
590 1414 649 1444 pro
672 1403 798 1434 minore.
841 1402 1010 1435 Omittitur
1031 1402 1094 1433 foe-

233 1468 313 1490 nore
342 1469 372 1488 v.
402 1467 509 1494 usura,
538 1461 574 1487 ut
604 1457 637 1487 in
670 1456 813 1487 ablativo
843 1454 1095 1497 comparationis

234 1510 419 1541 centesimis.
442 1509 481 1540 cf.
505 1508 690 1541 Gronovius
713 1510 752 1539 de
775 1518 842 1549 pec.
866 1513 928 1539 vet.
952 1518 982 1548 p.
1006 1506 1074 1538 227.

277 1564 400 1593 Minore
418 1562 603 1593 centesimis.
620 1563 746 1593 Usurae
765 1562 880 1602 quovis
896 1570 1008 1592 mense
1021 1570 1096 1600 pen-

236 1618 404 1654 debantur,
430 1617 473 1647 ita
495 1622 529 1647 ut
552 1626 610 1656 pro
633 1622 765 1647 centum
795 1615 903 1646 numis
933 1616 993 1645 hac
1024 1615 1097 1654 lege

237 1671 369 1702 foenore
391 1669 483 1706 datis,
507 1669 634 1700 debitor
657 1669 785 1709 integro
811 1679 897 1699 auno
925 1668 1098 1698 duodecim

237 1724 386 1755 solveret.
409 1723 504 1762 Belg.
534 1722 658 1753 diceres
687 1722 806 1762 laeeaals
821 1732 881 1762 pro
906 1723 973 1752 cent
997 1723 1095 1751 reale.

237 1777 353 1809 Gravis
369 1781 436 1807 erat
451 1786 546 1806 usura
563 1776 621 1806 illo
635 1776 987 1816 pracsertimtempore,
998 1784 1099 1815 quum

237 1829 413 1862 settzz'ssz'bus
445 1840 559 1870 magma
589 1829 677 1869 copia
709 1831 778 1859 erat
809 1829 916 1868 (Fam.
947 1829 988 1859 V.
1013 1829 1040 1865 G,
1065 1829 1098 1869 2>

238 1883 259 1914 i.
283 1893 309 1914 e.
333 1893 435 1923 quum
463 1886 551 1913 tanta
583 1887 650 1913 erat
684 1892 860 1912 numerum
890 1880 1099 1917 abundantia,

238 1942 274 1968 ut
296 1937 383 1967 bona
404 1935 539 1966 nomina
562 1935 657 1965 facile
680 1935 853 1975 pecuniam
868 1933 988 1964 remissi
1002 1944 1098 1963 »usura

241 1992 274 2031 (6
298 2001 355 2032 pro
378 1991 467 2032 cent)
484 1990 676 2031 acciperent.
700 1990 812 2029 Atque
830 1988 1015 2019 cemesz'mae
1030 1999 1101 2019 usu-

241 2053 295 2075 rae
321 2043 488 2083 graviores
514 2047 607 2073 erant
629 2041 771 2072 mmm-io
787 2041 931 2081 Jbenore,
946 2042 1104 2082 (1110111101-

242 2153 369 2189 Partem
392 2148 446 2187 (Si
469 2158 516 2188 ΡΥ·
540 2150 592 2188 e),
624 2147 732 2187 itaque
763 2156 849 2176 anno
879 2146 971 2176 CiVffi
1001 2145 1103 2174 decem
1130 2146 1132 2186 ζ
1156 2157 1227 2182 rant
1251 2151 1351 2191 igitur
1373 2150 1519 2181 libertini
1541 2153 1668 2190 praeter
1696 2148 1869 2178 dominum
1898 2156 2010 2176 manu-

1187 1403 1277 1444 Assel.
1300 1403 1349 1435 De
1372 1404 1555 1434 revocando
1577 1403 1736 1434 Antonio.
1769 1402 1852 1441 Quis
1874 1406 2002 1442 praetor

1146 1457 1358 1497 intelligatur,
1383 1457 1552 1488 111001111111.

1190 1510 1330 1540 Honeste
1353 1509 1469 1550 possim
1500 1509 1648 1540 hominem
1679 1508 1856 1549 defendere.
1890 1507 2004 1539 Cicero

1149 1575 1236 1595 anno
1251 1564 1415 1604 superiore
1430 1564 1619 1594 Antonium
1634 1564 1667 1593 in
1684 1568 1798 1594 senatu
1813 1562 2005 1602 gravissime

1150 1627 1185 1647 ac
1215 1617 1467 1656 diligentissime
1501 1616 1698 1652 defenderat,
1736 1614 1828 1645 Fam.
1859 1615 1901 1644 V.
1925 1614 1953 1651 6,
1977 1615 2005 1644 3.

1151 1671 1228 1701 Post
1251 1671 1391 1701 reditum
1414 1680 1439 1700 a.
1465 1670 1523 1700 695
1548 1670 1682 1700 ineunte
1705 1669 1762 1699 ille
1785 1669 1817 1698 in
1848 1668 2007 1698 iudicium

1149 1730 1282 1756 'vocatus
1305 1730 1352 1755 cst
1382 1730 1413 1756 et
1441 1726 1688 1755 condemnatus.
1716 1724 1781 1754 vid.
1815 1723 1926 1753 Vatin.
1957 1723 2006 1753 28.

1152 1778 1239 1809 Cael.
1264 1778 1310 1809 74.
1334 1778 1443 1807 Flacc.
1467 1778 1514 1807 95.
1551 1776 1649 1815 Quod
1678 1786 1755 1807 vero
1778 1776 1890 1805 dicunt
1910 1775 2009 1805 illum

1151 1836 1229 1862 tunc
1252 1841 1383 1872 1111011110
1407 1841 1424 1861 a
1448 1830 1605 1861 Cicerone
1629 1829 1801 1860 defensum
1823 1828 1931 1865 fuisse,
1962 1827 2008 1858 ni-

1152 1885 1232 1915 titur
1253 1885 1315 1915 1100
1338 1888 1483 1925 suspecta
1506 1884 1569 1914 fide
1592 1887 1671 1913 orat.
1693 1893 1751 1923 pro
1773 1883 1880 1919 domo,
1903 1882 1952 1911 41.

1196 1940 1213 1978 ξ
1237 1940 1263 1969 2.
1288 1939 1437 1969 Eandem
1465 1947 1535 1968 rem
1567 1937 1667 1968 verbo
1695 1936 1801 1976 tangit
1831 1935 1945 1966 Cicero
1974 1935 2008 1965 in

1153 1991 1289 2031 epistola
1312 1992 1352 2021 ad
1376 1991 1481 2031 ipsum
1505 1989 1693 2020 Antonium
1714 1988 1823 2024 missa,
1850 1987 1943 2018 Fam.
1966 1987 2008 2017 V.

1129 2061 1131 2078 1
1153 2046 1180 2081 5,
1205 2045 1231 2074 2.

242 2105 367 2126 annum
392 2094 554 2135 cyclicum
585 2095 730 2126 effecisse
758 2094 986 2125 duodecimam
1008 2093 1103 2124 sortis
1129 2082 1131 2104 ἶ

244 2204 430 2235 centesimas
454 2213 617 2244 aequasse,
641 2208 734 2233 acute
765 2202 1000 2233 demonstravit
1029 2201 1104 2231 Nie—
1131 2207 1133 2215 '

245 2256 389 2292 buln-ius,
411 2256 498 2286 Hist.
521 2256 615 2287 Rom.
639 2256 703 2286 HI.
727 2266 757 2295 p.
781 2255 818 2284 (31
843 2264 930 2294 seqq.

285 2308 422 2339 Movere.
445 2308 485 2339 cf.
508 2308 617 2339 Flacc.
648 2309 698 2345 44,
733 2307 828 2338 Font.
853 2307 880 2344 l,
904 2306 960 2337 ubi
983 2316 1106 2336 commo-

246 2363 310 2394 veri
333 2364 448 2394 eodem
472 2365 570 2394 modo
594 2364 633 2394 110
656 2363 764 2393 numis
787 2362 915 2393 dicitur.
938 2362 1008 2392 Nos
1030 2361 1106 2391 dici—

248 2428 319 2448 mus
342 2416 511 2447 losmaken.

250 2519 396 2555 λεύεται.
443 2524 638 2554 Versiculus
666 2523 786 2563 legitur
816 2524 900 2554 inter
931 2521 1107 2553 Menandri

247 2575 385 2620 γνώμας
413 2572 641 2619 μονοστίχους
669 2573 702 2603 111
732 2573 864 2612 Fragm.
896 2571 1018 2603 Comic.
1052 2569 1106 2601 Gr.

247 2632 308 2662 IV.
332 2642 362 2672 p.
392 2631 451 2661 361
482 2630 585 2661 Mein.
615 2647 656 2651 —
686 2629 829 2660 Videbat
859 2628 974 2660 Cicero
1003 2628 1107 2659 Anto·
1132 2635 1134 2668 ζ

247 2686 340 2716 11111111
362 2686 402 2716 de
424 2684 611 2725 repetundis
634 2689 819 2714 accusatum
842 2684 880 2714 iri
904 2688 934 2714 et
958 2692 1051 2724 posse
1073 2692 1107 2713 50
1132 2675 1133 2678 ¹

247 2739 383 2769 honeste
406 2736 631 2767 defensionem
652 2735 740 2766 illius
757 2736 931 2772 declinare,
949 2735 976 2765 si
994 2745 1106 2765 rumor
1132 2730 1133 2733 ¹

248 2793 287 2823 de
310 2792 378 2823 eius
401 2791 574 2828 calumnia,
597 2799 695 2830 quem
717 2800 782 2830 seq.
807 2791 824 2829 ξ
847 2789 962 2829 tangit,
991 2789 1105 2819 confir-

248 2850 399 2877 maretur.

291 2898 470 2938 Pompeiani
485 2897 656 2938 prodromi.
690 2897 761 2928 “De
784 2897 830 2928 M.
862 2897 1022 2938 imprimis
1056 2896 1107 2927 Pi·
1131 2908 1132 2926 1

250 2961 338 2989 sone,
355 2951 505 2992 Pompeii
520 2951 638 2991 legato,
654 2951 694 2980 ad
710 2950 841 2980 comitia
858 2950 1108 2990 videlicetprae-

250 3006 359 3042 misso,
389 3005 585 3046 capiendum
613 3004 773 3034 videtur.”

251 3060 291 3089 ad
313 3059 415 3099 Epist.
437 3058 529 3089 Fam.
553 3068 582 3098 p.
607 3058 675 3088 230.

809 3003 1109 3043 Martyni·Laguna

293 3110 430 3141 Antonio
451 3110 575 3141 ‚succedi
597 3112 745 3151 oportere.
770 3111 802 3142 15
826 3115 893 3142 erut
916 3115 986 3141 tum
1008 3109 1110 3140 altero
1130 3117 1131 3143 ζ

252 3172 339 3201 anno
362 3164 395 3195 in
418 3163 595 3203 provincia.

1198 2097 1350 2128 Libertum
1374 2107 1427 2136 ega)
1449 2096 1545 2126 habeo
1568 2114 1607 2117 —
1629 2095 1771 2125 eliensem
1794 2096 1888 2124 luunt.
1917 2093 2010 2124 Pote-

1132 2224 1133 2227 =
1157 2204 1327 2234 missorem
1350 2203 1451 2233 alium
1473 2208 1646 2243 patronum
1661 2201 1722 2231 sibi
1739 2200 1925 2230 adsciscere.
1948 2199 2012 2229 Res

1157 2257 1369 2287 confirmatur
1402 2255 1467 2285 alio
1497 2254 1649 2294 exemplo
1678 2263 1720 2284 ex
1749 2258 1828 2283 orat.
1857 2263 1886 2292 p.
1916 2252 2010 2283 Rosc.

1157 2310 1234 2340 Am.
1260 2310 1308 2346 19,
1332 2308 1387 2338 ubi
1410 2307 1546 2338 Mallius
1561 2306 1695 2337 Glaucia
1711 2305 1892 2342 libertinus,
1909 2304 2011 2334 cliens

1132 2381 1133 2389 1
1157 2362 1196 2391 Τ.
1219 2361 1328 2392 Roscii
1351 2365 1493 2390 vocatur.
1529 2359 1650 2389 Nostro
1673 2359 1745 2388 loco
1772 2367 1849 2387 usus
1879 2361 1926 2387 est
1954 2356 2012 2386 Ca-

1132 2408 1133 2429 l
1157 2415 1320 2445 saubonus
1344 2415 1383 2444 ad
1406 2413 1638 2454 explic-audiun
1661 2412 1751 2443 Suet.
1785 2412 1875 2442 Caes.
1899 2411 1926 2446 2,
1956 2409 2012 2439 ubi

288 2468 570 2515 Λιιταυτὸματον
593 2469 701 2515 ἡμῶν.
728 2469 855 2509 Nempe
878 2464 1007 2500 καλλίω
1023 2464 1107 2512 βου·
1132 2474 1133 2478 ’

1158 2473 1340 2509 opportune
1355 2467 1544 2508 provocavit
1560 2467 1600 2496 ad
1616 2465 1723 2495 simile
1738 2464 1923 2495 institutum
1934 2463 2013 2493 iuris

1159 2522 1272 2553 Attici.
1297 2519 1516 2551 Ratiocinator
1540 2524 1586 2550 est
1608 2518 1664 2559 qui
1686 2518 1851 2558 dispensat
1872 2517 2013 2547 rationes

1156 2576 1203 2607 rei
1227 2574 1405 2606 familiaris.

1208 2626 1350 2657 Valerius
1373 2626 1536 2665 initu-yves,
1573 2625 1696 2655 Iterum
1718 2622 1908 2653 nominatur
1930 2621 2014 2652 infra

1159 2682 1255 2712 XVI.
1281 2682 1328 2717 ll,
1353 2680 1379 2712 T.
1411 2680 1537 2710 Munus
1561 2679 1774 2718 interpretum
1803 2680 1870 2707 erat
1899 2674 2014 2705 oratio-

1159 2748 1238 2768 num
1261 2747 1278 2767 a
1301 2736 1417 2776 legatis
1440 2735 1577 2765 aliarum
1600 2733 1748 2773 gentium
1763 2730 1936 2772 peregrino
1951 2739 2013 2760 ser-

1131 2804 1133 2839 3
1158 2799 1255 2820 mone
1280 2789 1313 2819 in
1337 2792 1450 2818 senatu
1479 2787 1665 2817 habitarum
1694 2783 1927 2825 interpretatio.
1964 2781 2013 2812 Cf.

1154 2842 1265 2873 Divin.
1288 2842 1332 2872 ΙΙ.
1357 2842 1424 2871 134.

1198 2893 1327 2924 C'lzilius.
1352 2894 1429 2923 Vid.
1453 2902 1549 2933 supra
1571 2891 1612 2921 ad
1634 2900 1681 2931 ep.
1706 2890 1734 2926 9,
1758 2890 1786 2920 2.

1200 2948 1323 2977 Partem
1349 2946 1422 2975 mila·
1445 2945 1553 2987 quaeri
1576 2945 1596 2975 i.
1619 2954 1646 2975 e.
1669 2943 1751 2974 mihi
1774 2941 1888 2982 parari,
1912 2941 1945 2971 id
1960 2940 2014 2979 agi

1156 3007 1189 3033 ut
1216 3011 1277 3041 ego
1299 3010 1489 3040 consequar.
1514 2998 1561 3029 Cf.
1586 2998 1679 3028 Kritz
1703 2997 1743 3026 ad
1764 2995 1830 3026 Sal.
1852 2995 1924 3033 Iug.
1940 2995 1968 3030 3,
1985 2994 2013 3023 3.

1157 3055 1311 3088 Similem
1334 3063 1428 3085 usum
1450 3052 1543 3083 verbi
1567 3050 1805 3082 animadvertas
1833 3048 1910 3078 licet
1930 3047 1961 3077 h.
1993 3046 2014 3076 l.

1157 3110 1205 3145 19,
1234 3110 1261 3140 4.
1294 3106 1435 3147 Pompeio
1464 3123 1504 3128 —
1524 3103 1700 3146 potentiam
1728 3100 1847 3143 quaeri,
1876 3099 1954 3131 ibid.
1985 3099 2013 3130 (3.

1130 3190 1131 3199 ,
1155 3162 1227 3193 milei
1251 3181 1290 3186 -
1306 3158 1474 3202 praesidia
1496 3167 1564 3188 esse
1585 3155 1775 3198 quaetenda.
