2117 3533
212 158 298 199 170

613 153 698 194 ΕΡ.
732 152 808 193 AD
841 151 888 191 T.
921 148 1271 191 POMPONIUM
1302 146 1567 189 ATTICUM.

209 294 471 333 servaturum.
509 290 548 328 4.
583 285 800 327 Contiones
831 283 1087 325 turbulentae
1119 283 1289 335 Metelli,
1334 281 1564 324 temerariae
1607 277 1744 337 Appii,
1789 280 1966 322 furiosis-

209 366 330 405 simae
363 360 513 403 Publii.
550 360 662 401 Haec
695 362 830 399 tamen
865 372 1037 398 summa:
1072 356 1150 397 nisi
1184 356 1285 397 Milo
1319 357 1362 397 in
1396 370 1534 410 campo
1568 353 1860 404 obnuntiasset,
1903 368 1966 393 co-

209 438 322 479 mitia
356 436 504 476 futura.
535 435 642 474 Ante
677 432 783 473 diem
816 444 898 472 XII.
932 430 1026 471 Kal.
1059 429 1270 471 Deeembr.
1293 429 1394 471 Milo
1417 427 1548 469 media
1569 432 1686 469 noete
1709 442 1801 469 cum
1823 442 1968 481 magna

210 525 332 552 manu
363 509 406 549 in
439 521 625 561 campum
657 505 781 546 venit.
832 503 996 545 Clodius
1031 518 1155 557 quum
1188 501 1353 543 haberet
1386 501 1648 556 fugitivorum
1691 500 1864 541 delectas
1905 514 1968 540 co-

175 599 189 623 5
210 584 310 640 pias,
343 581 387 622 in
421 594 606 635 campum
638 578 695 619 ire
728 592 810 618 non
843 580 904 617 est
937 590 1072 617 ausus.
1106 575 1207 616 Milo
1240 574 1459 629 permansit
1492 573 1541 614 ad
1574 572 1781 613 meridiem
1803 572 1970 613 mirifica

210 654 419 697 hominum
462 651 629 701 laetitia,
675 664 830 691 summa
871 663 963 689 cum
1006 647 1153 702 gloria5
1199 647 1401 688 eontentio
1445 646 1613 687 fratrum
1650 645 1783 686 'trium
1825 645 1968 700 turpis,

211 729 336 770 fracta
367 726 442 777 Vis,
477 728 730 778 contemptus
763 722 886 763 furor.
920 720 1111 762 Metellus
1144 725 1279 762 tamen
1312 721 1501 776 postulat,
1535 725 1582 761 ut
1615 719 1693 761 sibi
1724 722 1881 774 postero
1905 717 1969 759 die

211 801 254 842 in
287 800 371 841 foro
404 798 687 840 obnuntietur:
722 796 826 838 nihil
859 809 956 845 esse,
993 794 1100 848 quod
1133 794 1176 835 in
1204 809 1388 849 campum
1411 798 1527 835 nocte
1551 794 1776 843 veniretur3
1811 807 1852 833 se
1874 791 1972 832 hora

212 875 341 930 prima
371 873 415 914 in
449 871 611 913 comitio
644 870 740 910 fore.
786 869 929 922 Itaque
963 872 1054 909 ante
1089 867 1195 908 diem
1228 880 1291 909 XI.
1325 867 1419 908 Kal.
1453 867 1497 908 in
1530 866 1737 907 comitium
1780 864 1882 906 Milo
1923 863 1971 904 de

159 959 195 984 10
213 951 330 989 noete
362 945 487 987 venit.
521 943 710 985 Metellus
743 957 835 983 cum
868 941 997 996 prima
1028 941 1117 981 luce
1150 940 1288 981 furtim
1320 940 1364 980 in
1398 954 1583 994 campum
1616 937 1828 979 itineribus
1851 952 1972 992 prope

213 1020 339 1060 deviis
373 1016 576 1067 currebat-3
612 1015 837 1069 assequitur
870 1014 976 1055 inter
1008 1014 1120 1055 lucos
1152 1013 1357 1054 hominem
1390 1013 1515 1064 Mil03
1551 1011 1780 1053 obnuntiat.
1824 1010 1898 1052 Ille
1933 1024 1973 1051 se

215 1092 364 1147 recepit
397 1104 540 1144 magno
574 1093 614 1130 et
646 1088 756 1143 turpi
789 1087 840 1139 Q.
874 1086 1009 1127 Flacci
1043 1085 1237 1127 convicio.
1272 1087 1378 1126 Ante
1412 1085 1518 1126 diem
1551 1099 1595 1125 X.
1629 1084 1723 1125 Kal.
1745 1082 1973 1132 nundinae3

216 1165 349 1206 contio
382 1162 506 1204 biduo
539 1162 665 1203 nulla.
718 1162 758 1201 5.
793 1162 900 1201 Ante
935 1159 1040 1200 diem
1085 1171 1185 1200 VIII.
1220 1157 1313 1199 Kal.
1358 1157 1456 1198 haec
1497 1172 1570 1211 ego
1615 1155 1836 1197 scribebam
1878 1155 1976 1196 liora

217 1238 347 1281 noctis
380 1250 500 1277 nona.
535 1234 637 1276 Milo
672 1247 857 1288 eampum
890 1232 971 1272 iam
1003 1229 1181 1272 tenebat.
1228 1228 1443 1271 Marcellus
1478 1228 1716 1270 candidatus
1749 1228 1806 1269 ita
1840 1231 1977 1268 sterte-

167 1326 201 1352 15
218 1313 301 1363 bat,
336 1315 382 1351 ut
414 1323 486 1363 ego
519 1307 676 1348 Vicinus
710 1304 905 1346 audirem.
951 1303 1084 1345 Clodii
1117 1301 1362 1344 Vestibulum
1395 1316 1566 1343 vacuum
1600 1316 1693 1342 sane
1733 1300 1833 1341 mihi
1874 1314 1978 1341 nun-

218 1386 415 1435 tiabatur3
449 1380 587 1438 paucis
619 1378 809 1435 pannosis
842 1377 948 1418 linea
980 1377 1177 1417 lanterna.
1210 1375 1304 1416 Meo
1339 1374 1504 1416 consilio
1539 1373 1672 1414 omnia
1694 1373 1754 1415 illi
1776 1373 1861 1414 fieri
1885 1388 1978 1427 que-

220 1459 424 1509 rebantur,
458 1454 589 1510 ignari
623 1457 819 1507 quantum
851 1451 895 1492 in
915 1451 984 1492 illo
1007 1449 1125 1491 heroe
1149 1453 1253 1490 esset
1276 1447 1413 1499 animi,
1439 1451 1635 1501 quantum
1661 1446 1782 1487 etiam
1805 1445 1978 1487 consilii.

221 1529 409 1573 Miranda
441 1529 568 1569 virtus
599 1531 672 1568 est.
707 1527 823 1567 Nova
858 1524 1053 1579 quaedam
1087 1523 1224 1564 divina
1255 1522 1388 1564 mitto.
1438 1521 1515 1563 Sed
1557 1521 1655 1562 haec
1699 1535 1853 1562 summa
1897 1525 1978 1561 est:

264 1678 283 1708 2
305 1677 337 1707 2'22.
360 1685 497 1717 campum
526 1692 560 1696 —
582 1673 621 1704 16
638 1671 735 1712 pauci
751 1670 891 1712 pannosi
912 1670 999 1701 linea
1022 1670 1150 1700 laterna
1175 1686 1216 1691 —-

224 1812 273 1842 m's
296 1820 417 1842 nomen
440 1810 537 1841 initio
560 1809 740 1841 sententiae
758 1808 969 1839 librariorum
984 1807 1082 1848 eulpa

228 1874 298 1895 esse
319 1864 544 1894 obliteratum.
567 1862 644 1893 Vid.
668 1872 718 1902 op.
744 1862 764 1892 l.
788 1872 817 1902 p.
842 1862 892 1892 69.

268 1919 332 1949 Per
353 1927 455 1949 omnes
478 1917 545 1948 dies
567 1917 742 1948 comitiales
764 1916 802 1947 de
826 1916 914 1946 eaelo
943 1916 1083 1946 servatu-

229 1984 305 2004 rum.
328 1973 380 2003 Sc.
403 1978 440 2003 ut
462 1972 594 2002 comitia
618 1971 801 2012 impediret.
826 1970 930 2010 Saepe
950 1969 1084 2000 coniitia

230 2026 382 2067 auspiciis
404 2025 569 2066 prohibita
593 2029 677 2061 sunt,
702 2034 899 2064 quamquain
921 2023 955 2053 id
978 2031 1084 2062 neque

230 2089 287 2121 per
308 2079 398 2118 leges
420 2078 548 2114 licebat,
572 2077 659 2107 Phil.
683 2077 729 2107 II.
752 2077 802 2113 81,
826 2082 858 2106 et
881 2075 986 2106 edicto
1010 2085 1084 2105 con-

231 2133 349 2168 sulum,
373 2140 438 2171 quo
461 2130 530 2160 dies
552 2129 693 2159 comitiis
717 2129 913 2164 edicebatur,
937 2137 979 2158 ne
1011 2127 1084 2167 quis

230 2185 440 2224 magistratus
463 2182 572 2213 minor
594 2183 634 2212 de
653 2182 745 2213 coelo
768 2187 921 2218 servaret,
950 2181 1084 2211 caveba-

232 2244 293 2274 tur,
316 2236 401 2268 Gell.
422 2236 464 2266 N.
486 2235 529 2266 A.
554 2234 656 2265 XIII.
680 2235 727 2264 14.

273 2291 290 2331 §
312 2292 342 2321 4.
366 2290 405 2320 In
428 2299 533 2329 campo
555 2288 778 2320 obnuntiasset.
813 2287 927 2327 Vulgo
950 2287 982 2317 in
1006 2296 1084 2317 eam-

223 2354 307 2384 pum.
331 2343 529 2373 Ablativuin
553 2351 569 2373 e
592 2341 704 2372 codice
727 2350 786 2371 suo
802 2340 921 2370 dubiae
937 2340 1014 2370 fidei
1028 2349 1084 2370 no-

230 2396 311 2427 tavit
333 2395 484 2432 Ursinus,
503 2394 645 2426 restituit
660 2394 820 2429 Muretus,
837 2393 996 2433 probante
1009 2392 1084 2424 We-

231 2448 414 2488 senbergio,
438 2447 531 2480 Obss.
555 2448 589 2477 in
613 2446 697 2478 Sest.
721 2456 751 2487 p.
774 2446 824 2476 26.

275 2502 345 2532 Cum
365 2501 467 2541 prima
490 2501 569 2531 lnce.
604 2500 729 2531 Eadem
757 2499 899 2530 formula
929 2510 960 2540 p.
990 2499 1086 2530 Sulla

233 2555 272 2586 52
295 2560 326 2585 et
349 2553 410 2586 Off.
434 2554 499 2584 III.
524 2554 593 2591 112,
617 2553 649 2583 in
674 2557 752 2593 optt.
774 2553 877 2589 codd„
892 2552 949 2582 ubi
964 2557 1086 2583 temere

233 2611 369 2642 Beierus
392 2609 536 2649 reposuit
558 2618 623 2638 cnm
638 2607 741 2648 primo
764 2607 836 2644 luci,
861 2617 925 2647 quo
948 2607 999 2638 usi
1011 2611 1088 2637 sunt

233 2662 434 2703 antiquiores
471 2661 608 2691 Plautus
638 2660 717 2692 Cist.
747 2661 792 2691 II.
823 2661 850 2697 1,
880 2660 920 2690 49
951 2664 983 2690 et
1012 2659 1087 2690 Ter.

233 2718 298 2749 Ad.
322 2717 366 2747 V.
387 2718 415 2753 3,
440 2717 488 2746 55.

276 2769 366 2800 Inter
388 2769 485 2799 lucos.
507 2767 616 2798 Locus
640 2768 673 2798 in
695 2767 785 2804 urbe,
809 2776 907 2807 quem
923 2766 979 2807 qui
996 2765 1089 2806 Capi-

236 2824 316 2855 tolio
351 2823 385 2853 in
421 2832 575 2862 campum
615 2821 856 2852 descendebant
895 2803 1113 2851 transibant*

236 2877 393 2908 Eiusdem
428 2875 555 2907 mentio
584 2875 620 2905 fit
652 2875 738 2915 apud
775 2874 850 2905 Liv.
880 2875 908 2904 1.
932 2875 960 2904 8.
990 2873 1088 2904 Dion.

236 2929 313 2959 Hal.
337 2929 381 2959 II.
406 2929 455 2959 15.

280 2982 297 3020 ξ
321 2983 349 3011 5.
381 2980 459 3011 le'lo
489 2989 625 3020 campum
655 2979 717 3009 z'anz
745 2978 879 3016 tenebat,
912 2983 948 3009 ut
977 2987 1089 3008 rursus

237 3034 447 3065 obnuntiaret
469 3033 616 3070 Metelh),
640 3032 773 3063 comitia
794 3032 914 3062 habere
933 3031 959 3062 si
979 3031 1089 3061 vellet.

239 3151 305 3172 non
330 3147 442 3180 putare
465 3142 597 3171 comitia
622 3140 764 3171 aedilitia
789 3140 846 3169 illo
869 3140 921 3170 die
944 3139 1063 3169 sutura.

1170 1804 1287 1835 Paucis
1302 1804 1457 1844 pannosis
1479 1803 1564 1834 linea
1585 1803 1734 1834 lanterna
1750 1813 1791 1833 an
1800 1802 1983 1843 pancipan-

1129 1857 1198 1889 noxi
1227 1858 1295 1888 sine
1332 1858 1481 1888 lanterna
1520 1857 1696 1888 scriberem
1727 1856 1785 1887 diu
1824 1856 1982 1893 dubitavi,

1129 1922 1233 1952 quum
1264 1911 1427 1942 utrumvis
1463 1911 1601 1941 minima
1630 1910 1811 1941 mutatione
1841 1919 1858 1941 e
1887 1910 1983 1950 scrip-

1130 1970 1204 1996 tura
1225 1966 1296 1995 cod.
1319 1965 1408 1996 Med.
1424 1964 1538 2004 pauc-is
1553 1963 1691 2004 pannosi
1717 1963 1785 1994 sine
1813 1964 1984 1994 alanterna

1131 2019 1276 2059 prodeat.
1312 2018 1378 2049 Sed
1407 2018 1564 2058 quoniam
1594 2022 1741 2048 extremo
1774 2026 1886 2048 mense
1919 2017 1984 2047 No-

1132 2072 1259 2103 vembri
1281 2071 1361 2101 hora
1385 2071 1490 2102 noctis
1512 2081 1600 2101 nona
1623 2071 1773 2101 nondum
1794 2070 1891 2107 lucet,
1909 2080 1984 2110 pau-

1104 2157 1110 2170 4
1132 2125 1177 2155 cis
1199 2125 1355 2165 pannosis
1378 2125 1564 2155 lanternam
1593 2123 1750 2154 concessi.
1794 2123 1987 2153 Lanlernam

1133 2184 1251 2215 autem,
1269 2184 1306 2209 ut
1322 2187 1561 2218 nonnunquam
1575 2187 1671 2207 cornu
1688 2177 1800 2216 (Mart.
1816 2176 1913 2213 XIV,
1931 2176 1984 2215 60)

1132 2230 1185 2261 vel
1215 2230 1294 2260 vitro
1318 2230 1411 2269 (Isid.
1436 2229 1526 2269 Orig.
1550 2228 1631 2260 XX.
1655 2229 1708 2267 10)
1742 2229 1908 2259 flammam
1943 2235 1987 2260 te-

1108 2309 1109 2314 ,
1132 2283 1242 2322 gebat,
1271 2282 1317 2312 sie
1346 2282 1448 2313 linteo
1481 2281 1549 2321 tegi
1580 2281 1723 2322 potuisse
1751 2281 1845 2312 docet
1873 2290 1987 2312 versus

1133 2335 1244 2366 Plauti
1267 2345 1284 2366 e
1308 2335 1427 2366 Bacch.
1451 2335 1515 2365 ΙΙΙ.
1540 2336 1567 2371 3,
1591 2335 1640 2371 42,
1670 2334 1727 2364 ubi
1756 2343 1830 2364 eum
1858 2330 1986 2364 luem-na

1132 2391 1224 2420 uncto
1247 2391 1392 2429 exsprela
1415 2388 1514 2419 linteo
1533 2388 1690 2428 magister
1708 2389 1878 2428 despectus
1902 2398 1989 2418 00111-

1132 2450 1273 2485 paratur.
1310 2444 1467 2474 Lambini
1496 2443 1637 2483 suspicio
1666 2443 1734 2473 sine
1763 2443 1893 2473 lacerna
1925 2442 1988 2473 hoe

1132 2503 1252 2540 peceat,
1276 2499 1364 2539 quod
1393 2498 1452 2528 illa
1481 2498 1581 2528 vestis
1610 2506 1718 2537 neque
1748 2497 1838 2527 illius
1866 2497 1988 2534 aetatis,

1134 2562 1241 2593 neque
1257 2553 1388 2582 infimae
1406 2551 1511 2592 plebis
1529 2556 1606 2582 erat.
1632 2551 1730 2589 Quod
1745 2550 1847 2590 vulgo
1864 2550 1986 2581 editur:

1110 2617 1112 2639 ῃ
1130 2604 1227 2644 pauci
1242 2603 1380 2644 pannosi
1402 2603 1490 2633 linea
1512 2604 1662 2633 lanterna
1684 2609 1768 2634 stare
1785 2603 1909 2643 nequit,
1926 2602 1990 2633 nisi

1136 2659 1234 2688 addas
1256 2667 1365 2698 praep.
1389 2667 1463 2690 enm.
1488 2657 1537 2688 De
1560 2657 1719 2697 scriptura
1742 2657 1889 2686 lanterna
1913 2657 1991 2687 satis

1137 2711 1259 2741 dictum
1283 2711 1315 2741 in
1339 2710 1425 2741 Mus.
1441 2710 1546 2741 Rhen.
1563 2709 1698 2740 XVIII.
1715 2719 1744 2749 p.
1767 2709 1827 2739 393
1845 2714 1877 2739 et
1891 2708 1991 2739 XIX.

1139 2763 1208 2794 301.
1232 2764 1392 2794 Mendose
1416 2763 1543 2793 laterna
1567 2763 1750 2803 appellatur
1773 2772 1791 2792 a
1821 2761 1991 2792 Prisciano

1137 2818 1219 2848 Inst.
1244 2827 1381 2857 gramm.
1412 2817 1474 2848 IV.
1500 2818 1526 2854 1,
1548 2827 1577 2857 p.
1608 2818 1666 2847 143
1696 2816 1811 2847 Krehl.
1848 2826 1865 2846 a
1891 2816 1992 2847 verbo

1137 2871 1233 2901 lateo.

1178 2924 1266 2954 Nora
1304 2925 1455 2965 quaedam
1484 2923 1593 2955 dirimo
1623 2923 1720 2955 milio.
1756 2923 1876 2954 Merito
1912 2922 1991 2953 haec

1112 2982 1114 3010 ἶ
1138 2977 1276 3007 Ernesto
1299 2977 1533 3017 displicebant3
1558 2977 1767 3007 scribendum
1791 2985 1866 3006 cum
1895 2984 1933 3006 eo
1962 2985 1991 3004 n.

1113 3059 1114 3074 3
1137 3044 1164 3074 q.
1187 3033 1333 3064 aminare
1356 3044 1404 3070 m.,
1427 3033 1479 3064 vel
1503 3044 1532 3063 n.
1555 3044 1581 3073 q.
1605 3032 1753 3062 divinans
1775 3042 1821 3067 m„
1844 3035 1880 3060 ut
1908 3030 1993 3060 dicat

239 3089 332 3125 Quae
355 3089 519 3118 adduntur
540 3088 580 3118 de
610 3086 779 3122 Manent),
808 3086 985 3117 ostendunt
1013 3095 1089 3116 eum

1138 3098 1171 3117 se
1195 3098 1280 3118 nova
1313 3089 1474 3128 quaedam
1504 3087 1662 3122 divinare.
1692 3086 1747 3116 sed
1778 3084 1929 3115 omittere
1959 3088 1992 3114 ut

1140 3141 1273 3171 incerta.
