2117 3533
293 172 376 213 206

690 172 774 214 EP.
809 171 884 212 AD
917 171 963 211 T.
998 170 1347 211 POMPONIUM
1379 170 1643 212 ATTICUM.

289 305 364 347 bus
397 304 594 346 sensibus.
651 306 692 344 3.
727 303 805 345 Sed
838 303 972 357 accipe
1006 302 1097 343 alia.
1132 303 1211 344 Res
1244 303 1334 344 fluit
1366 303 1417 345 ad
1449 304 1738 359 interregnum,
1780 311 1821 348 et
1853 311 1913 348 est
1945 321 2043 348 non-

288 378 422 419 nullus
455 377 551 417 odor
584 375 820 426 dictaturae,
864 390 990 416 sermo
1024 374 1189 429 quidem
1222 376 1387 427 multus,
1422 377 1493 431 qui
1526 377 1647 418 etiam
1681 379 1901 421 Gabinium
1936 380 2043 435 apud

287 450 448 490 timidos
480 449 633 490 iudices
668 448 837 490 adiuvit.
872 447 1087 489 Candidati
1121 448 1348 490 consulares
1381 464 1518 491 omnes
1551 451 1607 491 rei
1641 451 1830 492 ambitus.
1875 451 2044 493 Accedit

285 522 404 562 etiam
438 521 651 572 Gabinius,
687 536 804 576 quem
838 521 884 562 P.
920 520 1044 571 Sulla,
1078 535 1159 561 non
1193 520 1384 562 dubitans
1418 522 1516 576 quin
1550 522 1646 564 foris
1679 529 1796 575 esset,
1820 524 2043 579 postularat

256 613 269 636 5
284 598 421 634 contra
455 593 613 635 dicente
647 598 686 634 et
718 593 821 634 nihil
855 593 1064 634 obtinente
1096 594 1312 648 Torquato.

1370 595 1447 636 Sed
1490 611 1628 637 omnes
1669 596 1926 638 absolventur
1969 612 2042 638 nec

286 665 448 720 posthac
485 665 695 719 quisquam
729 665 1001 716 damnabitur,
1035 666 1115 707 nisi
1159 667 1228 721 qui
1269 667 1472 709 hominem
1515 668 1722 710 occiderit.
1777 669 1867 710 Hoc
1908 674 2042 710 tamen

283 738 416 792 agitur
449 739 645 790 severius,
680 739 816 792 itaque
849 738 1002 780 iudicia
1034 738 1180 780 calent.
1225 740 1286 781 M.
1321 741 1487 782 Fulvius
1521 741 1707 783 Nobilior
1751 741 2040 783 condemnatus

282 815 356 852 est.
390 812 513 853 Multi
547 812 615 853 alii
649 811 793 852 urbani
826 826 876 852 ne
909 811 1153 866 respondent
1186 813 1362 867 quidem.
1399 816 1440 855 4.
1474 814 1583 865 Quid
1618 815 1728 855 aliud
1754 815 1872 856 novi?
1906 815 2041 856 etiam.

283 883 479 926 Absoluto
513 884 689 926 Gabinio
723 884 1017 925 stomachantes
1051 884 1119 925 alii
1153 884 1309 926 iudices
1350 885 1447 928 hora
1490 892 1582 942 post
1626 887 1873 928 Antiochum
1917 885 2040 927 Gabi-

231 969 264 996 10
288 957 401 998 11111111
433 958 567 999 nescio
611 971 728 1012 quem
774 972 794 997 0
835 956 1034 1012 Sopolidis
1078 957 1314 1012 pictoribus,
1359 959 1562 1009 libertum,
1603 974 1815 1001 accensum
1860 959 2040 1010 Gabinii,

320 1131 339 1164 7
363 1130 484 1162 indicia
512 1150 552 1154 --
574 1133 593 1162 8
615 1131 687 1162 novi
696 1131 716 1162 ‚¹⁷
739 1131 779 1162 Et
800 1133 921 1168 tamen5
945 1131 1089 1164 absoluto
1110 1151 1150 1155 —

279 1298 321 1320 ex
345 1288 482 1329 epistola
504 1289 544 1319 ad
574 1289 760 1320 Varronem
790 1289 898 1329 (Fam.
928 1290 991 1321 IX.
1022 1291 1050 1327 2,
1081 1290 1136 1329 3):

279 1337 475 1379 λεληθότως
509 1341 698 1372 consuetudo
736 1341 890 1374 diuturna
927 1345 1043 1375 callum
1073 1345 1135 1376 iam

276 1398 404 1429 obduxit
426 1398 583 1429 stomacho
606 1408 680 1429 meo.

318 1452 336 1491 ξ
360 1453 388 1482 3.
411 1451 472 1481 Res
481 1451 560 1492 fluit
582 1452 627 1481 cccl
639 1451 862 1493 interreqnum.
885 1454 941 1485 Ad
960 1454 1001 1493 Q.
1017 1455 1056 1485 fr.
1072 1455 1136 1485 111.

276 1506 304 1542 2,
329 1507 347 1536 3
370 1515 421 1536 res
443 1504 568 1536 videtur
592 1507 739 1544 spectare
760 1506 805 1536 ad
817 1506 1039 1548 interr-equum.
1061 1508 1137 1540 Sae-

280 1558 413 1598 pissime
435 1567 485 1588 res
508 1558 554 1588 sic
577 1558 749 1589 indefinite
774 1560 921 1599 ponitur.
945 1560 995 1591 Cf.
1017 1561 1136 1592 Liv.1.

281 1610 310 1640 9.
333 1610 379 1640 II.
404 1611 453 1640 18.
476 1610 538 1640 VI.
562 1610 611 1640 16.

325 1663 385 1703 Qui
413 1682 453 1685 -—
482 1662 613 1694 adiuvit.
648 1664 816 1694 Nolebant
845 1664 1010 1696 offendere
1040 1666 1136 1697 Pom-

281 1715 401 1755 peium,
425 1716 481 1756 qui
504 1716 643 1747 dictator
674 1716 742 1747 fore
771 1717 956 1757 putabatur,
985 1719 1137 1749 condem-

280 1770 413 1801 natione
435 1769 579 1801 Gabinii.
609 1770 838 1811 Suspicionem
860 1772 1041 1804 dictaturae
1064 1778 1135 1804 tan-

279 1823 328 1863 git
350 1822 465 1855 Cicero
488 1824 521 1854 in
545 1823 648 1854 literis
675 1825 715 1854 ad
737 1825 778 1863 Q.
803 1824 841 1855 fr.
857 1826 973 1856 eodem
988 1830 1134 1867 tempore

279 1876 372 1913 datis,
395 1877 440 1907 II.
463 1877 511 1913 15,
536 1878 552 1906 5
577 1882 610 1908 et
631 1877 695 1907 III.
720 1877 748 1913 8,
772 1879 801 1908 4.

323 1929 493 1960 Candidati
517 1930 697 1961 consulares
717 1940 821 1961 omnes
834 1931 881 1961 rei
894 1931 1035 1962 ambitu&
1058 1932 1134 1963 Kal.

279 1984 350 2016 Oct.
372 1985 558 2026 scripserat:
585 1985 685 2016 “Tres
706 1986 871 2017 candidati
893 1986 971 2026 fore
1001 1987 1050 2018 rei
1079 1997 1134 2028 pu-

279 2040 454 2071 tabantur““
477 2038 542 2080 (ep.
565 2039 613 2077 17,
637 2040 671 2081 5)
695 2050 783 2070 nunc
797 2040 928 2071 nuntiat
942 2051 1046 2072 omnes
1060 2051 1133 2072 reos

279 2101 356 2123 esse.
378 2092 465 2122 Nam
490 2092 532 2130 Q.
556 2091 689 2123 Curtius
712 2093 818 2123 bonus
841 2097 873 2124 et
894 2094 1040 2124 emditus
1060 2095 1134 2125 ado-

278 2145 404 2176 lescens
426 2144 623 2175 Memmium
637 2146 678 2176 de
693 2145 818 2176 ambitu
831 2146 1019 2186 postulavit,
1044 2146 1085 2184 Q.
1096 2146 1134 2177 fr.

277 2198 344 2229 111.
367 2198 395 2236 2,
421 2200 448 2235 3,
472 2199 512 2229 de
534 2208 598 2238 quo
615 2208 681 2229 uno
699 2204 795 2230 antea
810 2208 918 2230 sermo
935 2210 1001 2230 non
1016 2199 1132 2231 fuerat.

317 2251 388 2282 Non
410 2251 559 2282 dubitans
580 2254 652 2293 quin
666 2251 754 2291 fhris
776 2255 865 2283 esset.
889 2252 1044 2294 Plerique
1060 2253 1132 2284 intt.

276 2303 322 2334 sic
345 2304 527 2344 explicant:
551 2314 619 2334 non
642 2304 805 2342 dubitans,
829 2304 909 2345 quin
920 2304 1082 2336 Gabinius
1098 2305 1132 2336 in

276 2357 392 2388 urbem
420 2366 486 2386 non
517 2356 652 2388 intraret
686 2357 893 2397 triumphum
929 2362 1131 2398 exspectans,

276 2410 317 2441 In
340 2420 412 2442 eam
434 2410 623 2450 opinionem
644 2411 777 2442 adducti
798 2416 875 2443 sunt
898 2411 946 2448 iis,
977 2421 1060 2452 quae
1089 2412 1132 2442 le-

277 2469 393 2503 gerant
414 2464 455 2494 ad
479 2464 519 2501 Q.
545 2463 581 2494 fr.
605 2465 670 2494 III.
693 2465 722 2501 2,
745 2465 774 2495 2.
811 2464 878 2496 Sed
908 2475 966 2495 cur
995 2465 1053 2495 illa
1080 2475 1131 2496 res

277 2517 416 2548 moverit
445 2516 575 2547 Sullam
606 2518 647 2548 ad
674 2516 807 2548 Gabinii
837 2528 958 2549 nomen
987 2518 1132 2549 deferen-

276 2570 366 2607 dum,
398 2580 465 2600 11011
499 2570 663 2610 intelligo.
706 2572 815 2603 Multo
848 2572 1050 2612 probabilior
1082 2576 1131 2603 est

276 2622 432 2653 Lambini
464 2622 697 2663 interpretatio,
727 2623 807 2654 haec
836 2624 951 2654 eadem
979 2624 1013 2654 vi
1042 2634 1129 2655 nunc

277 2675 482 2716 explicantis,
506 2684 572 2715 qua
593 2675 681 2706 idem
703 2675 760 2706 ille
783 2675 944 2707 Gabinius
974 2676 1009 2707 in
1040 2676 1129 2707 Piso-

277 2728 376 2758 niana
397 2728 415 2768 ξ
440 2728 478 2758 12
501 2738 598 2769 eqere,
612 2727 700 2767 foris
722 2737 788 2759 esse
811 2728 939 2759 dicitur.
980 2729 1130 2770 Utroque

277 2781 349 2812 loco
362 2780 449 2820 foris
471 2790 538 2811 esse
559 2780 688 2818 dicitur,
711 2780 766 2821 qui
789 2790 911 2821 niagno
933 2791 1007 2812 aere
1022 2782 1130 2813 alieno

276 2833 411 2870 laborat,
435 2833 491 2873 qui
513 2843 580 2864 11011
596 2838 644 2864 est
662 2833 831 2864 solvendo.
854 2834 1022 2865 Nimirum
1038 2833 1131 2865 Sulla

276 2886 425 2925 sperabat
446 2884 625 2916 Gabinium
647 2886 904 2917 condemnatum
926 2887 976 2924 iri,
1000 2887 1028 2917 si
1050 2887 1130 2918 iudi-

276 2948 329 2970 ces
353 2949 418 2970 non
441 2943 549 2980 posset
564 2948 780 2979 corrumpere.
804 2939 991 2971 Plurimum
1006 2940 1064 2971 ille
1078 2950 1130 2981 pc-

276 2993 400 3030 cuniae,
432 3002 529 3033 quain
558 3002 575 3023 e
601 2992 698 3033 Syria
727 2993 890 3030 attulerat,
913 2994 1072 3025 effuderat
1094 2994 1128 3024 in

276 3043 396 3074 iudicio
428 3045 468 3075 de
497 3044 665 3075 maiestate
695 3045 775 3085 (quo
809 3050 957 3086 spectant
992 3045 1128 3076 iudicum

276 3096 392 3133 sordes,
414 3106 483 3137 sup.
507 3098 525 3136 ξ
549 3098 591 3138 1),
615 3098 702 3138 quod
723 3098 888 3140 reliquum
911 3103 979 3131 erat
991 3099 1025 3130 iu
1046 3098 1127 3130 iudi-

276 3151 328 3183 cio
348 3152 389 3184 de
412 3153 600 3193 repetundis
621 3154 779 3193 perderet.

1230 1290 1348 1322 Contra
1370 1291 1496 1323 dicente
1519 1311 1559 1314 —
1583 1292 1745 1334 Torquato.
1768 1292 1825 1324 Ad
1848 1292 1890 1331 Q.
1912 1292 1951 1323 fr.
1974 1293 2040 1323 111.

1184 1345 1212 1381 3,
1236 1345 1271 1375 2:
1298 1344 1413 1375 Contra
1436 1345 1518 1376 dixit
1540 1346 1574 1377 I..
1601 1346 1775 1387 Torquatus
1791 1347 1988 1387 omnibusque
2004 1346 2040 1377 li-

1183 1397 1322 1428 bentibus
1344 1409 1406 1431 non
1428 1399 1570 1430 obtinuit.
1595 1400 1689 1430 Idem
1704 1400 1756 1430 hic
1774 1400 2039 1431 adolescentulus

1183 1460 1211 1481 a.
1236 1450 1307 1481 688.
1329 1451 1367 1482 Ρ.
1391 1451 1519 1482 Sullam
1541 1453 1581 1483 de
1605 1453 1729 1484 ambitu
1753 1453 1917 1483 accusavit
1944 1453 2039 1493 eique

1183 1503 1301 1543 eripuit
1330 1505 1549 1542 consulatum,
1583 1514 1681 1545 quem
1709 1506 1751 1536 ad
1783 1510 1908 1546 patrem
1944 1515 2039 1536 suum

1182 1557 1303 1587 retulit.
1328 1557 1405 1588 Vid.
1427 1557 1502 1589 Fin.
1525 1559 1573 1589 II.
1596 1558 1636 1588 62
1658 1565 1691 1590 et
1713 1558 1781 1590 Cic.
1802 1563 1882 1590 orat.
1896 1569 1927 1599 p.
1943 1557 2040 1590 Sulla

1182 1609 1311 1649 passim.

1224 1662 1295 1693 Nisi
1315 1663 1368 1704 qui
1390 1663 1541 1694 hominem
1563 1663 1723 1695 occiderit.
1748 1663 1880 1705 Spectat
1902 1664 1942 1696 ad
1960 1664 2037 1696 Pro-

1182 1716 1305 1754 cilium,
1329 1726 1379 1758 ep.
1402 1718 1450 1754 15,
1473 1719 1503 1748 4.

1226 1770 1352 1801 Iudicia
1374 1772 1479 1803 calent
1501 1782 1535 1802 o:
1559 1772 1706 1812 quotidie
1729 1771 1797 1803 fere
1820 1772 1941 1803 iudicia
1968 1781 2038 1804 cae-

1182 1825 1232 1855 dis
1256 1831 1460 1856 exercentur.
1484 1825 1588 1857 Verbi
1609 1835 1704 1856 usum
1726 1825 1804 1856 satis
1822 1825 1965 1856 illustrat
1981 1825 2036 1856 hic

1183 1877 1273 1908 loeus
1295 1887 1338 1909 ex
1360 1888 1406 1908 or.
1429 1888 1459 1918 p.
1483 1878 1597 1909 Plane.
1621 1880 1677 1908 55:
1701 1877 1794 1909 [llud
1808 1877 1924 1909 crimen
1937 1877 2037 1910 caluit

1181 1941 1215 1961 re
1237 1930 1356 1962 recenti
1362 1944 1373 1967 ;
1397 1941 1480 1962 nmw
1501 1931 1534 1962 in
1557 1941 1654 1962 causa
1676 1931 1816 1971 refrixit.

1225 1983 1270 2014 M.
1301 1984 1431 2015 Fulvius
1458 1984 1609 2022 Nobilior,
1640 1994 1739 2025 eques
1768 1985 1839 2022 Ro„
1871 1985 1960 2015 idem
1998 1989 2037 2014 ut

1181 2038 1312 2069 videtur
1333 2039 1391 2078 qui
1414 2039 1499 2070 inter
1521 2038 1683 2070 Catilinae
1713 2039 1818 2070 socios
1846 2038 2038 2069 nominatur

1181 2101 1200 2122 a
1221 2091 1377 2129 Salustio‚
1401 2092 1472 2123 Cat.
1496 2092 1544 2125 17.
2028 2090 2036 2098 ’

1223 2145 1321 2175 Multi
1341 2146 1402 2176 alii
1423 2146 1536 2176 urbani
1557 2156 1596 2176 ne
1610 2145 1796 2186 respondent
1811 2144 1941 2186 quidem.
1963 2144 2037 2175 Res-

1174 2199 1314 2239 pondere
1335 2200 1500 2237 dicuntur,
1524 2200 1581 2240 qui
1604 2200 1638 2231 in
1662 2200 1784 2230 iudicio
1800 2199 1892 2230 citati
1907 2199 2035 2230 adsunt.

1182 2252 1253 2290 Qui
1275 2253 1586 2283 condemnationem
1609 2257 1761 2283 metuens
1790 2251 1898 2282 solum
1925 2251 2035 2288 vertit,

1180 2314 1241 2334 non
1264 2304 1440 2344 respondet.
1475 2304 1525 2336 Cf.
1556 2304 1716 2335 Gronovii
1745 2302 1841 2335 Obss.
1869 2303 1917 2334 ΙΙ.
1945 2304 1975 2340 4,
2004 2313 2034 2343 p.

1181 2357 1250 2388 185.
1273 2357 1354 2395 Hos,
1377 2368 1482 2398 quum
1503 2357 1625 2388 iudices
1648 2357 1870 2398 cognoscendi
1885 2355 2036 2387 molestia

1178 2411 1371 2448 liberabant,
1403 2410 1519 2443 Cicero
1541 2411 1649 2442 iocose
1672 2410 1815 2451 appellat
1842 2409 1977 2440 urbanos
1999 2418 2034 2439 0:

1178 2462 1328 2493 homines
1361 2463 1490 2503 politos.
1527 2462 1577 2494 Cf.
1606 2462 1699 2493 Fam.
1730 2463 1794 2499 ΙΙΙ,
1826 2463 1854 2499 8,
1883 2463 1902 2492 3
1935 2465 1966 2492 et
1994 2461 2034 2491 de

1177 2517 1367 2554 urbanitate,
1391 2527 1474 2557 quae
1497 2517 1641 2548 cernitur
1662 2527 1696 2548 111
1720 2527 1850 2549 morum
1866 2516 2034 2554 facilitate,

1177 2570 1255 2600 ibid.
1279 2569 1307 2607 7,
1331 2571 1360 2600 5.

1220 2624 1238 2663 ξ
1260 2625 1290 2654 4.
1316 2623 1399 2663 Quid
1419 2623 1513 2654 aliud
1532 2623 1630 2653 novi?
1653 2622 1757 2653 etiam.
1795 2622 1897 2654 Codd.
1927 2624 1957 2653 et
1986 2624 2033 2653 ta-

1177 2685 1255 2706 men.
1276 2676 1427 2706 Muretus
1449 2676 1596 2707 volebat:
1621 2677 1668 2706 est
1692 2677 1805 2706 tumen.
1828 2674 1895 2706 Sed
1916 2675 2034 2706 melior

1177 2727 1322 2758 Acidalii
1355 2728 1558 2759 emendatio:
1589 2728 1692 2765 etium,
1721 2729 1810 2768 quod
1839 2728 1873 2758 in
1902 2737 2033 2768 respon-

1177 2780 1268 2811 sione
1295 2790 1374 2811 sane
1403 2780 1559 2822 frequens
1590 2786 1648 2812 est.
1681 2780 1758 2811 Vid.
1788 2780 1898 2811 adnot.
1930 2780 1971 2810 ad
2000 2780 2029 2811 I.

1177 2834 1225 2870 13,
1250 2833 1268 2863 6
1292 2839 1323 2864 ct
1347 2833 1504 2865 Wesenb.
1527 2835 1568 2865 ad
1590 2834 1687 2864 Tusc.
1711 2833 1773 2864 IV.
1797 2832 1827 2865 7.

1218 2886 1249 2916 E
1260 2886 1414 2927 Sopolidis
1420 2887 1606 2928 pictoribus.
1622 2887 1752 2917 Plinius
1765 2886 1811 2917 H.
1822 2886 1865 2916 N.
1879 2885 2031 2923 XXXV,

1177 2939 1236 2969 148
1259 2939 1398 2980 Sopolin
1422 2946 1454 2971 et
1477 2939 1675 2980 Dionysium
1688 2943 1784 2970 vocat
1800 2938 2032 2969 celeberrimos

1176 2993 1233 3024 illa
1256 2999 1361 3026 aetate
1384 2994 1569 3035 imaginum
1591 2995 1739 3035 pictores,
1770 3002 1911 3034 quorum
1940 2993 2031 3024 tabu-

1176 3046 1226 3078 lae
1248 3047 1477 3087 pinacothecas
1498 3048 1692 3088 implebant.

1217 3101 1387 3132 Accensum
1414 3101 1550 3132 Gabinii.
1573 3101 1678 3141 Saepe
1699 3100 1828 3141 patroni
1844 3109 1966 3132 munus
1982 3108 2032 3131 ae-

1175 3153 1265 3186 censi
1295 3153 1423 3186 libertis
1451 3154 1520 3185 suis
1548 3152 1749 3186 deferebant.
1780 3150 1831 3184 Cf.
1862 3152 1904 3184 ad
1927 3152 1969 3190 Q.
1991 3151 2030 3182 fr.
