2117 3533
227 947 261 972 10

279 144 334 185 74
676 137 759 178 ΕΡ.
794 135 871 176 AD
903 135 949 174 T.
984 130 1335 174 POMPONIUM
1366 129 1630 170 ATTICUM.

275 278 359 319 dixi
392 274 602 318 accidisse:
639 287 687 313 ex
720 270 856 312 Sicilia
889 268 1058 323 septimo
1092 266 1156 308 die
1190 266 1372 316 Romam,
1405 263 1536 305 tribus
1558 263 1666 304 horis
1688 264 1816 304 Roma
1838 263 2032 304 Interam-

274 366 389 393 nam:
424 352 548 389 noctu
579 345 780 395 introisse,
813 344 912 384 item
945 346 1061 383 ante:
1097 355 1179 381 non
1212 354 1296 380 esse
1329 339 1433 379 itum
1466 337 1638 387 obviam,
1672 351 1722 377 ne
1744 341 1832 378 tum
1856 336 2032 391 quidem,

276 438 400 478 quum
431 420 482 461 iri
513 418 685 460 maxime
719 416 873 457 debuit.
915 413 1025 466 Quid
1059 412 1242 467 quaeris?
1274 411 1478 452 hominem
1522 408 1768 464 petulantem
1809 408 2035 449 modestum

274 496 397 538 reddo
429 508 512 534 11011
545 492 674 533 solum
706 494 921 546 perpetuae
955 486 1149 541 gravitate
1183 484 1389 534 orationis,
1424 482 1494 524 sed
1528 482 1647 523 etiam
1681 481 1756 522 1106
1789 496 1933 535 genere
1954 480 2035 521 dic-

274 575 421 610 torum.
455 567 598 619 Itaque
630 564 711 604 iam
744 560 992 603 familiariter
1026 573 1117 599 cum
1148 557 1236 612 ipso
1260 556 1422 598 cavillor
1445 570 1489 596 ac
1512 555 1634 595 iocor.
1669 553 1780 605 Quin
1802 553 1922 594 etiam
1946 568 2038 594 cum

277 639 537 683 candidatum
571 636 872 683 deduceremus,
908 631 1064 686 quaerit
1097 645 1145 671 ex
1178 645 1254 680 me,
1289 644 1387 670 num
1421 641 1675 668 consuessem
1719 625 1864 667 Siculis
1904 625 2037 667 locum

277 711 566 769 gladiatoribus
600 708 718 750 dare?
752 705 925 760 Negavi.
973 731 992 755 s,
1005 705 1061 744 At
1094 717 1180 757 ego,
1214 701 1362 756 inquit,
1397 715 1524 741 novus
1568 703 1760 754 patronus
1803 699 2038 751 instituam3

280 787 348 829 sed
383 799 504 835 soror,
540 797 639 837 quae
672 784 833 821 tantum
865 777 1012 819 habeat
1045 775 1265 817 consularis
1297 774 1390 825 loci,
1424 788 1552 814 unum
1586 772 1685 813 mihi
1729 772 1857 813 solum
1897 772 2039 828 pedem

281 859 394 901 dat.”
427 857 539 908 Noli,
572 856 752 909 inquam,
788 852 836 893 de
869 866 951 892 uno
983 849 1084 906 pede
1118 849 1262 890 sororis
1297 847 1410 902 queri
1420 865 1431 898 3
1474 846 1570 887 licet
1603 845 1724 887 etiam
1757 845 1926 887 alterum
1966 846 2041 887 tol-

280 934 354 975 las.
388 933 484 973 Non
518 928 738 978 consulare,
772 925 945 980 inquies,
981 923 1136 964 dictum
1145 941 1156 974 3
1191 921 1330 971 fateor,
1366 919 1435 961 sed
1469 934 1541 974 ego
1573 918 1683 960 illam
1717 918 1784 959 odi
1816 919 1916 960 male
1951 933 2044 960 con-

284 1006 469 1048 sularem.
503 1003 577 1044 Est
609 1001 716 1043 enim
750 998 939 1040 seditiosa
971 1001 1011 1038 et
1044 1012 1136 1037 cum
1165 996 1251 1036 viro
1284 994 1434 1035 bellum
1467 993 1584 1048 gerit,
1626 1007 1756 1047 neque
1790 993 1918 1034 solum
1952 1007 2042 1033 cum

327 1172 346 1201 4
361 1169 516 1211 perpetua
538 1184 580 1189 —-
600 1166 638 1196 11
662 1164 708 1195 Ea
731 1165 778 1195 est
801 1164 880 1195 enim
902 1161 1065 1200 seditiosa,
1089 1170 1126 1191 ea
1150 1169 1217 1190 cum
1239 1158 1305 1189 viro
1328 1177 1368 1181 —

333 1315 441 1347 Tribus
469 1313 554 1345 horis
589 1313 686 1343 Roma
721 1311 947 1341 Interamnam.
991 1308 1147 1349 Spectant

286 1373 366 1403 haec
389 1370 430 1401 ad
451 1378 582 1399 causam
610 1366 735 1402 incesti,
764 1365 799 1396 in
829 1375 894 1405 qua
923 1362 1058 1395 Clodius
1087 1362 1147 1392 hae

287 1424 413 1455 ratione
448 1431 481 1453 se
517 1420 717 1455 defenderat,
754 1418 842 1458 quod
871 1417 993 1448 diceret
1021 1425 1055 1446 se
1088 1415 1147 1445 illo

289 1484 435 1516 tempore
458 1485 524 1505 non
546 1474 671 1504 Romae
700 1471 810 1507 fuisse,
840 1471 897 1501 sed
925 1470 1146 1504 Interamnae,

289 1541 319 1571 p.
342 1530 416 1561 Mil.
438 1528 488 1559 46.
513 1527 648 1565 Quinct.
670 1526 698 1556 Ι.
721 1524 760 1556 Ο.
783 1524 844 1554 IV.
868 1524 895 1560 2,
919 1524 969 1553 88.

329 1581 400 1612 Non
429 1590 495 1611 esse
523 1580 600 1610 itum
629 1576 757 1608 obviam.
786 1587 841 1616 np.
870 1575 1006 1606 honoris
1040 1583 1147 1604 causa.

290 1635 405 1666 Cicero
440 1638 550 1664 aut-em
580 1631 757 1662 verborum
786 1628 1002 1668 ambiguitate
1030 1626 1148 1656 ludens

290 1689 367 1720 talia
390 1687 510 1718 dicenti
533 1685 709 1726 respondit,
733 1692 775 1714 116
798 1688 869 1713 tum
892 1682 1025 1722 quidem
1046 1689 1149 1720 quum

291 1742 435 1773 maxime
472 1740 501 1771 ei
530 1739 679 1770 resistere
707 1735 908 1771 debuissent,
936 1734 999 1764 hoc
1028 1733 1151 1763 factum

1193 1305 1309 1337 Clodia
1337 1305 1378 1344 Q.
1408 1304 1538 1336 Metelli
1575 1304 1719 1335 consulis
1748 1312 1862 1341 uxore,
1892 1303 1980 1344 quod
2011 1311 2049 1334 ea

1192 1360 1342 1401 quamvis
1365 1359 1509 1390 multum
1531 1359 1594 1389 loci
1613 1359 1731 1390 habea-t
1747 1358 1781 1388 in
1798 1357 2048 1398 amphitheatro,

1192 1414 1254 1444 sibi
1266 1419 1375 1444 tamen
1392 1423 1459 1443 non
1476 1413 1562 1443 ultra
1576 1413 1675 1443 unius
1685 1412 1776 1452 pedis
1789 1412 1928 1452 spatium
1937 1420 2049 1442 conce-

1191 1468 1267 1498 dere
1289 1466 1439 1497 voluerit.
1462 1465 1530 1504 Qui
1553 1476 1622 1496 voc.
1647 1465 1825 1496 consularis
1849 1464 2050 1496 substantive

1193 1520 1317 1551 dictum
1339 1519 1502 1559 accipiunt
1523 1520 1563 1550 de
1586 1519 1730 1549 consulis
1748 1528 1863 1555 uxore,
1881 1518 2050 1548 falluntur.

1235 1573 1322 1604 Licet
1343 1573 1439 1603 etiam
1461 1573 1594 1603 alterum
1617 1573 1724 1603 tollas.
1757 1573 1887 1603 Acerbe
1909 1578 1941 1603 et
1963 1577 2052 1613 petu-

1197 1629 1301 1657 lanter
1329 1626 1453 1656 dictum
1482 1625 1516 1656 111
1546 1625 1710 1662 Clodium,
1742 1625 1819 1665 aqui
1855 1635 1916 1655 non
1945 1625 2053 1664 pluris

1187 1680 1315 1720 fecerat
1333 1678 1452 1709 Bonam
1468 1678 1577 1716 Deam,
1592 1690 1680 1720 quam
1698 1681 1762 1709 tres
1774 1679 1929 1709 SororeS.'“
1946 1678 2053 1718 (Fam.

1173 1768 1175 1770 ,
1197 1734 1224 1764 Ι.
1247 1734 1275 1769 9,
1299 1732 1363 1772 15),
1394 1741 1558 1772 quemque
1587 1741 1662 1762 cum
1691 1740 1802 1762 sorore
1827 1741 1984 1771 germana
1999 1740 2054 1763 116-

292 1804 372 1826 6556.
397 1792 520 1824 Obviam
544 1791 591 1821 z're
613 1800 670 1831 pro
692 1789 842 1820 resistere
865 1787 987 1827 legitur
1009 1785 1067 1816 inf.
1088 1785 1151 1816 IV.
1198 1788 1315 1818 farium
1338 1792 1487 1827 stuprum
1508 1786 1622 1817 fecisse
1644 1786 1684 1816 L.
1704 1786 1867 1816 Lucullus
1880 1786 2006 1817 iuratus
2021 1795 2055 1817 se

293 1849 340 1885 16,
366 1848 404 1878 12
427 1846 524 1886 (1111111
546 1846 595 1882 18,
618 1846 663 1884 4).
688 1843 780 1874 Suet.
803 1842 893 1873 Caes
919 1841 958 1871 69
972 1839 1042 1870 Non
1057 1838 1151 1870 cessit
1198 1840 1283 1871 dixit
1311 1838 1518 1879 comperisse.
1546 1839 1619 1870 Mil.
1657 1838 1706 1871 73.
1742 1837 1903 1870 Similiter
1939 1837 2056 1870 Graeci

293 1914 423 1946 anquam
439 1900 712 1936 tumultuantibus,
727 1898 822 1930 etiam
838 1897 957 1927 obviam
970 1906 1088 1936 semper
1104 1895 1152 1925 iit.
1200 1888 1306 1936 αἴρειν
1335 1889 1379 1923 τά
1409 1887 1508 1925 σκέλη
1531 1890 1565 1920 in
1581 1899 1615 1921 re
1631 1890 1777 1921 Veneria
1789 1895 1956 1930 usurpant.
1978 1890 2056 1921 Vid.

334 1957 508 1996 Pei-peteme
539 1953 702 1995 yravitate
744 1951 900 1982 oralifflzis
942 1949 1153 1979 scribendum

293 2021 363 2043 esse
385 2021 442 2051 pro
458 2010 613 2050 perpetua
636 2007 720 2037 vidit
740 2005 919 2037 Rinkesius
941 2013 1044 2040 meus,
1067 2012 1152 2033 60111-

293 2063 413 2105 paratis
435 2062 484 2099 iis,
507 2070 590 2101 quae
612 2060 769 2099 leguntur
791 2058 817 2088 Ι.
841 2058 889 2093 16,
913 2058 942 2087 8.

339 2116 409 2145 Cam
431 2114 498 2154 ipso
521 2113 664 2143 cavillor.
695 2111 796 2142 Recte
818 2109 873 2141 Or.
897 2109 930 2139 in
960 2109 1060 2139 altera
1090 2107 1153 2138 edi-

297 2169 386 2200 tione
409 2167 520 2198 omisit
542 2165 645 2202 eliam,
670 2164 755 2205 quod
786 2169 861 2193 ante
892 2161 1024 2192 cavillor
1040 2160 1154 2191 inferri

297 2223 389 2259 solet,
427 2226 556 2253 secutus
591 2219 712 2250 codicis
746 2217 887 2248 Medicei
917 2215 1154 2246 auctoritatem.

297 2275 388 2306 etiam
413 2284 480 2305 non
504 2279 553 2304 est
575 2272 608 2303 in
624 2272 693 2302 cod.
710 2270 840 2310 scripto,
863 2269 969 2300 Paulo
984 2273 1055 2309 post
1074 2267 1155 2308 Quin

298 2329 390 2360 etiam
414 2328 448 2358 iu
471 2326 624 2366 exemplo
647 2323 867 2355 cavillationis
890 2322 1055 2353 afferendo
1071 2326 1157 2352 recte

298 2382 377 2423 poni
399 2382 506 2412 credo.
528 2380 605 2410 Non
628 2379 712 2409 bene
728 2377 871 2408 correxit
886 2375 1040 2407 Klotzius
1056 2375 1155 2405 iocor:

299 2435 351 2477 qui
374 2435 478 2466 eliam.

345 2489 443 2529 Quum
465 2485 669 2517 candidatum
691 2483 920 2515 deduceremus.
956 2483 996 2513 Id
1025 2482 1159 2512 honoris

300 2553 396 2574 661156
418 2542 526 2572 fiebat.
549 2540 589 2578 Q.
615 2539 681 2570 Cic.
704 2539 744 2569 de
766 2543 830 2578 pet.
852 2547 940 2568 cons.
965 2537 1022 2573 363
1053 2545 1159 2576 neque

301 2596 335 2626 in
352 2593 533 2625 candidatis
549 2592 635 2628 solis,
659 2592 715 2622 sed
730 2591 828 2622 etiam
843 2590 877 2620 in
905 2590 987 2626 aliis,
1012 2589 1099 2620 Mur.
1111 2588 1159 2620 70.

343 2647 448 2677 Novus
463 2647 629 2686 patronus.
653 2645 703 2675 Ita
724 2645 764 2675 de
786 2643 947 2674 Guidonis
970 2643 1072 2674 Lollii
1087 2652 1161 2673 con-

304 2702 427 2733 iectura
450 2699 578 2739 scripsit
600 2698 794 2737 Malaspina,
811 2698 970 2738 probante
985 2697 1161 2728 Lambino.

302 2755 367 2786 Hic
391 2754 492 2794 igitur
514 2753 548 2783 in
564 2753 634 2782 cod.
649 2752 683 2782 Z.
699 2761 828 2792 quoque
844 2751 1025 2787 invenerat,
1042 2751 1129 2791 quod
1145 2759 1161 2781 6

303 2808 392 2839 Med.
415 2812 447 2837 et
469 2805 601 2837 Oxonn.
622 2804 755 2835 affertur
776 2814 869 2834 novos
881 2806 1045 2843 patronos.
1070 2804 1162 2841 Quae

304 2860 408 2891 forma
431 2859 566 2889 fortasse
590 2867 665 2888 vera
696 2862 752 2894 est,
783 2866 894 2897 quum,
926 2862 963 2887 111
992 2855 1162 2895 ingeniose

305 2912 510 2953 suspicantur
537 2909 724 2949 Malaspina
753 2914 783 2939 et
813 2909 942 2945 Bosius,
974 2909 1089 2939 Cicero
1118 2908 1164 2938 ita

307 2966 478 2996 scribendo
501 2964 646 2994 indicare
675 2962 819 3003 potuerit
847 2961 1001 2993 Clodium
1030 2962 1063 2992 in
1094 2971 1163 3002 pro-

306 3018 488 3048 nuntiando
511 3015 735 3047 Sicilissitasse
757 3015 825 3046 sive
848 3024 904 3046 ore
926 3015 1066 3045 deducto
1095 3013 1164 3044 lite-

308 3083 378 3104 ram
400 3083 419 3104 0
441 3072 625 3113 protulisse.

351 3125 410 3157 Sed
430 3135 518 3157 soror
533 3144 574 3149 —
586 3125 653 3156 dat.
675 3125 834 3165 Queritur
851 3123 986 3156 Clodius
1000 3124 1041 3155 de
1056 3131 1166 3154 sorore

1199 1948 1312 1979 Astius
1335 1948 1375 1978 ad
1398 1947 1563 1987 Thteoplnu
1587 1946 1735 1977 Charact.
1757 1957 1788 1987 p.
1822 1947 1882 1977 243
1911 1956 1958 1986 sq.
1996 1945 2056 1977 Cff.

1199 2011 1328 2042 quoque
1351 2000 1388 2031 P.
1409 1999 1485 2040 Syri
1507 1999 1624 2039 fragm.
1647 2010 1678 2029 v.
1702 2000 1738 2029 11
1764 1999 1849 2039 apud
1868 1998 2002 2030 Petron.
2017 1999 2056 2028 55

1200 2062 1232 2087 et
1253 2056 1351 2086 Mart.
1374 2054 1419 2085 X.
1441 2054 1490 2090 81,
1515 2055 1544 2083 4.

1242 2109 1331 2139 Male
1353 2108 1544 2138 consularem
1569 2117 1600 2137 o:
1616 2107 1751 2138 consule
1766 2107 1863 2147 plane
1878 2107 2059 2146 indignam.

1200 2161 1405 2202 Malaspinae
1428 2159 1701 2200 interpretationi,
1719 2159 1775 2200 qui
1790 2159 1965 2190 coniunxit
1980 2159 2061 2189 male

1201 2214 1253 2245 odi
1275 2214 1366 2245 illam
1390 2213 1592 2249 consularem,
1616 2212 1723 2242 obstat
1744 2218 1872 2252 praeter
1885 2211 2062 2242 verborum

1203 2267 1353 2298 ordinem
1375 2266 1417 2303 id,
1441 2266 1529 2306 quod
1552 2265 1649 2295 modo
1671 2264 1742 2295 dixi
1771 2265 1811 2295 de
1839 2273 1902 2294 11511
1932 2273 1964 2294 v.
1993 2272 2062 2293 oon-

1203 2320 1323 2352 scalaris
1346 2320 1432 2360 apud
1456 2318 1660 2350 Ciceronem.

1245 2374 1302 2404 Est
1325 2373 1405 2404 enim
1428 2372 1580 2403 seditiosa
1604 2374 1634 2402 et
1658 2381 1724 2401 cum
1747 2371 1813 2401 viro
1836 2370 1950 2401 bellum
1968 2370 2064 2411 yerz'l.

1207 2429 1262 2461 Sic
1283 2429 1358 2460 dedi
1382 2438 1398 2459 e
1421 2428 1607 2458 coniectura
1631 2426 1810 2457 Schuetzii.
1847 2425 1947 2456 Pron.
1970 2435 2008 2455 ea
2030 2425 2064 2455 in

1206 2483 1314 2514 verbis
1337 2492 1374 2512 ea
1397 2484 1443 2511 est
1467 2480 1547 2511 enim
1569 2480 1726 2511 vitiosum
1748 2489 1817 2510 esse
1847 2480 1957 2519 arguit
1985 2478 2065 2509 enim

1182 2556 1184 2570 .
1208 2536 1303 2567 tertio
1326 2535 1398 2565 loco
1420 2534 1574 2575 positum.
1597 2534 1683 2563 Nam
1701 2539 1737 2563 ut
1752 2539 1838 2564 recte
1855 2532 2064 2563 scriberetur:

1207 2589 1363 2620 Seditiosa
1387 2590 1433 2618 est
1456 2587 1546 2624 enim,
1570 2587 1615 2617 sic
1638 2596 1679 2617 116
1701 2586 1800 2617 11111115
1814 2586 1983 2618 efferretur
1997 2595 2066 2626 pro-

1208 2652 1338 2678 nomen,
1361 2641 1542 2681 scripsisset
1565 2640 1696 2671 Cicero:
1722 2650 1757 2670 ea
1781 2639 1860 2670 em'm
1884 2641 1929 2669 est
1952 2650 1977 2669 s.
2006 2639 2067 2670 At-

1209 2706 1271 2737 que
1304 2695 1508 2736 pronominis
1537 2694 1768 2735 repetitionem
1796 2694 1970 2724 molestam
2000 2702 2068 2724 esse

1208 2760 1306 2781 nemo
1328 2749 1473 2789 negabit.
1495 2767 1536 2770 —
1558 2747 1744 2778 Seditionem
1768 2753 1800 2778 et
1823 2747 1932 2777 bellum
1953 2747 1993 2777 de
2008 2747 2069 2777 dis-

1209 2804 1319 2835 cordia
1341 2802 1520 2834 domestica
1543 2803 1630 2833 inter
1651 2802 1808 2841 coniuges
1824 2801 1985 2841 exemplis
1999 2811 2069 2841 pro-

1210 2858 1299 2888 bavit
1330 2856 1368 2887 G.
1400 2856 1557 2897 Cuperus,
1589 2855 1668 2887 Obs.
1698 2856 1761 2885 111.
1792 2855 1841 2885 18.
1886 2854 1990 2884 Virum
2012 2864 2070 2895 pro

1209 2912 1328 2942 marito
1350 2921 1417 2941 non
1441 2911 1502 2941 soli
1524 2916 1639 2950 poetae
1662 2909 1828 2945 dixerunt,
1852 2918 1992 2949 quorum
2023 2908 2069 2938 lo-

1211 2977 1265 2997 cos
1289 2966 1437 2997 laudavit
1461 2965 1570 3004 Sillig.
1593 2965 1633 2995 ad
1657 2963 1728 2995 Cat.
1748 2964 1796 3000 61,
1815 2963 1883 3000 171,
1901 2964 1957 2994 sed
1973 2963 2070 3003 scrip-

1187 3040 1188 3049 ,
1212 3025 1297 3050 tores
1321 3028 1463 3060 quoque.
1488 3017 1538 3049 Cf.
1561 3017 1653 3048 Fam.
1677 3017 1775 3046 VIII.
1799 3015 1827 3053 7,
1851 3017 1879 3046 2.
1908 3016 2006 3046 Tusc.
2029 3016 2072 3046 V.

1212 3073 1262 3105 78.
1285 3073 1359 3104 Liv.
1381 3072 1408 3103 Ι.
1432 3072 1482 3102 58.
1505 3070 1594 3102 Male
1617 3071 1657 3100 de
1678 3070 1740 3100 hoc
1762 3079 1822 3100 usu
1846 3068 1989 3100 nominis
2012 3069 2070 3099 du-

1187 3163 1190 3167 ,
1213 3128 1296 3160 bitat
1316 3127 1460 3159 Freund.
1481 3126 1517 3158 in
1538 3125 1675 3162 Lexioe,
1691 3134 1732 3156 an
1748 3133 1815 3156 non
1830 3124 1873 3156 sit
1886 3123 2072 3156 Tullianus.
