2117 3533
259 152 286 189 4

665 150 748 189 ΕΡ.
785 149 860 189 AD
893 149 939 189 T.
974 148 1322 189 POMPONIUM
1357 147 1619 188 ATTIOUM.

269 283 438 324 frontem
471 281 601 331 ferias,
637 287 743 332 sunt,
780 282 849 336 qui
881 282 1001 322 etiam
1034 280 1272 322 Caesonium
1305 285 1462 336 putent.
1504 279 1712 334 Aquilium
1744 294 1826 321 non
1859 279 2024 322 arbitra-

267 370 370 406 mur,
406 355 474 409 qui
516 354 716 408 denegans
758 360 797 395 et
835 355 982 396 iuravit
1024 353 1208 395 morbum
1251 359 1291 395 et
1330 354 1431 395 illud
1473 369 1589 394 suum
1627 368 1795 408 regnum
1834 353 2023 394 iudiciale

269 427 467 484 opposuit.
502 427 688 478 Catilina,
724 428 756 469 si
789 427 1013 468 iudicatum
1046 426 1121 467 erit
1153 426 1316 467 meridie
1350 442 1431 467 non
1463 426 1608 476 lucere,
1644 430 1775 466 certus
1809 425 1884 466 erit
1919 440 2022 465 com-

266 501 426 556 petitor.
460 500 520 541 De
554 499 715 540 Aufidio
749 504 788 540 et
821 499 868 539 de
902 499 1091 539 Palicano
1124 513 1204 539 non
1238 504 1335 553 puto
1368 503 1407 539 te
1441 502 1681 553 exspectare,
1716 497 1811 537 dum
1840 496 2024 538 scribam.

239 586 254 611 5
271 576 310 613 2.
355 572 415 613 De
447 572 511 623 iis,
547 572 616 626 qui
648 588 756 613 nunc
790 576 946 627 petunt,
982 572 1126 612 Caesar
1159 576 1291 612 certus
1324 576 1502 626 putatur.
1536 571 1731 611 Thermus
1765 584 1855 610 cum
1890 569 2024 610 Silano

311 712 453 745 Orellius
476 714 523 745 ed.
548 723 610 744 sec.
635 713 650 743 1
675 711 846 753 Aquillium
870 730 909 733 —
931 712 950 741 2
972 710 1105 751 deneyat
1128 730 1168 734 —
1189 713 1209 742 4
1233 711 1310 742 Auli
1322 711 1397 752 filio

268 850 356 889 poris
379 854 461 880 esset
483 849 516 880 in
540 849 600 879 IV.
625 848 673 885 16,
699 848 745 883 12,
770 847 797 877 si
820 851 981 877 constaret
1010 855 1123 877 verum
1145 854 1148 879 ι

269 913 347 939 esse,
370 904 458 944 quod
486 903 591 944 prima
619 911 735 932 manus
764 901 834 931 cod.
864 901 951 931 Med.
981 900 1123 940 scripsit:

269 959 403 1000 qffirmat
425 977 466 982 —
488 958 576 988 illum
599 968 659 988 mm
682 956 886 997 triumphare.
918 956 965 986 At
987 957 1026 987 de
1049 956 1123 992 loci,

268 1012 302 1042 in
325 1022 389 1052 quo
412 1022 498 1042 nunc
520 1019 696 1046 versamur,
720 1009 877 1049 scriptura
899 1008 1040 1038 dubitari
1057 1018 1124 1038 non
1148 1033 1150 1040 .

268 1069 382 1105 potest,
412 1064 552 1103 satisque
582 1063 728 1092 munitur
766 1070 918 1101 praesens
955 1060 1125 1100 exemplis,

267 1127 349 1157 quae
363 1117 395 1147 J.
410 1116 447 1147 F.
464 1115 650 1146 Gronovius
667 1120 697 1145 et
713 1114 878 1144 Drakenb.
894 1117 1128 1153 congesserunt

268 1171 308 1200 ad
329 1170 403 1200 Liv.
426 1170 470 1199 II.
495 1171 522 1205 5,
547 1169 575 1199 1.
600 1168 659 1199 th.
683 1177 810 1208 quoque
832 1167 971 1206 Reisig-ii
987 1166 1127 1197 Scholae

267 1223 306 1253 de
330 1232 467 1262 gramm.
491 1222 563 1252 Lat.
588 1221 605 1260 ξ
629 1222 689 1251 289
712 1230 787 1250 cum
809 1221 918 1250 adnot.
941 1219 1066 1249 Haasii.

312 1273 541 1314 CompeliloreS.
572 1273 737 1304 Asconius
761 1273 794 1303 in
818 1282 942 1312 argum.
973 1270 1061 1302 Orat.
1092 1271 1125 1300 in

266 1334 343 1368 toga
365 1328 503 1358 candida
525 1338 555 1367 p.
579 1327 619 1357 82
641 1325 696 1358 Or.
720 1335 770 1356 res
793 1335 961 1365 exponens
984 1329 1019 1354 ut
1035 1329 1127 1354 erant

266 1387 412 1422 tempore
435 1381 643 1412 comitiorum
665 1379 896 1415 consularium,
921 1388 980 1409 sex
995 1387 1125 1408 enume-

266 1440 324 1473 rat,
348 1437 428 1466 duos
451 1435 602 1475 patricios
626 1434 662 1465 P.
694 1433 878 1474 Sulpicium
906 1431 1055 1469 Galbam,
1086 1432 1124 1462 L.

267 1491 420 1531 Sergium
443 1490 636 1526 Catilinam,
660 1494 797 1530 quatuor
819 1488 964 1529 plebeios
988 1486 1023 1518 C.
1056 1488 1125 1517 An-

265 1545 394 1575 tonium
422 1544 470 1575 M.
500 1543 548 1581 F„
580 1544 618 1574 L.
656 1542 805 1573 Cassium
842 1541 1044 1581 Longinum,
1084 1541 1124 1578 Q.

267 1597 489 1635 Cornificimn,
514 1596 549 1628 C.
571 1596 739 1627 Licinium
762 1595 980 1626 Sacerdotem.

308 1650 348 1681 Iu
372 1651 428 1681 hoc
451 1660 484 1681 o:
509 1650 605 1680 huius
628 1654 784 1689 respectu.
808 1647 857 1679 Cf.
879 1648 973 1678 Kritz
998 1647 1037 1677 ad
1059 1646 1125 1677 Sal.

267 1704 335 1736 Cat.
353 1705 401 1741 51,
426 1705 475 1741 35,
498 1704 609 1734 Hand.
633 1703 730 1733 Tui-s.
751 1702 813 1732 111.
837 1701 897 1732 269
920 1711 965 1741 sq.

306 1759 371 1788 Aut
386 1757 494 1788 risisse
509 1760 564 1788 ant
588 1756 783 1796 inssemuisse.
806 1756 898 1786 Illud
918 1755 1024 1791 credo,
1040 1754 1127 1795 quod

268 1812 482 1842 homonovus
505 1816 536 1842 et
558 1811 648 1841 cuius
672 1810 764 1840 nulla
786 1814 878 1840 erant
907 1809 941 1839 in
970 1818 1041 1839 rem
1070 1818 1125 1848 pu-

266 1866 387 1896 blicam
398 1865 523 1902 merita,
541 1864 747 1895 consulatum
761 1868 869 1903 petere
886 1862 1037 1897 audebat;
1054 1861 1124 1897 hoc,

269 1921 358 1960 quod
379 1920 431 1950 vir
446 1919 574 1950 sobrius
590 1929 626 1949 ac
650 1923 791 1954 sanctus,
808 1922 844 1948 ut
866 1916 1033 1948 Asconius
1050 1925 1126 1947 eum

267 1975 410 2015 appellat
432 1985 461 2015 p,
486 1975 534 2011 82,
560 1973 726 2014 repulsam
747 1972 876 2002 laturus
900 1975 990 2002 esset.

313 2027 352 2058 Ut
365 2026 507 2067 frontem
531 2025 649 2066 ferias.
684 2024 816 2055 Frontis
845 2023 1009 2064 percussio
1038 2022 1126 2052 dolo-

268 2090 337 2112 rem
367 2080 499 2110 indicat.
531 2078 580 2109 Cf.
614 2078 703 2108 locus
734 2087 775 2108 ex
807 2076 873 2107 Cic.
904 2075 992 2107 Orat.
1023 2085 1053 2115 p.
1085 2074 1125 2113 Q.

268 2133 377 2165 Gallio
400 2134 434 2164 in
458 2133 550 2164 Brut.
582 2131 651 2163 278.
681 2131 782 2171 Apul.
812 2130 946 2160 Metam.
978 2129 1003 2159 I.
1035 2128 1062 2165 6,
1094 2138 1124 2168 p.

268 2188 308 2218 32
331 2186 480 2219 Oudend.
511 2200 524 2211 ι»
535 2186 651 2216 dextra
665 2184 828 2215 saeviente
844 2182 984 2213 frontem
999 2181 1125 2222 replau-

268 2243 381 2273 dens.''“
403 2241 501 2272 Dion.
524 2239 601 2270 Hal.
624 2238 668 2269 X.
692 2239 709 2268 9
731 2235 889 2273 παίοντες
912 2232 955 2267 τὰ
969 2233 1124 2279 μέτωπα.

311 2298 397 2335 Sunt,
420 2297 472 2339 qui
495 2315 535 2319 —-
550 2296 676 2336 putent.
708 2293 810 2324 Paris.
840 2292 879 2323 D.
911 2292 999 2323 solus
1028 2291 1126 2321 habet

269 2353 367 2383 indic.
382 2353 512 2392 putant,
534 2348 708 2380 manifesto
731 2356 847 2378 errore.
883 2345 981 2376 Multi
1004 2345 1043 2375 de
1065 2345 1126 2374 hac

269 2405 410 2435 formula
431 2408 576 2443 egerunt,
606 2411 686 2441 quos
717 2403 885 2430 enumerat
915 2398 953 2428 F.
984 2397 1126 2427 Haasius

271 2461 311 2490 ad
347 2459 485 2499 Reisigii
516 2457 652 2489 Scholas
682 2456 749 2486 obs.
788 2454 856 2490 507,
892 2453 1009 2494 quibus
1045 2452 1125 2482 adde

271 2513 431 2545 Orellium
454 2513 495 2542 ad
518 2510 605 2542 Orat.
623 2510 682 2540 136
699 2509 747 2539 ed.
771 2508 850 2538 min.
868 2512 898 2537 et
914 2505 1122 2545 Madvigimn

271 2568 311 2597 ad
332 2566 406 2597 Fin.
430 2566 456 2596 Ι.
480 2564 528 2601 70,
551 2564 608 2604 qui
629 2568 715 2593 recte
738 2562 912 2592 observant
934 2560 968 2590 in
985 2558 1126 2599 simplici

269 2620 410 2651 formula
432 2619 516 2659 apud
539 2616 731 2648 Ciceronem
753 2615 863 2655 utique
879 2612 1125 2645 coniunctivum

269 2683 337 2705 esse
359 2672 554 2713 legitinnun.

311 2725 502 2757 Caesonium.
539 2725 572 2755 Is
609 2722 775 2754 Ciceronis
806 2721 838 2752 in
869 2720 1033 2752 aedilitate
1061 2719 1124 2749 col-

267 2781 341 2821 lega
362 2779 475 2810 fuerat.
499 2778 574 2809 Act.
598 2777 614 2807 Ι
637 2777 670 2807 in
694 2776 788 2806 Verr.
813 2775 861 2805 29.

308 2832 477 2875 Aquilium.
515 2830 551 2862 C.
574 2829 729 2870 Aquilius
751 2827 874 2864 Gallus,
898 2828 1004 2857 clarus
1026 2827 1124 2862 Ictus,

268 2897 341 2917 cum
365 2885 523 2917 Cicerone
545 2887 694 2924 praetura
723 2881 852 2911 functus
882 2884 959 2910 erat.
998 2877 1126 2910 Cluent.

269 2939 338 2972 147.
374 2939 506 2969 Nomen
529 2946 604 2967 cum
626 2933 767 2974 simplici
790 2933 803 2963 l
824 2932 1032 2963 scribendum
1059 2939 1128 2962 esse

268 2996 380 3022 monet
402 2990 504 3023 Orell.
535 2989 575 3019 ad
607 2987 720 3028 Topic.
751 2987 791 3017 32
822 2987 870 3017 ed.
900 2985 980 3015 min.
1012 2988 1043 3015 et
1072 2982 1128 3024 qui

270 3049 416 3075 accurate
440 3044 479 3074 de
502 3041 691 3073 nominibus
714 3040 748 3070 in
771 3058 812 3062 —-
833 3038 909 3069 ilius
932 3037 1128 3070 exeuntibus

269 3097 445 3138 disputavit
473 3096 609 3127 Ellendt
638 3093 726 3126 Orat.
756 3094 801 3124 ΙΙ.
840 3103 870 3133 p.
906 3093 965 3123 431
997 3101 1044 3131 sq.
1088 3090 1128 3120 In
1153 3131 1154 3134 Ἰ

272 3152 384 3182 eadem
400 3150 559 3181 sententia
576 3154 621 3180 est
645 3148 796 3179 Osannus
819 3147 858 3176 ad
882 3146 948 3176 (fio.
972 3146 1011 3175 de
1026 3143 1129 3183 Repb.
1153 3159 1154 3162 =

1170 858 1200 887 p.
1224 848 1272 884 34,
1296 848 1352 888 qui
1374 846 1491 879 Orellii
1514 848 1766 878 inconstantiam
1788 847 1821 877 in
1851 847 1902 877 his
1932 847 2027 877 rebus

1170 901 1303 931 notavit.

1217 953 1277 994 Qui
1298 953 1466 995 deneqan-r.
1496 954 1535 983 In
1559 953 1646 984 Med.
1669 952 1720 994 qui
1743 952 1909 993 deneyant.
1946 952 2027 983 Ver-

1171 1007 1249 1037 bum
1271 1006 1448 1047 deneqandzss
1471 1007 1674 1047 aptissimum
1703 1011 1759 1037 est.
1795 1005 1950 1046 Aquilius
1980 1015 2027 1035 ro-

1171 1064 1274 1099 gatuS,
1297 1064 1333 1090 ut
1354 1064 1486 1100 peteret,
1510 1059 1593 1089 illud
1615 1068 1649 1090 se
1679 1058 1839 1089 factumm
1867 1058 2028 1088 recusavit

1171 1122 1203 1143 o:
1228 1112 1405 1152 deneqavit.
1427 1112 1515 1142 Illud
1538 1111 1646 1142 minus
1675 1116 1808 1147 certum,
1837 1115 1946 1141 utrum
1977 1109 2026 1141 Ci-

1171 1175 1245 1196 cero
1267 1165 1430 1205 scripserit
1452 1164 1627 1205 deneqavit,
1642 1169 1678 1194 ut
1699 1164 1841 1195 correxit
1856 1164 2024 1201 Ernestus,

1171 1229 1212 1249 an
1235 1219 1321 1259 quod
1345 1227 1405 1258 ego
1428 1218 1554 1248 restitui
1576 1216 1746 1258 deneqanS.
1783 1216 1960 1257 Participio
1982 1221 2026 1247 ta-

1170 1283 1247 1304 men
1269 1273 1386 1304 melius
1408 1272 1590 1303 declaratur
1619 1271 1872 1312 denegationem
1899 1271 2029 1312 Aquilii

1171 1327 1204 1357 in
1229 1336 1266 1358 eo
1289 1326 1480 1362 constitisse,
1503 1326 1590 1366 quod
1613 1330 1644 1356 et
1665 1325 1817 1356 morbum
1847 1325 1967 1356 iuraret
1998 1330 2029 1356 et

1170 1381 1264 1421 praxi
1287 1381 1423 1411 iuridica
1446 1390 1479 1411 sc
1502 1380 1652 1420 impediri
1675 1380 1804 1410 diceret.

1214 1433 1339 1464 Iuravit
1362 1433 1493 1463 morbum
1510 1443 1544 1463 a:
1560 1433 1677 1463 iuravit
1689 1433 1804 1462 morbo
1820 1441 1853 1463 se
1867 1432 2029 1472 impediri,

1171 1487 1323 1517 morbum
1345 1486 1451 1516 attulit
1473 1496 1611 1522 causam,
1635 1495 1692 1516 cur
1714 1496 1780 1515 non
1809 1490 1941 1526 peteret.
1979 1484 2029 1516 Cf.

1172 1540 1241 1570 Att.
1264 1538 1344 1569 XLI.
1368 1539 1416 1576 13,
1440 1540 1468 1569 2.
1505 1538 1615 1569 Simili
1637 1538 1762 1568 ratione
1792 1538 1911 1568 dicitur
1939 1547 2028 1568 excu-

1171 1603 1244 1624 sare
1266 1593 1407 1630 morbum,
1431 1593 1496 1623 vid.
1519 1592 1636 1623 Matth.
1659 1593 1699 1623 ad
1720 1592 1832 1632 Ligar.
1855 1592 1904 1623 21.

1214 1645 1263 1676 De
1286 1645 1422 1686 Aufidio.
1447 1644 1502 1676 Sic
1524 1645 1616 1675 codd.
1646 1644 1788 1676 Orellius
1811 1645 1851 1675 de
1879 1643 2028 1676 Goveani

1173 1698 1256 1728 coni.
1280 1698 1408 1738 scripsit
1430 1697 1468 1728 de
1490 1697 1566 1727 Auli
1581 1696 1667 1737 filio,
1689 1701 1725 1727 ut
1753 1706 1860 1728 sermo
1882 1701 1966 1727 esset
1988 1697 2029 1727 de

1173 1755 1211 1785 L.
1234 1754 1384 1790 Afranio,
1414 1753 1468 1794 qui
1500 1763 1527 1784 a.
1557 1763 1587 1783 u.
1619 1752 1680 1783 694
1708 1762 1782 1783 cum
1812 1751 1853 1790 Q.
1883 1751 2028 1783 Caecilio

1172 1808 1308 1839 Metello
1330 1807 1535 1838 consulatum
1564 1806 1673 1846 gessit.
1704 1806 1741 1837 A.
1761 1805 1846 1846 filio,
1876 1805 1951 1835 infr.
1981 1805 2026 1835 II.

1173 1864 1200 1900 3,
1225 1863 1240 1893 1
1266 1863 1299 1893 in
1323 1861 1423 1892 Atilio
1445 1861 1572 1891 facilius
1595 1860 1683 1891 abire
1704 1864 1838 1900 poterat,
1866 1868 1964 1900 quam
1992 1859 2026 1889 in

1172 1917 1307 1958 Aufidio.
1338 1916 1495 1948 Codicum
1524 1915 1716 1955 scripturam
1744 1913 1890 1945 defendit
1918 1913 2027 1953 Hage-

1172 1980 1243 2007 nus,
1267 1969 1362 2001 Catil.
1387 1979 1417 2009 p.
1440 1969 1508 1999 122.

1214 2023 1261 2052 De
1285 2021 1447 2052 Palicano.
1485 2021 1625 2052 Videtur
1647 2029 1715 2051 esse
1738 2020 1784 2050 M.
1807 2018 1935 2049 Lollius
1965 2017 2024 2048 Pa-

1173 2077 1307 2113 licanus,
1330 2076 1430 2106 homo
1459 2075 1581 2115 loquax
1609 2073 1714 2113 magis
1743 2082 1842 2114 quam
1869 2072 2027 2102 facundus

1173 2130 1307 2169 (Salust.
1338 2131 1423 2170 apud
1451 2129 1564 2167 Quint.
1587 2128 1613 2158 1.
1637 2127 1675 2159 O.
1698 2127 1759 2158 IV.
1783 2128 1811 2163 2,
1835 2127 1863 2164 2,
1879 2125 1919 2156 cf.
1935 2126 2026 2156 Brut.

1173 2185 1257 2224 223),
1280 2193 1378 2224 quem
1399 2194 1426 2214 a.
1450 2193 1480 2213 u.
1504 2182 1563 2214 687
1586 2181 1791 2212 consulatum
1812 2184 1976 2221 petentem
1991 2178 2026 2210 C.

1173 2240 1251 2271 Piso
1273 2239 1387 2270 consul
1414 2238 1547 2278 negavit
1577 2247 1619 2274 se,
1650 2237 1676 2267 si
1705 2241 1830 2267 creat-us
1860 2240 1952 2271 esset,
1981 2243 2026 2265 re-

1173 2293 1411 2329 nuntiaturum,
1436 2292 1583 2322 nondum
1613 2290 1702 2320 enim
1730 2289 1765 2319 in
1794 2288 1959 2329 republica
1989 2296 2028 2318 eo

1173 2346 1378 2387 indignitatis
1400 2349 1536 2375 ventum
1558 2352 1636 2374 esse.
1660 2342 1736 2372 Val.
1759 2341 1850 2372 Max.
1872 2341 1936 2371 111.
1952 2341 1980 2377 8,
1998 2341 2026 2370 3.

1174 2400 1222 2432 Cf.
1252 2400 1363 2431 Madv.
1393 2399 1433 2429 de
1464 2398 1541 2428 Asc.
1565 2396 1644 2427 Ped.
1666 2406 1696 2436 p.
1721 2395 1779 2425 116
1802 2405 1848 2434 sq.
1870 2395 1911 2424 In
1931 2393 2027 2424 Afra-

1173 2453 1273 2488 nimn,
1296 2451 1465 2482 hominem
1487 2449 1535 2479 sui
1558 2448 1708 2484 similem,
1724 2446 1902 2482 consulem,
1925 2445 2027 2476 libere

1173 2505 1321 2536 convicia
1343 2503 1464 2540 effudit,
1487 2502 1518 2532 h.
1542 2502 1563 2532 l.
1587 2502 1635 2538 18,
1666 2496 1693 2536 5,
1724 2499 1788 2530 nisi
1817 2498 1862 2529 ibi
1891 2499 1932 2529 de
1961 2498 2027 2528 alio

1173 2557 1330 2588 Palicano
1352 2565 1458 2587 sermo
1492 2554 1541 2591 sit,
1572 2558 1607 2584 ut
1643 2552 1752 2583 visum
1787 2550 1957 2582 Ellendtio
1986 2551 2026 2580 ad

1173 2610 1267 2641 Bmti
1295 2608 1316 2639 l.
1332 2608 1354 2638 l.
1397 2607 1559 2648 Equidem
1597 2605 1748 2636 omnibus
1777 2603 1857 2634 locis
1887 2603 2028 2634 eundem

1171 2663 1340 2694 hominem
1361 2661 1425 2691 dici
1447 2659 1650 2691 crediderim.
1672 2676 1714 2681 —
1734 2656 1937 2697 Praepositio
1952 2660 2026 2686 ante

1170 2716 1233 2746 hoc
1254 2723 1375 2746 nomen
1398 2713 1432 2744 in
1455 2713 1543 2744 Med.
1566 2711 1723 2743 omissum
1743 2714 1828 2742 recte
1850 2709 1971 2750 legitur
1992 2708 2025 2739 in

1171 2774 1310 2811 quatuor
1333 2767 1501 2798 Parisinis.
1767 2766 1770 2767 ⁷

1214 2824 1232 2863 ξ
1255 2824 1283 2854 2.
1305 2822 1354 2852 De
1374 2821 1424 2858 «iis,
1449 2820 1501 2862 qui
1524 2830 1606 2851 nunc
1627 2821 1752 2860 petant.
1787 2819 1827 2849 In
1856 2816 2026 2858 superiori-

1172 2876 1230 2907 bus
1254 2875 1368 2907 Cicero
1397 2874 1442 2905 ita
1472 2873 1622 2914 loquitur,
1652 2871 1744 2913 quasi
1772 2871 1807 2902 in
1837 2873 2025 2911 sequentem

1172 2938 1296 2959 annum
1317 2926 1523 2958 consulatum
1545 2929 1677 2966 peteret.
1721 2922 1786 2955 Sed
1808 2932 1850 2954 ex
1873 2922 1921 2959 iis,
1943 2929 2026 2962 quae

1171 2982 1232 3013 hac
1256 2982 1273 3021 ξ
1296 2981 1458 3021 leguntur,
1482 2983 1613 3020 apparet
1635 2987 1710 3009 eum
1731 2975 1879 3017 sequenti
1892 2976 2027 3006 demum

1173 3045 1260 3066 anno
1282 3034 1421 3075 petiisse.
1466 3033 1576 3072 Atque
1598 3040 1699 3072 quum
1720 3034 1815 3061 natus
1838 3033 1921 3060 esset
1943 3038 1970 3058 a.
1993 3028 2024 3057 d.

1172 3088 1226 3119 111
1247 3087 1335 3118 Non.
1358 3087 1428 3117 Ian.
1453 3096 1479 3116 a.
1512 3085 1571 3115 648
1601 3093 1659 3125 per
1687 3088 1825 3114 aetatem
1854 3091 1918 3122 quo
1946 3086 2024 3111 tem·

1173 3150 1250 3182 pore
1272 3141 1356 3171 hanc
1379 3138 1548 3179 epistolam
1571 3136 1707 3177 scripsit,
1730 3145 1772 3167 ne
1787 3134 1878 3165 licuit
1893 3133 2025 3174 quidem
