2117 3533
225 140 310 181 150
619 137 703 177 ΕΡ.
737 135 812 175 AD
845 134 891 174 T.
924 131 1275 174 POMPONIUM
1307 129 1569 171 ATTICUM.

225 278 411 329 speraret,
446 270 667 326 perfectum
701 284 784 310 esse
818 283 887 323 per
919 272 973 307 te.
1010 268 1051 306 3.
1085 266 1146 306 Mi
1180 265 1391 320 Pomponi,
1426 279 1562 319 pugna
1593 268 1640 305 ut
1667 267 1799 304 tecum
1823 266 1862 303 et
1887 275 1978 302 cum

226 346 324 387 meis
364 344 462 384 mihi
505 343 624 383 liceat
666 342 797 382 vivere
832 344 871 381 et
905 339 1032 380 scribe
1066 338 1116 379 ad
1148 353 1210 379 me
1244 338 1390 379 omnia.
1442 338 1604 377 Premor
1636 336 1749 377 luctu
1783 333 1979 376 desiderio

227 419 404 460 omnium
439 429 589 465 eorum,
636 413 705 468 qui
738 412 838 453 mihi
870 427 933 452 1116
967 410 1135 451 cariores
1169 425 1321 465 semper
1365 409 1541 449 fuerunt.
1604 408 1710 449 Cura
1749 411 1796 448 ut
1835 406 1979 447 valeas.

230 494 269 531 »1.
303 491 390 543 Ego
424 486 544 541 quod,
579 501 648 541 per
680 484 925 525 Thessaliam
959 483 991 523 si
1025 483 1123 523 irem
1155 482 1198 522 in
1231 482 1413 536 Epirum,
1437 479 1579 535 perdiu
1607 480 1708 521 nihil
1740 494 1845 520 eram
1869 478 1981 519 audi-

191 577 204 600 5
227 568 342 604 turus
375 565 414 601 et
448 558 555 613 quod
587 558 666 599 mei
701 557 900 597 studiosos
940 554 1068 595 habeo
1113 554 1425 609 Dyrrhachinos,
1467 552 1516 593 ad
1557 568 1622 594 eos
1654 553 1822 608 perrexi,
1859 567 1979 606 quum

189 2741 218 2765 [Ο

227 636 296 676 11111
330 633 533 689 superiora
565 628 870 671 Thessalonicae
905 626 1164 681 scripsissem.
1199 625 1299 666 Inde
1333 640 1458 680 quum
1491 624 1540 664 ad
1573 629 1611 665 te
1645 640 1707 665 me
1741 628 1982 673 convertam,

228 709 371 750 faciam
403 711 450 747 ut
483 704 604 754 scias,
639 707 765 756 tuque
799 700 848 741 acl
882 715 944 740 me
978 698 1096 739 velim
1131 698 1263 738 onmia
1306 712 1424 751 quam
1469 696 1788 750 diligentissime,
1834 696 1983 737 cuicui-

228 780 337 822 modi
370 783 478 828 sunt,
514 775 677 817 scribas.
712 776 799 829 Ego
831 774 911 814 iam
946 777 1015 813 aut
1047 787 1130 812 rem
1165 776 1234 812 aut
1256 786 1305 812 ne
1329 785 1438 825 spem
1462 770 1623 824 quidem
1647 773 1846 825 exspecto.
1881 769 1985 809 Data

229 868 289 896 VI.
323 853 416 895 Kal.
450 849 660 892 Decembr.
695 845 948 902 Dyrrhachii.

272 1019 289 1048 1
312 1015 447 1057 sperarit
469 1034 509 1037 —
533 1014 550 1044 3
573 1011 703 1044 omnium
727 1019 858 1040 meorum
882 1027 921 1030 —

232 1164 315 1196 ravit
336 1163 476 1193 Ernesto
498 1161 538 1191 de
560 1159 747 1190 coniectura-
768 1155 923 1186 scribenti
940 1154 1085 1194 sperarit.

231 1215 335 1255 Quasi
358 1224 434 1245 vero
457 1213 499 1251 Q.
523 1211 638 1244 Cicero
659 1220 726 1240 non
757 1208 897 1239 scribere
926 1206 1085 1247 potuerit:

232 1273 393 1310 quantum
423 1264 583 1303 sperabam
614 1264 695 1303 (quo
722 1266 867 1301 tempore
895 1259 954 1289 has
988 1259 1028 1289 ad
1056 1263 1087 1288 te

232 1322 343 1353 literas
366 1319 511 1359 dabam),
534 1316 715 1358 perfectum
739 1319 786 1345 est
807 1322 864 1354 per
886 1313 924 1342 T.
949 1312 1088 1352 Pompo-

233 1373 351 1405 nium?
562 1361 582 1380 ⁸

276 1427 293 1466 ξ
317 1427 345 1456 3.
375 1424 487 1464 qumc
510 1432 543 1453 o:
584 1421 736 1451 omnibus
764 1418 889 1449 viribus
918 1416 1088 1447 contende.

233 1480 282 1512 Cf.
305 1479 399 1510 Fam.
420 1478 486 1508 ΙΙΙ.
509 1477 557 1513 10,
581 1477 599 1506 3
623 1474 704 1504 illud
722 1483 828 1513 ltu-qna
851 1474 881 1501 et
904 1470 1032 1507 enilere,
1050 1479 1087 1499 ve

233 1533 308 1576 quid
329 1532 414 1563 nobis
437 1529 582 1571 {emporis
598 1529 796 1569 proroyelvr.

276 1587 403 1617 Premor
425 1585 511 1614 lacta
535 1582 691 1613 desiderio
707 1580 836 1611 onmium
854 1589 967 1614 eorum,
981 1577 1033 1619 qui
1048 1595 1089 1598 ——

224 1640 371 1681 sicerum.
395 1637 490 1668 Nihil
514 1635 638 1665 mutavi
660 1633 694 1663 in
718 1633 787 1663 cod.
811 1632 899 1662 Med.
922 1630 1088 1670 scriptura,

233 1693 298 1723 nisi
328 1700 429 1722 eornm
467 1695 525 1729 pro
561 1697 671 1717 rerum.
724 1684 848 1716 Omitto
882 1682 1091 1713 librariorum

234 1751 265 1777 et
288 1745 377 1776 editt.
400 1741 687 1782 interpolationes3
720 1739 776 1769 sed
801 1747 866 1767 non
891 1735 1007 1766 inutile
1031 1734 1090 1765 erit
1111 1750 1113 1756 ν

234 1807 368 1829 monere
391 1797 477 1826 luctu
501 1799 531 1825 et
553 1791 709 1824 desiderio
732 1801 799 1821 11011
831 1798 900 1820 6556
930 1787 1090 1818 ablativos

235 1851 382 1882 eiusdem
403 1847 543 1889 generis.
577 1845 688 1876 Facile
711 1844 772 1874 1106
795 1841 995 1881 intelligitur
1017 1849 1091 1870 con-

236 1904 413 1936 structione
436 1903 469 1933 in
493 1900 633 1932 activam
666 1897 803 1928 formam
831 1899 968 1925 mutata.
1005 1893 1093 1923 Nam

806 2011 970 2052 XXIII.

1036 2011 1100 2063 (A.

1130 1152 1175 1184 sic
1199 1151 1275 1182 erit:
1311 1149 1506 1180 Desiderium
1529 1149 1661 1180 omnium
1683 1158 1785 1178 eorum
1802 1148 1917 1188 premit
1939 1158 1986 1179 me

1131 1206 1226 1235 luctu.

1172 1258 1189 1296 ξ
1212 1258 1241 1287 4.
1269 1255 1381 1286 Perdiu
1403 1255 1485 1285 nihz‘l
1506 1265 1588 1285 eram
1611 1253 1790 1292 {auditura-⁹,
1813 1253 1881 1284 sive
1899 1254 1985 1294 quod

1131 1311 1270 1350 longum
1292 1310 1362 1346 iter,
1385 1309 1454 1340 sive
1476 1309 1563 1349 quod
1585 1308 1719 1339 devium
1740 1312 1817 1338 erat.

1174 1365 1226 1394 Ad
1247 1367 1277 1394 te
1299 1374 1344 1394 me
1367 1365 1552 1393 convertam.
1579 1362 1627 1394 Cf.
1652 1363 1725 1393 adn.
1750 1363 1790 1392 ad
1813 1371 1861 1402 ep.
1885 1362 1933 1399 11,
1958 1363 1986 1392 1.

1175 1416 1365 1447 Cuicuz'modz‘
1398 1418 1470 1446 sunt
1513 1426 1544 1446 o:
1591 1416 1811 1455 cuiuscunque
1855 1415 1987 1455 generis

1135 1477 1219 1508 sunt,
1245 1480 1441 1511 quocunque
1464 1471 1561 1501 modo
1594 1480 1627 1501 se
1656 1470 1789 1500 habent.
1830 1468 1878 1500 Cf.
1903 1469 1986 1500 XII.

1134 1525 1182 1562 18,
1207 1526 1234 1555 1.
1257 1524 1465 1555 Adverbium
1495 1522 1687 1559 cuicuimodi,
1719 1523 1808 1562 quod
1836 1521 1988 1553 Ciceroni

1134 1587 1227 1618 saepe
1245 1583 1357 1607 contra
1370 1577 1496 1607 codices
1510 1576 1674 1607 redditum
1691 1581 1747 1611 est,
1765 1575 1844 1614 (vid.
1859 1574 1988 1615 Zumpt.

1136 1633 1177 1662 ad
1200 1632 1295 1662 Verr.
1319 1631 1375 1661 lib.
1399 1631 1441 1661 V.
1473 1630 1547 1669 107)
1578 1635 1685 1660 ortum
1714 1629 1842 1660 videtur
1872 1638 1889 1659 e
1918 1638 1988 1669 pro-

1134 1684 1342 1715 nuntiatione
1365 1693 1440 1723 gen.
1461 1683 1559 1719 cuius,
1584 1682 1676 1719 cuiu‘,
1700 1681 1793 1722 quasi
1811 1691 1878 1712 vox
1892 1682 1990 1712 unius

1135 1738 1281 1778 syllabae
1305 1737 1354 1767 sit.

1178 1789 1242 1818 Ant
1265 1799 1329 1818 rem
1351 1790 1406 1818 aul
1430 1798 1468 1818 ne
1489 1798 1568 1828 spem
1585 1786 1704 1828 quidem
1720 1796 1754 1817 o:
1779 1790 1834 1817 aut
1848 1785 1989 1826 promul-

1138 1846 1250 1882 gatum
1274 1851 1343 1872 esse
1366 1841 1406 1871 de
1428 1851 1502 1872 mea
1525 1841 1629 1872 salute
1652 1844 1707 1871 aut
1729 1849 1898 1879 nunquam
1919 1848 1990 1878 pro-

1137 1895 1323 1934 mulgatum
1345 1892 1396 1923 iri.

1143 2010 1187 2050 U.
1226 2009 1269 2051 C.
1305 2010 1424 2062 696.)

303 2148 342 2186 1.
377 2147 427 2185 A.
462 2143 502 2183 (1.
537 2156 577 2183 v.
611 2140 705 2181 Kal.
740 2137 951 2179 Decembr.
984 2136 1057 2177 tris
1091 2136 1278 2191 epistolas
1312 2150 1333 2176 a
1366 2140 1405 2175 te
1439 2135 1594 2189 accepi;
1632 2149 1754 2175 unam
1788 2133 1922 2174 (latam
1955 2148 1990 2174 a.

238 2221 278 2261 (1.
321 2231 420 2260 VIII.
462 2216 555 2257 Kal.
596 2212 830 2262 Novembr„
875 2212 918 2252 in
961 2226 1039 2264 qua
1082 2225 1144 2250 me
1185 2209 1369 2258 hortaris,
1413 2212 1461 2248 ut
1508 2206 1601 2247 forti
1642 2206 1773 2246 animo
1816 2220 1991 2246 mensem

238 2291 472 2334 Ianuarium
506 2291 730 2342 exspectem
763 2299 902 2339 eaque,
949 2298 1048 2336 quae
1084 2282 1132 2323 ad
1176 2296 1285 2336 spem
1326 2284 1443 2335 putas
1485 2278 1696 2334 pertinere,
1742 2277 1790 2318 (16
1830 2277 1993 2318 Lentuli

239 2364 387 2414 studio,
423 2362 470 2402 (16
504 2359 659 2401 Metelli
692 2358 912 2405 voluntate,
949 2355 996 2395 (16
1029 2360 1114 2395 tota
1146 2353 1326 2408 Pompeii
1355 2352 1508 2393 ratione
1537 2349 1763 2405 perscribis.
1797 2350 1847 2390 In
1872 2349 1995 2390 altera

239 2436 406 2492 epistola
437 2437 592 2489 praeter
626 2428 958 2471 consuetudinem
992 2432 1102 2467 tuam
1137 2425 1241 2465 diem
1274 2440 1355 2464 non
1389 2421 1595 2472 adscribis,
1640 2421 1707 2462 sed
1742 2421 1837 2462 satis
1871 2421 1992 2475 signi-

238 2512 332 2550 ficas
364 2514 536 2562 tempus
585 2505 691 2558 Lege
725 2503 831 2543 enim
867 2500 916 2542 ab
950 2505 1038 2540 octo
1071 2498 1245 2539 tribunis
1278 2496 1332 2551 pl.
1366 2495 1630 2550 promulgata,
1666 2493 1805 2534 scribis
1844 2498 1883 2533 te
1927 2508 1992 2534 eas

238 2582 373 2622 literas
407 2595 451 2620 eo
485 2579 571 2633 ipso
605 2577 668 2617 die
703 2575 872 2624 dedisse,
917 2573 959 2613 id
1000 2577 1073 2622 est,
1119 2587 1153 2612 a.
1189 2570 1228 2610 (1.
1270 2582 1360 2610 1111.
1404 2567 1497 2608 Kal.
1539 2565 1772 2616 Novembr„
1814 2570 1854 2607 et
1897 2565 1992 2620 quid

239 2659 354 2710 putes
386 2651 574 2694 utilitatis
608 2664 693 2690 611111
726 2646 1085 2702 promulgationem
1119 2643 1299 2684 attulisse
1333 2640 1487 2681 scribis.
1521 2640 1571 2680 In
1605 2654 1683 2693 quo
1717 2639 1750 2679 si
1780 2639 1859 2680 iam
1892 2639 1991 2679 haec

239 2731 374 2768 nostra
409 2724 513 2765 salus
547 2737 639 2763 cum
671 2723 745 2763 hnc
778 2722 863 2776 lege
905 2719 1111 2773 desperata
1155 2716 1243 2765 erit,
1289 2714 1407 2754 velim
1451 2728 1521 2768 pro
1561 2718 1630 2753 tuo
1669 2712 1711 2752 in
1756 2727 1817 2753 me
1862 2726 1994 2752 amore

1178 2889 1257 2930 Leye
1278 2907 1318 2910 —
1336 2887 1547 2928 promulyaia.
1572 2885 1622 2917 Cf.
1645 2884 1728 2916 Sest.
1751 2884 1790 2914 69
1814 2893 1860 2924 sq.

1178 2943 1216 2972 In
1240 2952 1297 2983 quo
1320 2959 1360 2963 ——
1382 2941 1550 2980 desperata
1572 2939 1633 2970 erit
1656 2949 1688 2969 o:
1713 2943 1808 2978 atque
1829 2937 1890 2967 hoc
1918 2936 1990 2966 loco

1136 2998 1197 3027 110(-
1221 2996 1280 3026 tibi
1302 2996 1419 3031 dicam,
1442 2994 1468 3024 si
1491 2994 1552 3024 hac
1574 2993 1647 3032 lege
1670 2991 1824 3032 impedita
1840 2990 1991 3021 interces-

1139 3050 1229 3080 sione
1267 3049 1356 3079 Aelii
1395 3047 1529 3087 Liguris
1564 3045 1814 3077 deterrebuntur
1855 3043 1911 3073 alii
1950 3042 1991 3073 ab

1140 3104 1268 3141 agendo
1290 3112 1348 3142 pro
1370 3110 1431 3131 me.

283 2902 300 2939 ξ
324 2902 352 2930 1.
376 2898 428 2929 Ad
448 2908 528 2938 Spem
552 2907 585 2927 οι
617 2896 657 2926 ad
680 2904 769 2935 spem
792 2892 874 2923 mihi
896 2891 1089 2922 faciendam.
1112 2877 1115 2909 l

241 2955 333 2984 Idem
356 2963 398 2983 ex
420 2952 491 2982 Att.
514 2951 576 2981 XI.
600 2951 647 2985 15,
672 2949 687 2978 l
713 2953 743 2978 et
767 2948 814 2983 20,
839 2947 855 2976 1
878 2944 1090 2975 Hofmaunus

241 3007 357 3037 attulit.
380 3006 448 3036 Nec
471 3005 564 3034 aliter
587 3001 781 3042 explicanda
804 3004 881 3029 sunt
902 2997 1089 3037 adpuytmm
1114 3001 1115 3042 1

242 3061 348 3097 (Caes.
374 3059 411 3088 B.
433 3058 472 3087 (τ’.
496 3057 520 3086 Ι.
546 3057 610 3091 271),
634 3053 677 3084 ιιι]
703 3052 864 3092 praedam,
888 3049 932 3081 ad
948 3050 1090 3084 salacem,

243 3111 317 3140 alia.
