2117 3533
263 146 349 186 240

660 145 745 186 ΕΡ.
779 144 856 184 AD
887 144 934 184 Τ.
968 142 1318 184 POMPONIUM
1350 143 1614 185 ATTICUM.

258 293 321 320 me
353 294 531 333 unquam
564 277 778 319 delectavit
809 277 950 331 magis.
991 276 1093 318 Inde
1126 278 1284 333 oppidis
1316 277 1381 329 iis,
1416 278 1442 322 †
1475 294 1575 333 quae
1609 285 1735 332 erant,
1775 282 2011 325 mirabiliter

260 352 413 407 accepti
443 351 681 392 Laodiceam
715 350 843 406 pridie
876 350 970 391 Kal.
1005 351 1111 392 Sext.
1153 352 1345 393 venimus.
1399 351 1465 393 Ibi
1504 355 1648 395 morati
1685 355 1855 396 biduum
1896 357 2012 411 peril-

258 425 401 466 lustres
435 424 582 464 fuimus
615 423 923 477 honorificisque
957 423 1088 465 verbis
1122 439 1258 466 omnes
1290 425 1459 466 iniurias
1508 427 1733 470 revellimus
1777 429 2013 484 superiores.

257 497 375 548 Quod
408 496 514 537 idem
548 495 641 537 dein
674 498 875 551 Apameae
910 496 1087 551 quinque
1121 497 1207 538 dies
1238 498 1382 539 morati
1415 504 1455 540 et
1484 500 1681 555 Synnadis
1699 501 1893 552 triduum,
1918 501 2013 543 Phi-

225 569 404 610 5lomelii
438 569 614 624 quinque
649 569 749 619 dies,
783 569 914 610 Iconii
948 568 1085 609 decem
1119 569 1301 611 fecimus.
1336 571 1453 612 Nihil
1486 587 1531 613 ea
1553 573 1653 614 iuris
1677 573 1852 615 dictione
1875 589 2016 629 aequa-

256 642 391 692 bilius,
425 640 528 683 nihil
560 643 704 693 lenius,
740 642 843 683 nihil
876 642 1053 696 gratius.
1091 645 1130 683 2.

1165 643 1266 684 Inde
1299 644 1342 684 in
1376 649 1504 686 castra
1537 646 1629 687 veni
1661 662 1696 687 a.
1732 646 1772 687 d.
1806 660 1887 689 VII.
1920 647 2014 689 Kal.

257 714 478 770 Septembr.
514 717 564 755 A.
599 714 638 755 d.
674 727 744 755 111.
780 715 1000 756 exercitum
1032 715 1200 757 lustravi
1246 717 1353 772 apud
1399 718 1597 761 Iconium.
1649 721 1710 761 Ex
1753 719 1816 761 his
1861 721 2014 771 castris,

257 804 379 842 quum
412 804 551 843 graves
585 788 633 830 de
666 789 826 830 Parthis
858 789 994 830 nuntii
1027 789 1224 841 venirent,
1269 791 1425 845 perrexi
1456 791 1500 832 in
1535 791 1717 833 Ciliciam
1750 809 1819 848 per
1863 794 2015 849 Cappa-

256 862 392 903 dociae
425 867 579 918 partem
612 878 713 913 eam,
749 877 848 917 quae
883 862 1067 904 Ciliciam
1102 864 1281 918 attingit,
1317 879 1363 904 eo
1397 864 1578 916 consilio,
1614 870 1659 906 ut
1691 866 1908 907 Armenius
1941 867 2015 906 Ar-

202 944 238 970 10
255 936 438 977 tavasdes
471 941 510 976 et
542 935 620 990 ipsi
643 934 785 975 Parthi
809 935 1063 990 Cappadocia
1088 951 1127 977 se
1152 937 1313 978 excludi
1336 943 1537 993 putarent.
1572 939 1709 990 Quum
1733 938 1816 980 dies
1840 939 2016 993 quinque

256 1008 305 1050 ad
339 1008 522 1063 Cybistra
560 1008 874 1063 [Cappadociae]
912 1014 1041 1050 castra
1073 1009 1319 1062 habuissem,
1354 1011 1498 1052 certior
1542 1027 1630 1052 sum
1673 1011 1803 1052 factus
1846 1011 2017 1053 Parthos

257 1080 306 1121 ab
339 1081 408 1122 illo
442 1081 556 1122 aditu
590 1081 866 1136 Cappadociae
900 1081 1019 1136 longe
1054 1080 1206 1132 abesse,
1241 1082 1405 1124 Ciliciae
1438 1084 1566 1138 magis
1607 1084 1828 1126 imminere.
1873 1084 2016 1139 Itaque

256 1153 465 1194 confestim
497 1153 574 1194 iter
607 1153 650 1194 in
685 1153 868 1194 Ciliciam
901 1153 978 1194 feci
1010 1169 1080 1209 per
1124 1155 1245 1196 Tauri
1288 1156 1413 1210 pylas.

1476 1158 1517 1197 3.
1562 1157 1729 1198 Tarsum
1772 1157 1864 1198 veni
1906 1172 1942 1198 a.
1976 1156 2017 1197 d.

254 1238 322 1268 ΠΙ.
357 1227 466 1268 Non.
501 1226 667 1268 Octobr.
714 1227 815 1268 Inde
850 1227 900 1267 ad
935 1229 1137 1268 Amanum
1170 1229 1374 1280 contendi,
1421 1229 1489 1283 qui
1533 1230 1685 1284 Syriam
1726 1245 1748 1270 a
1792 1229 1933 1270 Cilicia
1974 1229 2017 1269 in

202 1312 235 1339 15
254 1315 446 1354 aquarum
477 1300 648 1341 divortio
683 1299 842 1351 dividit,
886 1301 954 1355 qui
988 1316 1102 1342 mons
1137 1307 1221 1342 erat
1261 1301 1439 1343 hostium
1479 1302 1623 1358 plenus
1669 1302 2016 1357 sempiternorum.

254 1372 334 1413 Hic
368 1388 401 1414 a.
435 1372 474 1414 d.
511 1386 579 1413 ΠΙ.
615 1372 712 1413 Idus
757 1372 922 1414 Octobr.
966 1388 1157 1428 magnum
1202 1389 1413 1415 numerum
1456 1375 1632 1415 hostium
1677 1374 1910 1426 occidimus,
1956 1389 2018 1416 ca-

253 1445 366 1485 stella
399 1445 667 1486 munitissima
699 1450 896 1486 nocturno
930 1446 1151 1501 Pomptinii
1184 1446 1372 1498 adventii,
1402 1452 1537 1488 nostro
1582 1448 1780 1488 matutino
1824 1448 2015 1503 cepimus,

252 1518 527 1568 incendimus,
561 1519 818 1574 imperatores
861 1519 1049 1574 appellati
1093 1535 1242 1561 sumus,
1293 1520 1431 1562 Castra
1471 1536 1618 1576 paucos
1663 1520 1747 1561 dies
1786 1519 2016 1570 habuimus,

254 1606 299 1632 ea
331 1591 430 1647 ipsa,
467 1607 566 1646 quae
601 1597 739 1633 contra
772 1592 941 1633 Darium
975 1592 1172 1633 habuerat
1205 1593 1310 1648 apud
1344 1594 1476 1635 Issum
1520 1592 1760 1643 Alexander,
1802 1592 2018 1647 imperator

200 1677 236 1704 20
255 1664 363 1706 haud
398 1665 533 1720 paullo
566 1666 705 1707 melior
740 1681 857 1720 quam
893 1670 963 1707 aut
994 1671 1041 1707 tu
1075 1671 1144 1707 aut
1185 1681 1272 1720 ego.
1319 1665 1383 1707 Ibi
1424 1667 1508 1707 dies
1552 1665 1729 1720 quinque
1771 1664 1914 1705 morati
1958 1663 2016 1704 di-

297 1821 312 1851 1
336 1831 396 1862 qua
417 1820 515 1851 ieram
538 1838 579 1843 —
601 1821 638 1851 11
666 1819 882 1860 Cappadociae
905 1820 976 1852 sine
999 1820 1104 1851 uncis.

254 1968 393 2008 aliisque
417 1967 466 2007 (in
489 1966 577 1997 XIV
599 1966 692 1997 codd.
716 1965 835 1996 vidisse
858 1974 892 1996 se
915 1965 1026 1996 scribit
1050 1965 1111 1995 La-

255 2022 473 2062 gomarsinius
503 2022 544 2052 ad
572 2021 736 2061 Poggiani
765 2020 858 2061 epist.
887 2020 933 2057 ΙΙ,
963 2030 994 2060 p.
1025 2019 1111 2059 356),

255 2086 392 2116 eamque
415 2075 694 2106 constructionem
716 2074 937 2105 defendebant
959 2083 1001 2104 ex
1020 2073 1111 2114 epist.

256 2129 361 2161 Caelii
383 2130 489 2163 (Fani.
514 2130 613 2160 VIII.
637 2130 686 2165 13,
710 2129 753 2166 1),
777 2128 834 2158 ubi
853 2128 924 2158 cod.
941 2127 1111 2158 Mediceus

255 2185 326 2214 dat:
352 2183 503 2213 Gratulor
526 2182 581 2212 tibi
611 2181 765 2222 affinitate
792 2181 853 2211 viti
883 2179 1000 2225 optimi.
1048 2179 1114 2210 Sed

256 2238 478 2268 accusativum
500 2237 532 2267 h.
563 2237 584 2267 l.
614 2237 739 2266 dudum
768 2235 982 2266 restituerunt
1011 2233 1111 2264 edito-

256 2301 322 2327 res;
348 2291 381 2321 in
406 2290 561 2321 Caeliana
591 2289 747 2320 Lambini
776 2288 1014 2319 correctionem
1042 2286 1108 2327 affi-

255 2343 384 2374 nitatem
423 2342 567 2375 Orellius
603 2342 735 2383 sprevit,
772 2340 991 2372 necessariam
1026 2339 1112 2370 dixit

255 2397 523 2437 Wesenbergius,
564 2397 704 2427 Emend.
746 2406 776 2436 p.
815 2396 885 2425 113.
926 2394 1111 2434 Malaspina

256 2461 388 2492 quoque
410 2457 482 2491 post
504 2450 556 2491 qai
577 2450 707 2481 causale
730 2449 976 2480 subiunctivum
1005 2447 1111 2487 legiti-

256 2514 348 2535 mum
383 2504 556 2540 iudicabat,
584 2503 746 2543 habetque
779 2502 842 2533 sibi
872 2501 1111 2532 adsentientem

256 2557 533 2597 Wesenbergium
555 2567 606 2597 op.
630 2557 650 2586 1.
674 2566 705 2596 p.
728 2555 797 2593 122,
821 2555 879 2596 qui
907 2555 940 2585 h.
970 2555 990 2585 1.
1022 2554 1110 2586 Cice-

256 2621 371 2643 ronem
390 2611 574 2652 yratulatus
594 2609 638 2639 sis
667 2609 831 2649 scripsisse
861 2608 1051 2649 suspicatur,
1081 2611 1111 2638 et

258 2663 406 2704 plurimis
429 2663 509 2693 locis
532 2662 630 2692 illum
652 2671 750 2692 usum
771 2661 926 2692 vindicat.
957 2659 1110 2691 Indicati-

257 2728 317 2748 vus
340 2726 392 2748 me
413 2716 547 2757 quidem
570 2726 636 2746 non
659 2715 807 2746 offendit.

298 2773 314 2809 †
343 2770 432 2807 Quae
459 2772 560 2801 erant.
596 2770 647 2800 Ita
678 2770 766 2800 Med.
797 2769 910 2809 Vulgo
947 2778 964 2800 e
1000 2767 1111 2799 codice

257 2824 349 2855 Bosii
372 2824 446 2854 ficto
468 2824 567 2854 edunt
581 2833 641 2864 qaa-
657 2822 764 2853 ieram.
789 2822 845 2853 Me
858 2822 1029 2852 offendunt
1044 2826 1110 2851 tam

257 2876 433 2916 singularis
455 2875 553 2906 ieram
575 2875 758 2915 pluralibus
781 2874 902 2914 accepti
919 2893 960 2896 —
974 2874 1111 2904 venimus

257 2930 394 2967 additus,
424 2939 523 2970 quam
559 2928 925 2969 plusquamperfectiun,
960 2927 1017 2958 ubi
1052 2927 1110 2957 im-

257 2982 436 3022 perfectum
467 2989 680 3022 exspectares.
725 2980 921 3021 Scripsitne:
956 2992 1017 3022 qua
1048 2982 1110 3012 iter

258 3034 357 3065 erut?
387 3053 427 3056 -—
457 3034 508 3065 De
537 3034 664 3065 diemm
693 3034 819 3065 ratione
848 3034 882 3064 in
913 3042 1002 3074 seqq.
1038 3033 1110 3064 dixi

257 3087 297 3117 nd
320 3095 369 3126 ep.
394 3087 440 3122 16,
465 3087 492 3117 2.

299 3138 389 3168 Nihil
410 3148 447 3169 ea
471 3138 687 3169 iurisdictione
709 3137 902 3179 aequabilius
924 3147 957 3168 o:
975 3138 1025 3169 ius
1039 3138 1110 3169 dixi

1159 1965 1231 1995 sine
1261 1964 1451 1997 discrimine
1482 1975 1708 2007 personarum.
1747 1966 1795 1998 Cf.
1833 1968 1873 1998 ad
1906 1967 1949 2006 Q.
1978 1968 2018 1999 fr.

1160 2019 1187 2049 Ι.
1211 2019 1239 2055 1,
1266 2019 1315 2049 20.

1203 2072 1220 2111 ξ
1245 2072 1272 2102 2.
1297 2071 1477 2103 Εκενσίίιιιη
1499 2073 1635 2105 lustravi
1664 2084 1697 2105 o:
1730 2074 1879 2105 recensui
1908 2078 1940 2105 et
1969 2075 2015 2105 in-

1161 2124 1255 2164 spexi
1278 2124 1401 2155 milites
1424 2132 1565 2157 armatos
1588 2131 1619 2157 et
1640 2127 1774 2157 victima
1795 2127 2017 2158 circumducta

1160 2179 1323 2209 auxilium
1346 2179 1498 2211 divinum
1520 2181 1705 2222 imploravi.
1728 2182 1822 2213 Idem
1845 2191 1879 2213 se
1902 2182 2016 2214 fecisse

1160 2239 1270 2263 narrat
1291 2231 1383 2263 Fam.
1406 2233 1486 2264 XV.
1508 2236 1537 2271 4,
1565 2236 1594 2265 3.

1200 2285 1252 2315 Aa
1282 2285 1425 2326 Cybistra
1459 2287 1720 2328 [Cappadociae]
1752 2288 1862 2319 Etiam
1890 2289 1918 2319 si
1952 2290 2017 2320 duo

1160 2342 1231 2372 loca
1254 2343 1353 2373 huius
1376 2344 1519 2375 nominis
1554 2345 1588 2375 in
1619 2345 1659 2376 iis
1688 2345 1768 2376 locis
1797 2345 1928 2383 fuerint,
1950 2346 2017 2377 ina-

1160 2405 1237 2427 nem
1259 2403 1369 2428 tamen
1391 2397 1423 2427 h.
1447 2398 1469 2428 l.
1494 2399 1640 2438 regionis
1663 2399 1919 2440 appellationem
1941 2410 2016 2431 cum

1159 2449 1299 2480 Ernesto
1323 2450 1491 2481 secludere
1513 2461 1578 2481 non
1602 2451 1760 2482 dubitavi.

1201 2501 1219 2541 ξ
1242 2502 1271 2532 3.
1295 2500 1335 2532 In
1356 2512 1506 2542 aquaram
1530 2502 1674 2534 divortio.
1696 2504 1796 2535 Recte
1817 2504 1880 2535 hoe
1895 2505 2017 2546 recepit

1160 2552 1304 2586 Orellius
1328 2554 1361 2584 in
1386 2555 1440 2585 alt.
1465 2555 1541 2586 edit.
1572 2565 1614 2587 ex
1644 2557 1734 2587 Med.
1764 2563 1796 2588 et
1824 2558 1917 2588 codd.
1947 2558 2016 2588 Ma-

1159 2606 1314 2647 laspinae.
1336 2607 1424 2637 Nam
1446 2612 1481 2638 ut
1502 2608 1655 2639 Amanus
1678 2609 1747 2649 ipse
1775 2615 1862 2641 recte
1894 2610 2015 2641 dicitur

1159 2672 1308 2702 aquarum
1332 2662 1477 2692 divortiis
1499 2662 1618 2693 divisas
1642 2663 1654 2703 ζ
1656 2663 1684 2694 F
1686 2674 1749 2695 am.
1772 2665 1817 2695 Π.
1841 2666 1889 2702 10,
1910 2666 1954 2705 2),
1969 2665 2015 2696 sic

1158 2724 1253 2745 mons
1275 2715 1356 2746 duas
1372 2716 1523 2755 regiones
1537 2726 1696 2756 aquarum
1712 2718 1854 2749 divortio
1869 2718 2014 2750 dividere

1159 2768 1283 2808 nequit.

1199 2820 1359 2851 Nocturno
1382 2839 1422 2844 —
1444 2822 1600 2853 matutino
1622 2833 1654 2853 o:
1674 2824 1852 2864 praemisso
1865 2825 1905 2855 de
1920 2828 2014 2855 nocte

1159 2873 1267 2913 legato
1290 2883 1366 2904 cum
1387 2881 1478 2914 parte
1500 2875 1666 2915 copiarum
1690 2877 1730 2906 ad
1752 2876 1824 2907 loca
1846 2877 1888 2907 ab
1914 2876 2013 2906 hosti-

1159 2927 1219 2958 bus
1242 2928 1392 2968 neglecta
1415 2930 1613 2970 occupanda,
1637 2930 1706 2961 sole
1728 2935 1799 2961 orto
1829 2939 1904 2960 cum
1931 2935 2013 2961 cete-

1158 2979 1201 3010 ris
1223 2980 1325 3020 copiis
1348 2990 1410 3021 ego
1433 2982 1563 3012 accessi.

1199 3032 1343 3064 Darium.
1380 3034 1483 3065 Nulla
1511 3035 1543 3065 h.
1574 3035 1596 3065 l.
1625 3035 1762 3066 varietas
1792 3040 1933 3066 notatur.
1970 3035 2011 3066 In

1158 3086 1259 3117 simili
1281 3087 1353 3118 loco
1376 3087 1468 3118 Fam.
1491 3088 1538 3118 Π.
1561 3088 1609 3126 10,
1633 3089 1651 3118 3
1673 3088 1763 3119 Med.
1784 3088 1841 3118 dat
1861 3088 2011 3125 Dareum,

1157 3139 1230 3171 Fin.
1255 3141 1296 3171 V.
1321 3142 1359 3172 92
1383 3142 1510 3173 codices
1539 3151 1667 3173 omnes.
1683 3141 1784 3173 Darei
1812 3140 1943 3179 habent,
1974 3146 2012 3173 ut
