2117 3533
243 172 297 210 22

858 330 934 371 XI.

636 168 721 209 ΕΡ.
755 167 831 208 AD
863 167 910 208 T.
944 164 1293 208 POMPONIUM
1327 163 1588 206 ATTICUM.

1000 329 1064 382 (A.
1107 329 1151 369 U.
1190 330 1231 370 c.
1266 329 1385 383 687).

308 450 348 489 1.
389 449 443 489 Et
475 461 562 488 mea
596 449 735 501 sponte
769 443 963 485 faciebam
996 447 1112 485 antea
1145 448 1184 484 et
1215 447 1305 498 posi]
1338 442 1494 484 duabus
1528 441 1704 498 epistolis
1736 441 1818 482 tuis
1839 440 2000 497 perdili-

243 525 381 576 genter
413 521 457 562 in
490 519 657 561 eandem
690 519 884 559 rationem
918 517 1089 572 scriptis,
1123 531 1268 571 magno
1302 531 1416 571 opere
1451 530 1538 557 sum
1572 519 1792 556 commotus
1825 519 1865 556 et
1892 528 2000 555 acce-

244 594 364 635 debat
395 594 573 635 hortator
607 592 790 633 assiduus
825 590 1035 640 Salustius.
1060 595 1106 631 ut
1129 605 1283 644 agerem
1308 604 1427 643 qumu
1455 588 1758 643 diligentissime
1782 602 1874 629 cum
1898 587 2001 629 Luc-

214 668 325 709 50010
360 667 408 708 (10
441 671 571 708 vestra
604 670 733 706 vetere
767 664 894 718 gratia
926 663 1234 704 reconcilianda.
1270 662 1361 713 Sed,
1397 677 1521 717 quum
1555 661 1687 702 omnia
1706 660 1900 711 fecissem,
1920 675 2002 701 non

241 739 360 780 modo
394 754 481 780 eam
513 738 759 779 volunt-atem
793 736 892 786 eius,
929 751 1030 790 quae
1063 736 1193 776 fuerat
1225 749 1317 789 erga
1350 739 1403 785 te,
1438 748 1669 789 recuperare
1692 748 1774 774 non
1791 733 1918 788 potui,
1938 747 2002 773 ve-

242 828 331 854 rum
363 828 413 854 ne
448 826 607 853 causam
642 809 803 865 quidem
837 809 977 849 elicere
1010 809 1245 849 immutat-ae
1278 807 1512 849 voluntatis.
1553 806 1728 847 Tametsi
1770 806 1894 846 iactat,
1935 805 2002 846 ille

243 885 405 940 quidem
437 884 538 925 illud
573 898 690 925 suum
724 881 934 923 arbitrium
968 887 1008 922 et
1040 897 1099 933 ea,
1135 897 1234 936 quae
1253 881 1334 923 iam
1357 887 1459 932 tum,
1481 895 1605 935 quum
1629 880 1780 931 aderas,
1805 878 2002 920 offendere

243 958 328 999 eius
362 958 540 998 animum
572 954 860 1009 intelligebam,
894 959 1029 995 tamen
1062 954 1184 995 habet
1218 954 1409 1008 quiddam
1441 954 1632 1009 profect0,
1668 953 1774 1007 quod
1809 952 1936 1007 magis
1959 951 2003 993 in

197 1046 230 1071 10
244 1030 376 1071 animo
410 1029 494 1069 eius
528 1027 733 1077 insederit,
770 1026 876 1081 quod
908 1041 1038 1080 neque
1073 1027 1261 1082 epistolae
1289 1031 1382 1067 tuae
1404 1041 1533 1080 neque
1556 1030 1691 1067 nostra
1714 1025 1898 1079 allegatio
1920 1028 2003 1065 tam

242 1107 374 1159 potest
406 1101 520 1142 facile
555 1100 699 1151 delere,
735 1115 854 1154 quam
886 1104 932 1140 tu
966 1115 1150 1155 praesens
1183 1115 1264 1141 non
1297 1099 1415 1140 modo
1449 1099 1626 1140 oratione
1671 1098 1740 1140 sed
1772 1102 1843 1139 tuo
1886 1097 2004 1138 vultu

241 1176 311 1217 illo
345 1174 530 1216 familiari
561 1173 691 1223 tolles,
727 1173 759 1213 si
792 1173 910 1213 modo
943 1172 1047 1213 tanti
1079 1172 1254 1227 pum-153
1289 1171 1332 1212 id
1366 1171 1472 1226 quod
1507 1171 1540 1211 si
1572 1186 1635 1212 me
1656 1170 1794 1211 audies
1814 1174 1854 1211 et
1876 1170 1910 1211 si
1929 1169 2003 1210 liu-

242 1248 428 1290 manitati
459 1252 552 1288 tuae
587 1250 767 1286 constare
800 1245 920 1296 voles,
957 1250 1061 1286 certe
1094 1244 1265 1300 putabis.
1301 1245 1360 1285 Ac
1393 1259 1442 1284 ne
1475 1243 1576 1284 illud
1602 1243 1741 1284 mirere
1773 1258 1856 1293 cur,
1879 1257 2003 1297 quum

244 1337 316 1376 ego
351 1326 467 1362 antea
500 1318 755 1373 significarim
789 1317 865 1359 tibi
898 1334 967 1374 per
999 1318 1152 1359 litteras
1186 1334 1247 1359 me
1282 1333 1435 1373 sperare
1457 1317 1572 1358 illum
1588 1317 1631 1358 in
1652 1322 1788 1358 nostra
1809 1319 2004 1371 potestate

197 1412 230 1437 15
244 1394 340 1445 fore,
374 1408 483 1434 nunc
516 1391 623 1433 idem
657 1391 792 1432 videar
826 1391 1018 1442 diffidere,
1053 1390 1287 1432 incredibile
1322 1395 1395 1441 est,
1431 1395 1580 1445 quzmto
1612 1390 1713 1431 milii
1745 1389 1928 1430 videatur
1959 1387 2006 1427 il-

289 1568 308 1599 2
331 1569 504 1598 eommolus.
529 1566 575 1598 Eo
598 1565 762 1597 accedebat
785 1583 826 1587 ——
851 1565 890 1596 12
905 1565 1035 1605 putaris
1057 1564 1100 1603 id,
1124 1564 1205 1605 qnod
1223 1584 1263 1587 —-

287 1714 305 1753 ἓ
329 1714 356 1743 1.
380 1712 540 1743 Fczciebam
569 1713 699 1744 carebat
727 1712 863 1742 obiecto.
897 1712 936 1741 Id
964 1710 1103 1741 restituit
1126 1712 1127 1725 ¹

244 1766 446 1798 Buchelerus
470 1766 503 1796 in
527 1766 612 1795 Mus.
635 1765 740 1796 Rhen.
758 1764 819 1794 XI.
836 1774 865 1804 p.
884 1764 942 1794 529
959 1763 1103 1794 scribens
1126 1757 1128 1790 1

245 1822 276 1851 et
298 1819 465 1850 accedebat
486 1829 545 1859 pro
574 1818 617 1849 Eo
647 1818 823 1848 accedebat.
861 1816 975 1848 Cicero
1003 1817 1104 1847 utitur

246 1872 392 1903 oratione
427 1872 625 1902 trimembri:
660 1870 701 1900 Et
734 1889 774 1892 -—
801 1869 961 1910 faciebam
997 1871 1104 1905 antea,

247 1927 278 1956 et
300 1943 340 1947 —
361 1935 427 1955 sum
450 1926 624 1962 commotas,
648 1926 677 1953 et
701 1923 877 1953 accedebat.
901 1940 942 1944 —
964 1922 1020 1952 Ad
1041 1922 1105 1951 sin-
1129 1916 1130 1941 3

248 1978 325 2019 gula
346 1978 494 2008 membra
516 1976 686 2007 referenda
705 1980 780 2006 sunt
796 1986 847 2005 vv.
861 1977 894 2005 zet
910 1984 1033 2015 aqerem
1046 1978 1103 2004 cet.
1129 1985 1130 1994 ³

290 2032 330 2062 In
352 2031 481 2062 eandem
503 2030 656 2060 rationem
678 2029 804 2069 seriptis
833 2039 864 2058 o:
897 2029 941 2058 ita
969 2027 1105 2067 scriptis,

248 2091 283 2117 ut
305 2095 357 2116 me
380 2086 468 2116 idem
490 2094 630 2124 rogares,
662 2084 715 2114 vel
737 2089 771 2113 ut
795 2082 894 2114 Gron.
919 2082 1106 2122 interpreta-

249 2146 309 2177 tur,
333 2140 449 2170 eodem
470 2142 672 2178 argumento.

292 2192 459 2223 Salustius.
485 2192 544 2223 Cn.
575 2191 709 2222 Salustii
739 2191 890 2231 frequens
920 2189 1044 2220 mentio
1073 2190 1108 2218 fit

252 2247 285 2277 in
309 2245 464 2287 epistolis.
508 2244 597 2275 Male
620 2244 777 2274 Ernestus
811 2252 851 2273 ex
880 2253 946 2272 uno
975 2242 1108 2271 homine

252 2302 327 2333 fecit
350 2302 439 2337 duos,
463 2300 602 2330 alterum
625 2298 792 2329 Ciceronis
807 2298 957 2333 amicum,
971 2297 1109 2327 alterum

253 2356 400 2386 eiusdem
423 2354 586 2389 libertum,
610 2353 665 2392 qui
689 2362 748 2383 ncc
772 2352 832 2382 suit
856 2362 914 2382 nec
943 2352 986 2381 ita
1007 2351 1109 2381 nomi-

253 2408 325 2439 nari
346 2412 481 2447 poterat.
510 2406 631 2436 Melius
655 2404 797 2436 Orellius
821 2405 854 2435 in
878 2404 995 2435 Ononi.
1019 2404 1107 2433 Tull.

256 2461 423 2493 Ciceronis
447 2460 602 2490 clientem
625 2458 723 2488 fuisse
738 2458 926 2497 suspicatur.
951 2458 998 2487 De
1015 2457 1110 2497 scrip-

255 2519 327 2544 tura
350 2514 438 2544 Med.
460 2513 492 2543 h.
517 2513 536 2542 l.
561 2522 627 2542 non
651 2517 792 2547 constat;
827 2511 913 2541 infra
936 2510 998 2547 XI,
1023 2511 1071 2546 20,
1092 2511 1110 2540 2

257 2568 291 2598 in
313 2568 376 2597 hoc
398 2566 532 2596 1101111110
555 2565 567 2595 Ζ
589 2565 782 2605 geminatur,
805 2565 892 2604 quod
913 2564 1059 2594 Kritzius
1078 2563 1111 2593 in

788 2624 914 2649 secutus
944 2622 1000 2648 est.
1034 2618 1110 2647 Vid.

258 2686 333 2707 eum
356 2676 390 2705 in
414 2674 513 2715 praef.
537 2684 566 2713 p.
590 2672 660 2703 XX
691 2682 778 2712 seqq.
810 2677 840 2702 ct
871 2671 1048 2702 Corssenus
1078 2671 1112 2700 in

259 2728 319 2769 Op.
342 2729 381 2758 de
397 2726 667 2768 pronunciatione
683 2734 777 2755 serm.
794 2725 866 2754 Lat.
882 2725 906 2754 I.
923 2735 952 2763 p.
970 2725 1006 2753 Sl
1025 2733 1112 2763 seqq.

303 2781 566 2812 Tametsi-tamen.
600 2779 642 2809 A.
673 2777 831 2808 Matthiae
862 2777 901 2806 ad
932 2777 998 2806 (ic.
1028 2776 1113 2806 Mur.

261 2838 299 2868 16
321 2837 441 2867 multos
464 2836 552 2865 locos
574 2833 717 2872 collegit,
742 2832 795 2862 ubi
818 2831 879 2861 hae
902 2840 997 2860 voces
1013 2839 1046 2860 50
1062 2839 1115 2860 ex-

260 2891 394 2931 cipiunt.
417 2889 515 2920 Addo
539 2888 608 2918 Ati.
632 2887 674 2917 V.
706 2887 753 2922 12,
788 2887 816 2915 52.
847 2885 941 2915 Verr.
971 2884 1015 2914 Π.
1046 2884 1114 2913 108.

262 2944 303 2974 V.
328 2944 377 2973 82.

304 2997 421 3026 Iactus.
444 2996 567 3026 lactare
590 3004 648 3035 pro
670 2993 848 3024 identidem
863 3000 1117 3022 connnemorare

265 3050 379 3080 illustr.
402 3048 501 3079 Gron.
525 3049 565 3078 ad
587 3047 661 3077 Liv.
696 3045 900 3076 XXXVIII.
931 3046 979 3080 25,
1012 3046 1039 3074 5.
1077 3043 1115 3073 cf.

264 3112 346 3143 quae
369 3102 488 3132 notabo
511 3101 551 3130 ad
573 3100 618 3130 ΙΙ.
642 3098 669 3136 Τ,
693 3100 722 3128 4.

309 3153 399 3184 Illud
420 3163 508 3183 swam
530 3151 693 3182 arbitrium
721 3161 751 3181 0;
777 3150 955 3185 arbitrium,
985 3148 1072 3189 quod
1095 3148 1120 3178 15

257 2621 392 2652 1101111110
413 2619 559 2650 historici
583 2619 754 2649 scribendo

1152 1720 1280 1751 semper
1315 1712 1348 1741 in
1381 1721 1436 1742 ore
1465 1711 1572 1741 habet.
1622 1709 1731 1749 Magis
1765 1714 1874 1740 tamen
1904 1709 2009 1749 placet

1153 1767 1246 1794 (uum.
1270 1764 1400 1794 Atticus
1424 1764 1544 1794 arbiter
1566 1763 1599 1793 in
1623 1763 1732 1803 aliquo
1751 1762 1884 1802 negotio
1898 1762 2010 1792 adver-

1128 1850 1129 1863 *
1154 1828 1207 1847 sus
1230 1817 1408 1848 Lucceium
1429 1816 1656 1857 pronuntiasse
1678 1815 1815 1846 videtur.

1197 1870 1237 1900 [ιι
1272 1870 1375 1900 animo
1411 1870 1476 1899 eius
1505 1868 1666 1905 insederit,
1697 1872 1855 1908 tanquam
1896 1867 2008 1904 telum,

1153 1926 1239 1966 quod
1262 1925 1319 1954 vix
1343 1924 1503 1954 evellitur.
1526 1922 1565 1953 cf.
1589 1923 1697 1952 adnot.
1718 1931 1791 1952 mea
1811 1922 1852 1952 ad
1872 1922 1898 1951 I.
1916 1920 1964 1958 17,
1982 1922 2009 1951 1.

1196 1977 1366 2019 Alleyalt'o.
1400 1978 1548 2018 Alleyare
1571 1977 1617 2007 510
1646 1976 1754 2006 differt
1783 1985 1801 2005 a
1829 1975 1945 2015 leqare,
1975 1979 2011 2005 ut

1130 2065 1131 2069 Ἰ
1154 2032 1237 2062 illud
1263 2031 1304 2061 sit
1326 2031 1454 2061 mittere
1477 2031 1518 2060 ad
1540 2030 1684 2069 aliquem
1706 2030 1746 2059 de
1779 2028 1920 2068 negotiis
1949 2028 2011 2068 pri-

1155 2084 1247 2120 vatis,
1270 2084 1332 2113 hoc
1354 2084 1393 2114 de
1416 2083 1565 2123 publicis.
1587 2082 1639 2111 cff.
1656 2082 1726 2111 intt.
1744 2081 1783 2111 ad
1798 2081 1885 2111 Phil.
1901 2080 1943 2110 V.
1959 2081 2009 2110 14.

1156 2138 1316 2170 Similiter
1338 2137 1492 2175 allegatio
1514 2135 1726 2175 distinguitur
1748 2144 1766 2164 a
1788 2134 1953 2173 legatione
1975 2134 2010 2164 in

1158 2192 1252 2222 Verr.
1275 2192 1301 2221 Ι.
1324 2192 1417 2221 Met
1442 2190 1510 2220 136.
1534 2190 1578 2219 Η.
1601 2189 1621 2219 l.
1645 2188 1680 2218 in
1703 2188 1794 2218 codd.
1819 2192 1866 2218 est
1884 2187 2011 2227 leyzzlio.

1158 2243 1342 2283 Malas-pina
1365 2248 1449 2273 recte
1471 2242 1595 2272 duabus
1610 2241 1713 2271 literis
1729 2240 1902 2280 geminatis
1916 2240 2012 2280 scrip-

1159 2298 1214 2328 sit:
1239 2296 1400 2337 allfycctio.

1201 2349 1233 2378 Si·
1256 2349 1343 2379 modo
1367 2347 1449 2378 tanti
1464 2346 1608 2387 picum-{33
1632 2346 1666 2376 id
1686 2345 1767 2387 quod
1786 2364 1826 2368 —
1848 2348 1932 2377 certe
1953 2357 2013 2387 [Ju-

1160 2402 1251 2433 tabis.
1295 2402 1334 2432 In
1370 2401 1421 2431 his
1451 2400 1557 2431 verbis
1588 2399 1858 2440 interpungendis
1888 2404 2014 2430 secutus

1160 2468 1231 2488 511111
1254 2457 1492 2490 Meutznerum,
1516 2455 1536 2484 1.
1560 2455 1613 2484 cit.
1635 2455 1676 2484 ad
1698 2463 1746 2494 ep.
1777 2455 1804 2490 5,
1833 2455 1863 2483 4.
1897 2453 2015 2492 Longe

1159 2513 1222 2543 1100
1244 2515 1405 2552 praestare
1428 2513 1574 2549 receptae
1597 2507 1799 2538 distinctioni
1822 2507 1929 2547 quivis
1951 2507 2014 2537 dic-

1164 2565 1263 2596 tionis
1287 2562 1461 2594 Tullianae
1485 2572 1551 2592 non
1574 2561 1662 2591 rudis
1685 2561 1858 2601 intelliget.

1202 2618 1300 2648 Idem.
1342 2616 1390 2647 De
1418 2626 1478 2646 usu
1508 2625 1600 2655 pron.
1630 2614 1710 2645 idem
1738 2614 1772 2644 in
1802 2613 2015 2654 opponendis,

1162 2681 1243 2712 quae
1267 2671 1351 2701 inter
1372 2679 1406 2700 50
1428 2669 1590 2699 contraria
1612 2669 1772 2704 videnum,
1796 2667 1881 2697 dixit
1898 2666 2014 2697 Matth.

1164 2726 1203 2755 ad
1226 2724 1292 2755 Cic.
1316 2734 1345 2763 p.
1368 2722 1479 2758 Arch.‚
1505 2722 1553 2752 15.
1576 2721 1615 2751 cf.
1638 2721 1679 2751 N.
1703 2721 1742 2751 D.
1765 2721 1792 2751 I.
1809 2721 1882 2751 1:21:
1907 2719 2015 2760 Epicu-

1164 2788 1216 2808 rus
1239 2787 1325 2818 qaum
1350 2795 1391 2798 -——
1412 2774 1720 2816 praestantissimam
1734 2776 1881 2804 naturam
1897 2772 1956 2803 Dei
1972 2772 2017 2802 di-

1164 2832 1215 2859 cat
1238 2840 1315 2866 esse,
1338 2831 1430 2867 nequ!
1454 2828 1531 2858 idem
1556 2836 1621 2857 esse
1642 2826 1673 2856 in
1697 2825 1754 2856 deo
1772 2825 1923 2867 qratiam.
1952 2825 2017 2855 Hic

1164 2882 1260 2912 eidem
1278 2883 1311 2912 in
1325 2882 1415 2912 codd.
1439 2881 1491 2911 vel
1507 2890 1524 2911 e
1539 2879 1702 2910 scribendi
1717 2888 1824 2910 errore
1838 2878 2018 2919 profectum

1166 2935 1218 2965 vel
1248 2935 1288 2965 ad
1316 2945 1346 2964 v.
1375 2934 1518 2975 diffidere
1546 2933 1825 2962 accommodatum
1853 2936 1908 2961 est.
1953 2930 2017 2961 Sed

1166 2988 1387 3018 nominativus
1410 2987 1512 3017 multo
1535 2985 1724 3025 elegantior.

1211 3041 1416 3083 Obfirmalior.
1433 3040 1636 3071 Praecedens
1651 3037 1838 3069 obstinatior
1846 3038 1933 3068 hunc
1945 3047 2015 3077 par-

1166 3095 1269 3135 ticipii
1291 3094 1550 3135 comparativum
1578 3092 1784 3123 commendat
1811 3100 1888 3132 prae
1917 3090 2018 3121 altero

1167 3147 1362 3189 affirmastor,
1386 3155 1484 3187 quem
1505 3146 1545 3178 N.
1562 3145 1719 3178 Heinsius
1735 3145 1776 3176 ad.
1791 3144 1866 3176 Silii
1880 3144 1919 3177 It.
1936 3142 2019 3175 XII.
