2117 3533
246 967 283 993 10

314 159 396 198 226
709 158 794 199 EP.
828 158 904 198 AD
935 157 982 197 Τ.
1015 156 1364 198 POMPONTUM
1397 157 1659 199 ATTICUM.

309 307 444 347 pugna
478 307 542 343 ne,
578 292 610 333 si
644 290 741 346 quid
773 294 1031 346 prorogatum
1076 290 1142 341 sit,
1186 290 1316 345 turpis
1359 290 1554 332 inveniar.
1610 293 1652 332 6.
1685 292 1807 333 Nune
1849 290 1968 332 redeo
2010 291 2061 332 ad

309 380 409 419 quae
442 364 542 405 mihi
574 364 758 405 mandas:
793 364 819 408 †
850 363 893 404 in
927 362 1138 417 praefectis
1171 363 1375 404 excusatio
1397 363 1462 414 iis,
1487 379 1586 418 quos
1610 364 1731 416 voles,
1761 364 1928 405 deserto.
1963 364 2060 405 Non

307 452 373 477 ero
405 442 487 478 tam
518 436 777 496 μετέωρος,
814 451 933 490 quam
965 436 1009 477 in
1041 435 1243 490 Appuleio
1277 435 1350 477 fui.
1395 437 1603 478 Xenonem
1648 442 1730 478 tam
1774 437 1899 492 diligo
1943 452 2063 492 quam

306 514 372 560 tu3
408 510 515 564 quod
547 510 679 564 ipsum
713 509 859 550 sentire
894 512 1001 549 06110
1036 508 1132 549 6010.
1184 508 1306 562 Apud
1340 509 1556 550 Patronem
1598 514 1639 550 et
1679 509 1852 564 reliquos
1895 508 2064 551 barones

305 586 343 622 te
376 582 419 622 in
450 583 623 623 maxima
655 582 783 637 gratia
816 581 947 636 posui,
981 585 1022 621 et
1054 580 1214 621 hercule
1248 581 1388 622 merito
1422 586 1492 622 tuo
1525 581 1616 622 feci.
1670 582 1778 622 Nam
1810 581 1911 622 mihi
1945 582 1985 623 ’16
2023 587 2064 623 16

305 656 407 696 dixit
440 656 685 711 rescripsisse
720 655 770 696 ad
804 670 858 706 66,
893 653 993 694 1111111
1027 669 1075 694 ex
1106 653 1215 694 illius
1248 653 1375 694 literis
1407 669 1490 694 rem
1523 654 1633 696 illam
1656 668 1773 695 curae
1795 654 1931 705 fuisse,
1956 654 2063 710 quod

304 728 340 769 61
373 734 602 784 pergratum
636 734 734 770 erat.
769 728 846 770 Sed
880 743 1005 783 quum
1038 727 1191 768 Patron
1224 741 1381 767 mecum
1415 727 1573 781 egisset,
1609 732 1654 768 ut
1686 732 1862 782 peterem
1889 743 1911 769 a
1933 733 2064 770 vestro

303 802 505 858 Ariopago
545 798 1004 859 ὑπομνηματισμὸν
1050 799 1250 850 1011616111,
1285 814 1403 854 (1116111
1435 799 1698 855 Polycharmo
1742 805 1920 855 praetore
1964 801 2065 843 feee-

303 880 406 927 rant,
441 876 688 917 commodius
722 876 851 917 visum
885 879 945 916 est
977 879 1018 915 et
1051 873 1213 915 Xenoni
1247 878 1287 914 61
1320 878 1411 928 post
1443 873 1520 928 ipsi
1554 873 1719 914 Patroni
1757 888 1820 914 me
1853 873 1903 914 ad
1936 874 2064 914 Mem—

302 950 428 990 mium
461 948 646 1000 scribere,
682 949 749 1002 qui
784 948 926 1003 pridie,
962 962 1081 1002 quam
1115 961 1188 1001 ego
1229 946 1410 987 Athenas
1454 946 1558 996 veni,
1604 945 1820 1000 Mytilenas
1862 946 2064 1001 profectus

303 1028 401 1074 erat,
433 1027 480 1063 ut
511 1022 546 1063 is
579 1021 629 1063 ad
663 1037 755 1063 suos
790 1020 980 1061 scriberet
1012 1035 1126 1074 posse
1159 1018 1202 1060 id
1236 1033 1307 1060 sua
1338 1018 1545 1059 voluntate
1579 1018 1677 1059 fieri.
1722 1018 1817 1059 Non
1851 1019 1958 1060 enim
1991 1018 2064 1060 du-

302 1095 457 1136 bitabat
490 1095 620 1146 Xeno,
656 1094 754 1148 quin
788 1093 837 1134 ab
871 1093 1118 1148 Ariopagitis
1151 1091 1280 1133 invito
1313 1091 1505 1132 Memmio
1546 1091 1750 1146 impetrari
1790 1106 1872 1133 non
1914 1096 2063 1147 posset.

300 1168 518 1209 Memmius
562 1172 697 1208 autem
730 1165 967 1208 aedificandi
1001 1165 1216 1206 consilium
1250 1163 1462 1214 abiecerat,
1505 1163 1573 1205 sed
1607 1168 1692 1205 erat
1724 1164 1889 1206 Patroni
1922 1165 2063 1206 iratus.

300 1241 442 1294 Itaque
477 1240 617 1295 scripsi
660 1239 710 1281 ad
744 1254 834 1281 eum
876 1243 1072 1288 accurate,
1118 1237 1232 1279 cuius
1276 1237 1466 1292 epistolae
1508 1237 1599 1279 misi
1643 1237 1693 1278 ad
1737 1241 1776 1278 te
1822 1237 2062 1293 exemplum.

266 1331 278 1353 ν)
304 1315 338 1355 7.
373 1314 434 1354 Tu
467 1313 585 1355 veliin
618 1312 763 1353 Piliam
808 1312 905 1353 meis
947 1311 1078 1353 verbis
1121 1310 1343 1351 consolere:
1391 1309 1577 1351 indicabo
1622 1310 1727 1351 enim
1772 1308 1869 1360 tibi3
1914 1314 1959 1351 tu
2002 1310 2061 1351 illi

339 1466 356 1495 5
380 1466 455 1496 milii
476 1468 493 1505 †
513 1466 541 1496 is
563 1468 610 1497 ter
632 1462 726 1501 divit,
749 1464 780 1493 te
802 1461 964 1501 scripsisse
986 1479 1026 1483 —

296 1604 369 1635 vius
391 1614 449 1644 pro
472 1604 582 1645 inepto
604 1603 721 1642 se'nfflcli
742 1602 853 1643 pulcre
875 1602 1013 1633 coniecit
1041 1601 1148 1632 breulfi.

298 1656 378 1686 Voc.
402 1652 536 1694 ἀνεξία,
561 1654 647 1695 (1110(1
669 1659 756 1685 recte
779 1653 820 1683 ab
849 1649 1039 1697 ἀνέχεσθαι
1068 1651 1149 1682 deri-

296 1718 399 1749 vatur,
423 1712 528 1752 potuit
551 1711 671 1742 Siculis
694 1711 781 1741 idem
804 1719 882 1747 esse,
906 1710 994 1750 quod
1014 1708 1150 1748 reliquis

295 1762 427 1794 Graecis
442 1759 656 1801 ἀνεξικακίας,
667 1759 840 1800 patientia,
856 1759 1040 1790 tolerantia.
1063 1758 1150 1788 Nam

299 1820 403 1851 Siculi
425 1819 547 1851 Graece
571 1819 798 1860 loquebantur,
821 1819 877 1849 sed
901 1828 967 1848 non
988 1827 1075 1857 pure.
1101 1815 1150 1847 Cf.

298 1873 366 1904 Cic.
389 1873 492 1903 divin.
515 1873 549 1903 in
573 1872 667 1904 Caee.
690 1873 738 1909 39,
763 1877 795 1903 et
818 1871 954 1901 Plautus
984 1870 1018 1900 in
1050 1870 1150 1900 Persa

296 1926 361 1956 III.
387 1926 414 1962 1,
438 1925 476 1958 67
500 1935 557 1965 sq„
581 1925 637 1965 qui
659 1924 751 1964 logos
782 1923 912 1954 Atticos
940 1922 1074 1963 opponit
1103 1922 1152 1953 Si-

296 1979 388 2009 culis.

339 2032 357 2071 §
381 2032 409 2061 (3.
437 2033 454 2070 1-
476 2030 515 2060 In
532 2030 710 2072 praefectis
729 2030 892 2061 excusatio
920 2030 969 2067 z’is,
998 2040 1072 2070 quos
1100 2039 1151 2060 vo·

309 2094 350 2119 es,
374 2083 507 2124 deserto.
534 2084 584 2114 Ita
607 2084 695 2115 Med.
718 2084 892 2114 Editorum
915 2083 1151 2123 explicationes

297 2143 328 2168 et
351 2137 568 2168 correctiones
592 2138 721 2168 excussi
744 2147 804 2168 1160
834 2137 956 2173 inveni,
987 2137 1075 2176 quod
1104 2146 1151 2166 sa-

298 2190 337 2219 tis
366 2190 483 2230 placet.
514 2190 638 2221 Ceteris
668 2189 815 2230 praefero
847 2190 875 2219 I.
904 2189 942 2219 F.
973 2188 1149 2219 Gronovii:

298 2244 354 2274 »in
371 2244 546 2285 praefectis
569 2244 745 2285 neqotialor
768 2244 801 2274 m*
823 2243 875 2281 sit,
898 2254 974 2284 quos
998 2244 1042 2283 (v.
1064 2244 1150 2285 quot)

296 2298 390 2334 voles,
413 2297 544 2337 clcfi’rlo.
568 2296 617 2328 Cf.
641 2298 674 2328 h.
697 2298 717 2328 l.
743 2297 792 2334 21,
818 2297 865 2327 10.
889 2297 950 2327 VI.
976 2296 1002 2333 1,
1018 2298 1037 2326 1
1055 2302 1085 2327 et
1100 2297 1151 2327 55³

296 2350 382 2379 Nam
411 2351 498 2390 quod
528 2360 544 2380 a
573 2349 698 2390 Popma
727 2350 951 2389 excogitatum
979 2349 1152 2380 Schutzius

296 2404 399 2434 dedit:
426 2403 465 2434 Ia
485 2403 655 2444 praefaciis
678 2403 839 2434 areusatio
863 2403 896 2433 ni
916 2404 968 2440 sil,
997 2414 1071 2445 [μεως
1100 2414 1149 2434 ro-

297 2456 351 2492 les,
375 2455 508 2497 elisam,
532 2457 701 2487 obscurius
723 2457 847 2487 dictum
870 2457 1006 2487 videtur.
1030 2457 1150 2487 Kochii

297 2513 405 2538 autem
428 2509 583 2549 suspicio:
608 2508 712 2539 Redeo
734 2509 778 2539 ad
793 2520 872 2550 (μιαι1
888 2509 962 2539 mila·
974 2508 1150 2545 712a9ztlasli;

290 2560 466 2600 prassecle's
489 2561 705 2592 eavasnstbnes
734 2561 773 2591 iis
803 2571 876 2602 quos
904 2562 988 2592 voles
1017 2562 1150 2601 desasto,

298 2612 428 2650 corruit,
452 2613 516 2643 nisi
538 2614 779 2644 demonstratur
801 2614 1019 2645 excusationes
1044 2614 1150 2655 appel-

297 2665 356 2695 lari
379 2675 481 2706 posse,
506 2676 588 2706 quae
611 2672 686 2696 sunt
709 2667 899 2697 vacationes.

335 2717 406 2748 Non>
443 2728 495 2749 ero
531 2721 592 2748 lam
631 2718 794 2764 μετέωρος
831 2731 860 2751 a:
897 2721 1040 2752 incertus
1071 2721 1150 2761 quid

297 2784 401 2815 agam,
431 2775 559 2806 dubius.
604 2776 651 2807 De
681 2787 747 2817 quo
776 2777 943 2817 Appuleio
973 2787 1080 2808 serino
1109 2777 1150 2808 sit

297 2836 451 2866 quaerere
473 2838 539 2858 non
562 2834 664 2858 vacat.

336 2878 478 2911 Barones
502 2890 535 2910 a:
559 2881 709 2912 homines
731 2882 876 2918 stolidos,
900 2892 982 2922 (11106
1013 2882 1070 2912 alii
1097 2882 1149 2912 sti-

295 2931 376 2971 pites
399 2932 522 2962 dicunt.
553 2933 670 2963 locans
701 2934 745 2964 ita
773 2940 868 2964 vocat
897 2934 1084 2974 Epicureos,
1114 2940 1150 2964 ut

296 2985 336 3014 ad
352 2984 444 3015 Pam.
458 2985 521 3016 IX.
536 2986 585 3016 26.
609 2986 658 3017 De
673 2986 817 3017 nominis
837 2987 995 3028 scriptura
1011 2987 1150 3027 (baro—

295 3046 384 3075 τωο)
409 3044 439 3068 et
462 3039 494 3068 vi
518 3044 667 3069 accurate
689 3039 865 3080 disputavit
889 3039 926 3072 O.
953 3040 1091 3071 Iahnius
1111 3040 1151 3070 ad

296 3088 399 3118 Persii
425 3089 492 3121 Sat.
515 3090 556 3121 V.
582 3091 644 3121 138
668 3091 702 3122 in
726 3092 834 3123 adnot.
857 3092 925 3123 crit.
940 3097 970 3124 et
986 3092 1019 3124 in
1034 3102 1151 3124 comm.

296 3152 325 3181 p.
349 3143 417 3172 :2‹):‚¹.
451 3144 499 3173 ts.
523 3154 652 3184 quoque
676 3145 832 3176 Scholion
857 3147 896 3176 ad
920 3156 946 3177 0.
970 3146 990 3177 l.
1021 3157 1051 3187 p.
1080 3148 1151 3178 335.

1201 1597 1304 1628 Mil-as
1335 1597 1479 1627 nominis
1507 1597 1795 1639 interpretationes
1819 1600 1944 1638 omitto,
1976 1610 2057 1641 quas

1201 1651 1336 1690 collegit
1358 1651 1385 1681 I.
1408 1650 1602 1690 Rutgersius
1632 1652 1723 1683 Lect.
1752 1652 1879 1684 Venus.
1908 1663 1978 1694 cap.
2010 1654 2059 1690 23,

1201 1703 1257 1743 qui
1286 1703 1318 1733 h.
1348 1703 1367 1733 l.
1399 1708 1497 1743 negat
1526 1704 1705 1744 Epicureos
1735 1706 1974 1737 contumelioso
2005 1716 2062 1737 no-

1201 1758 1291 1789 mine
1314 1757 1471 1798 appellari
1493 1759 1636 1798 potuisse
1667 1765 1698 1790 et
1727 1760 1903 1792 emendare
1933 1769 1967 1791 se
1997 1760 2059 1791 ele-

1202 1816 1317 1851 ganter
1345 1811 1493 1851 putabat:
1530 1812 1623 1852 Apud
1654 1812 1823 1843 Patronem
1857 1815 1887 1844 et
1925 1813 2061 1854 reliquos

1202 1862 1366 1895 Pali-ones
1396 1865 1470 1904 Ego
1491 1874 1570 1896 vero
1586 1865 1670 1896 nihil
1691 1867 1887 1897 mutandum
1901 1871 1992 1907 puto.
2008 1866 2060 1899 Of.

1201 1926 1332 1957 quoque
1354 1916 1429 1947 Fin.
1452 1918 1499 1947 ΙΙ.
1522 1917 1572 1949 77.

1247 1971 1326 2001 Nam
1342 1969 1417 2000 mila
1432 1970 1459 2000 z's
1474 1972 1504 2000 te
1519 1970 1602 2001 aia-it
1618 1971 1817 2011 rescripsisse
1828 1972 1925 2003 adse.
1948 1972 2060 2004 Verba

1202 2025 1236 2055 in
1259 2023 1352 2054 codd.
1376 2022 1492 2053 leviter
1519 2028 1673 2063 corrupta
1703 2023 1766 2063 (ter
1793 2023 1876 2054 dixit
1905 2025 1936 2054 te
1963 2024 2059 2064 scrip-

1200 2077 1292 2116 sisse)
1316 2071 1501 2113 emendare,
1524 2086 1622 2116 quam
1644 2082 1736 2108 vetus
1759 2078 1918 2108 mendum
1947 2087 2060 2118 propa-

1202 2138 1283 2169 gare
1305 2127 1419 2158 malui.

1243 2182 1373 2212 Pati-oa.
1389 2180 1558 2212 Ciceronis
1573 2187 1622 2213 est
1637 2181 1745 2212 Patro.
1764 2181 1804 2212 ef.
1822 2182 1903 2220 VII,
1919 2183 1947 2220 2,
1960 2184 1981 2212 4
1993 2187 2024 2214 et
2034 2184 2063 2213 5.

1247 2239 1570 2287 ὑπομνηματισμὸν.
1596 2243 1647 2273 Ita
1669 2242 1886 2283 Ariopagitae
1901 2243 2063 2274 vocabant

1202 2299 1329 2329 decreta
1359 2307 1428 2328 sua.
1472 2297 1545 2328 Hoc
1582 2298 1722 2334 decreto,
1759 2297 1981 2337 Polycharmo
2015 2307 2062 2327 ar-

1201 2350 1321 2381 chonte
1344 2350 1440 2386 facto,
1465 2349 1501 2381 C.
1532 2350 1711 2380 Memmius
1741 2354 1908 2390 acceperat
1936 2355 2062 2390 partem

1202 2405 1333 2435 aedium
1355 2404 1499 2444 Epicuri,
1536 2413 1635 2444 quam
1664 2404 1791 2435 diruere
1823 2404 1921 2444 inque
1950 2413 2061 2434 earmn

1202 2458 1311 2488 10011111
1334 2466 1435 2487 novas
1459 2457 1553 2487 aedes
1572 2462 1697 2488 struere
1717 2456 1858 2487 volebat.
1881 2456 1991 2493 Patro,
2005 2455 2061 2497 qui

1202 2516 1273 2550 post
1304 2510 1446 2540 Phaedri
1477 2516 1617 2541 mortem
1654 2510 1846 2550 disciplinae
1880 2509 2060 2550 Epicureae

1202 2564 1295 2605 quasi
1326 2564 1476 2604 princeps
1506 2569 1582 2601 erat,
1612 2564 1824 2595 vehementer
1850 2564 2001 2604 cupiebat
2029 2568 2061 2595 et

1201 2628 1258 2658 per
1280 2617 1430 2648 Atticum
1454 2618 1581 2657 agebat,
1605 2622 1639 2648 ut
1662 2617 1746 2647 illud
1768 2618 1937 2648 decretum
1968 2617 2060 2647 abro-

1201 2676 1341 2711 garetur.
1378 2670 1428 2701 Cf.
1459 2671 1606 2711 epistola,
1635 2680 1735 2711 quam
1765 2670 1880 2702 Cicero
1915 2671 1955 2701 de
1993 2669 2053 2700 hoc

1199 2724 1332 2764 negotio
1355 2724 1396 2754 ad
1417 2724 1616 2754 Memmium
1637 2724 1735 2761 misit,
1758 2723 1851 2754 Fam.
1874 2723 1976 2754 XIII.
2000 2722 2030 2753 1.

1241 2781 1258 2820 §⁵
1282 2779 1311 2811 7.
1334 2778 1416 2809 Meis
1439 2779 1548 2809 verbis.
1584 2779 1698 2819 Vulgo
1720 2779 1889 2819 explicant
1912 2788 1976 2808 meo
2006 2787 2057 2808 no-

1198 2832 1289 2863 mine.
1311 2823 1606 2872 Pe1pe1·am;⁴nain
1641 2832 1752 2862 statim
1781 2831 1931 2862 Atticum
1960 2834 2056 2866 vetat,

1173 2878 1175 2907 ἶ
1198 2894 1239 2916 110
1262 2884 1367 2915 Piliae
1390 2884 1476 2914 dieat
1498 2884 1567 2915 eius
1590 2883 1832 2923 aegritudinem
1854 2883 1916 2913 sibi
1945 2886 2054 2912 notam

1200 2947 1278 2969 esse.
1313 2937 1389 2967 Mea
1412 2937 1504 2967 verba
1528 2942 1633 2973 vocat,
1658 2936 1776 2976 quibus
1799 2935 1867 2975 ipse
1890 2935 1923 2964 in
1946 2943 2057 2964 conso-

1199 2990 1298 3020 lando
1320 2989 1369 3021 uti
1400 2989 1536 3020 solebat.
1577 2988 1720 3020 Videtur
1747 2992 1857 3018 autem
1885 2985 2056 3027 epistola-m

1198 3043 1316 3082 Piliae,
1341 3043 1399 3074 alii
1421 3042 1627 3079 destinatam,
1651 3041 1824 3082 aperuisse,
1848 3049 1931 3080 quac
1954 3038 2056 3070 animi

1194 3096 1351 3128 commoti
1373 3096 1468 3136 signa
1490 3095 1688 3126 continebat.
1721 3093 1951 3133 Aegritudinis
1972 3102 2045 3123 cau-

1194 3159 1266 3180 sam
1289 3149 1488 3188 ignoramus.
1513 3146 1579 3180 Sed
1601 3151 1649 3179 est
1670 3145 1797 3187 aliquid
1814 3145 2006 3178 offensionis
2020 3144 2051 3175 in
