2117 3533
263 163 349 204 208
658 160 742 202 EP.
776 159 852 200 AD
884 158 931 198 Τ.
964 154 1313 198 POMPONIUM
1345 153 1608 195 ATTICUM.

261 296 375 339 datas
407 312 430 338 a
462 293 648 336 litoribus
681 291 914 333 Britanniae
947 289 1139 346 proximis
1172 304 1209 331 a.
1243 288 1284 330 cl.
1318 302 1379 331 VI.
1412 287 1587 330 Kalend.
1622 286 1787 329 Octobr.
1821 286 2013 328 Confecta

262 368 484 418 Britannia,
520 364 729 406 obsidibus
762 363 950 418 acceptis,
985 361 1097 403 nulla
1129 361 1291 417 praeda,
1324 361 1517 416 imperata
1548 365 1683 401 tamen
1715 359 1884 415 pecunia
1906 373 2014 400 exer-

263 443 387 483 citum
422 442 471 494 (e)
502 438 714 480 Britannia
746 435 1019 492 reportabant.
1064 434 1116 486 Q.
1150 434 1279 476 Pilius
1313 438 1396 476 erat
1428 434 1507 475 iam
1541 433 1590 474 ad
1623 433 1831 474 Caesarem
1864 430 2014 486 profec-

263 519 342 555 tus.
391 514 466 564 Tu,
502 513 535 553 si
568 516 639 553 aut
673 525 782 552 amor
813 510 856 551 in
889 514 928 550 te
962 513 1023 549 est
1054 508 1181 550 nostri
1214 523 1259 549 ac
1290 512 1452 549 tuorum
1487 511 1558 548 aut
1589 505 1671 547 ulla
1704 505 1848 547 veritas
1882 508 1951 545 aut
1982 503 2015 544 si

262 589 382 630 etiam
414 586 518 641 sapis
553 600 597 627 ac
634 584 713 625 frui
746 583 828 624 tuis
862 581 1080 623 commodis
1114 581 1280 636 cogitas,
1317 580 1530 622 adventare
1562 583 1602 620 et
1634 593 1756 633 prope
1779 576 1915 617 adesse
1937 575 2016 617 iam

263 661 398 702 debes.
432 660 528 701 Non
561 656 786 699 mehercule
821 670 946 710 aequo
983 654 1116 696 animo
1148 658 1188 695 te
1222 668 1351 695 careo.
1384 654 1439 694 Te
1473 657 1606 693 autem
1640 650 1738 705 quid
1761 649 1923 699 mirum,
1949 648 2017 703 qui

263 733 502 788 Dionysium
532 736 646 773 tanto
679 744 793 785 opere
829 727 1076 769 desiderem?
1110 742 1227 781 quem
1261 725 1424 781 quidem
1458 725 1528 766 abs
1579 729 1632 774 te,
1680 737 1804 777 quum
1838 721 1922 763 dies
1956 737 2018 762 ve·

262 807 380 857 nerit,
415 811 455 848 et
487 820 559 859 ego
592 808 632 846 et
665 803 804 844 Cicero
838 817 950 843 meus
982 800 1196 856 flagitabit.
1232 799 1316 841 Abs
1349 803 1388 840 te
1423 798 1621 854 proximas
1655 797 1790 837 literas
1822 793 2018 835 habebam

264 879 423 935 Epheso
456 894 493 920 a.
527 877 567 918 d.
602 890 644 918 v.
678 874 742 916 Id.
778 875 887 916 Sext.
923 873 1050 914 datas.

307 1044 323 1073 1
342 1041 487 1083 proximo
509 1058 549 1063 —
571 1040 590 1071 2
613 1038 794 1069 Exercitum
819 1035 995 1068 Britannia
1018 1055 1058 1060 —

313 1198 462 1239 Confecta
492 1195 666 1227 Britannia
692 1195 907 1234 ——imperata
937 1196 1041 1224 tamen
1065 1203 1122 1233 pe-

266 1252 370 1283 cunia.
402 1252 443 1283 In
466 1251 559 1281 codd.
581 1250 663 1281 haec
685 1249 889 1280 collocantur
921 1253 996 1278 ante
1025 1248 1126 1278 verba

265 1307 360 1338 datas
381 1325 423 1329 —
448 1305 569 1336 Octobr.
602 1305 675 1344 Ego
698 1303 886 1344 transposui
909 1307 940 1334 et
962 1302 1124 1333 coniunxi

266 1371 342 1392 cum
372 1360 480 1391 verbis
510 1357 678 1389 &remitam
708 1356 883 1387 Britannia
912 1355 1124 1396 reportabant.

266 1413 342 1452 Qua
364 1413 398 1443 in
422 1410 586 1443 sententia
602 1409 775 1440 Klotzium
791 1418 923 1440 mecum
940 1408 1046 1439 facere
1062 1409 1124 1439 lae-

266 1471 317 1497 tus
340 1464 492 1505 cognovi.
529 1463 616 1493 Tum
639 1462 752 1502 scripsi
779 1472 794 1491 e
818 1460 992 1491 Britannia
1015 1461 1124 1491 addita

266 1518 509 1560 praepositione
523 1526 565 1547 ex
580 1516 673 1546 codd.
689 1514 906 1554 Malaspinae.
928 1514 1015 1544 Nam
1028 1513 1123 1544 omis-

266 1573 316 1604 sio
339 1570 590 1613 praepositionis
614 1579 680 1599 non
704 1572 811 1608 potest
829 1567 961 1598 defendi
977 1567 1026 1603 iis,
1040 1576 1123 1606 quae

266 1626 395 1666 scripsit
418 1625 523 1655 Kritz.
547 1624 587 1654 ad
611 1622 679 1653 Sal.
702 1622 776 1662 Iug.
800 1622 848 1658 28,
873 1621 901 1657 6,
937 1630 1043 1661 neque
1072 1620 1123 1651 his

268 1679 429 1719 exemplis
452 1676 555 1707 Italia
580 1675 690 1706 cedere
713 1675 781 1706 Cic.
805 1674 892 1705 Phil.
908 1673 952 1704 X.
969 1675 998 1704 8.
1021 1673 1123 1703 Italia

267 1734 433 1774 deportare
463 1732 541 1762 Tac.
570 1731 662 1762 Ann.
692 1729 790 1760 XIV.
819 1730 870 1759 45.
909 1728 958 1759 Cf.
988 1728 1124 1760 Wesen-

269 1786 402 1826 bergius
424 1785 458 1815 in
483 1783 552 1816 Cic.
575 1793 649 1824 opp.
673 1782 750 1813 edit.
773 1780 828 1813 Or.
852 1781 907 1812 alt.
930 1781 992 1811 IV.
1008 1791 1037 1821 p.
1054 1780 1124 1813 367.

268 1838 481 1879 Reportabant
504 1844 637 1876 quoque
660 1838 848 1874 suspectum
870 1838 926 1864 est.
964 1833 1126 1864 Usitatius

268 1892 303 1922 in
326 1901 364 1923 ea
386 1900 421 1922 re
443 1889 568 1931 deferre
591 1893 621 1920 et
644 1887 820 1928 deportare.
857 1886 918 1917 Cff.
940 1886 1062 1917 Duker.
1086 1887 1125 1917 ad

268 1944 344 1975 Liv.
366 1942 575 1974 XXXVIII.
599 1942 647 1977 50,
672 1941 690 1970 3
713 1944 744 1970 et
766 1938 867 1970 Drak.
891 1939 931 1969 ad
952 1938 1125 1969 XXXIX.

270 1998 319 2034 38,
344 1998 372 2027 9.
396 1997 446 2027 Ita
469 1995 537 2027 Cic.
567 2005 598 2035 p.
628 1994 705 2034 imp.
738 1992 853 2032 Pomp.
884 1992 922 2021 61
951 1991 1063 2022 bellam
1090 1992 1124 2021 in

270 2049 384 2091 Africa
414 2049 581 2080 maximam
610 2046 753 2087 confecit,
783 2046 929 2076 victorem
957 2045 1124 2076 arei-eitam

271 2103 458 2143 deportavit.
481 2120 521 2124 —
550 2100 696 2132 Proaimo
724 2099 879 2131 vitiosum
908 2103 996 2130 ratus
1025 2109 1126 2140 quum

1169 1195 1212 1225 ob
1241 1194 1380 1226 formam
1417 1195 1563 1225 adverbii
1599 1193 1806 1230 insolentem,
1843 1197 1912 1223 tum
1946 1192 2025 1233 quia

1170 1248 1286 1280 Cicero
1310 1249 1418 1289 ipsum
1442 1249 1529 1279 diem
1561 1248 1732 1279 literarum
1763 1248 1914 1277 datarum
1944 1245 2025 1276 indi-

1169 1308 1230 1340 cat,
1271 1303 1383 1343 scripsi
1415 1313 1434 1332 a
1462 1302 1609 1333 litoribus
1640 1301 1833 1332 Britanniae
1862 1299 2026 1340 proximis.

1169 1356 1219 1387 De
1241 1365 1275 1386 re
1297 1355 1338 1386 cf.
1363 1355 1455 1387 Caes.
1480 1356 1518 1386 B.
1542 1355 1580 1386 G.
1605 1355 1648 1386 V.
1671 1355 1710 1386 22
1727 1359 1809 1385 extr.
1825 1359 1857 1385 et
1873 1354 1912 1384 23
1928 1354 1972 1384 in.
1986 1372 2026 1376 —

1174 1408 1323 1449 Confecta
1362 1408 1534 1439 Britannia
1571 1414 1620 1439 est
1655 1407 1832 1448 composita,
1862 1407 2028 1447 quomodo

1169 1462 1286 1493 Livius
1309 1462 1384 1493 XL.
1407 1464 1445 1493 35
1476 1462 1604 1502 scripsit
1634 1461 1806 1501 consectam
1830 1459 2025 1500 provinciam

1170 1514 1328 1546 nuntiare.

1215 1567 1249 1608 Q.
1280 1567 1385 1598 Pilius
1414 1569 1544 1599 videtur
1573 1568 1673 1598 fuisse
1707 1567 1806 1598 frater
1842 1566 1957 1603 Piliae,
1992 1566 2026 1597 in

1171 1620 1264 1651 cuius
1287 1621 1428 1660 gratiam
1451 1620 1568 1652 Cicero
1590 1621 1651 1650 hoc
1673 1620 1807 1650 nuntiat
1830 1619 1954 1650 Attico.

1221 1672 1344 1703 Veritas
1366 1683 1399 1704 o:
1424 1673 1502 1704 fides
1526 1678 1558 1705 et
1580 1672 1764 1703 constantia
1785 1671 1948 1712 promissi.
1979 1670 2030 1702 Cf.

1172 1736 1221 1767 ep.
1245 1727 1294 1763 19,
1318 1727 1345 1757 1.

1221 1779 1322 1816 Quum
1345 1780 1414 1811 dies
1435 1779 1565 1811 venerit.
1589 1779 1775 1820 Malaspina
1798 1778 1953 1809 coniecit:
1973 1787 2031 1819 qao

1173 1833 1225 1863 die
1258 1833 1380 1863 veneris
1387 1846 1397 1869 ,·
1435 1843 1536 1874 eaque
1566 1833 1692 1864 ratione
1722 1832 1875 1864 desiderii
1904 1831 2031 1872 magni-

1172 1886 1251 1916 tudo
1274 1886 1392 1917 melius
1416 1886 1588 1916 indicatur.
1614 1885 1663 1917 Cf.
1687 1895 1737 1926 ep.
1761 1886 1809 1922 15,
1835 1885 1883 1915 10.
1910 1884 2030 1915 Ernes-

1171 1944 1223 1970 tus
1245 1940 1298 1970 hic
1320 1941 1360 1971 de
1383 1940 1533 1971 libertate
1556 1940 1718 1980 Dionysio
1752 1939 1860 1970 danda
1890 1938 1943 1978 agi
1972 1948 2030 1979 pu-

1172 2000 1253 2031 tans,
1277 1994 1398 2025 oblitus
1413 1999 1480 2025 erat
1495 1994 1591 2025 illum
1606 1994 1672 2025 iam
1688 1993 1768 2024 olim
1783 1992 2026 2024 manumissum

1170 2056 1249 2078 esse.
1274 2047 1350 2078 Vid.
1375 2057 1424 2088 ep.
1449 2048 1497 2084 15,
1522 2048 1550 2078 1.

870 2216 985 2257 XIX.
1051 2182 1117 2270 (A.
1159 2217 1204 2257 U.
1242 2217 1284 2257 C.
1322 2217 1438 2270 700.)

339 2350 379 2389 1.
413 2347 449 2388 O
485 2349 732 2400 exspectatas
766 2344 865 2385 mihi
898 2348 989 2385 tuas
1021 2343 1177 2384 literas!
1215 2358 1237 2383 o
1261 2346 1418 2397 gratum
1443 2341 1681 2383 adventum!
1718 2357 1740 2382 o
1768 2340 2033 2383 constantiam

275 2420 458 2476 promissi
492 2424 532 2460 et
563 2418 681 2458 fidem
713 2417 875 2458 miram!
912 2432 935 2457 o
967 2415 1267 2470 navigationem
1301 2414 1531 2455 amandam!
1568 2429 1687 2468 quam
1710 2413 1933 2454 mehercule
1962 2428 2034 2467 ego

276 2493 390 2535 valde
424 2491 628 2542 timebam,
662 2490 875 2532 recordans
909 2488 1124 2544 superioris
1156 2492 1250 2528 tuae
1276 2486 1589 2528 transmissionis
1613 2480 1814 2543 ὃέῥρεις.
1855 2485 1932 2526 Sed
1955 2485 2035 2526 nisi

245 2581 259 2606 5
277 2566 405 2617 fallor,
439 2566 558 2606 citius
590 2570 629 2606 te
664 2580 782 2619 quam
816 2562 955 2605 scribis
998 2561 1157 2603 videbo.
1207 2560 1335 2602 Credo
1369 2559 1475 2601 enim
1509 2564 1548 2600 te
1581 2563 1741 2614 putasse
1773 2563 1863 2599 tuas
1896 2557 2036 2598 mulie-

278 2655 339 2681 res
371 2640 414 2680 in
447 2638 595 2695 Apulia
628 2652 732 2688 esse3
768 2635 875 2691 quod
909 2649 1033 2690 quum
1071 2648 1184 2675 secus
1221 2633 1310 2684 erit,
1345 2632 1440 2687 quid
1462 2636 1502 2672 te
1526 2631 1675 2686 Apulia
1694 2631 1895 2672 moretur?
1928 2630 2034 2672 Nam

1187 2819 1393 2851 Transmissio
1416 2825 1464 2852 est
1485 2820 1548 2851 iter
1568 2820 1783 2856 maritimum,
1803 2818 1957 2849 traiectus
1973 2827 2039 2848 ma-

1182 2873 1237 2904 ris.
1268 2872 1316 2904 Cf.
1340 2872 1427 2903 Phil.
1451 2873 1479 2903 I.
1501 2873 1530 2905 7.
1566 2872 1621 2904 Sic
1644 2871 1860 2903 transmittere
1888 2870 2036 2901 absolute

1182 2927 1323 2967 ponitur,
1354 2926 1412 2957 ubi
1441 2927 1481 2957 de
1510 2926 1592 2957 mari
1621 2925 1814 2957 traiiciendo
1844 2933 1950 2955 sermo
1980 2927 2037 2955 cst.

1183 2979 1260 3010 Vid.
1284 2978 1384 3010 XVI.
1406 2978 1434 3015 7,
1459 2979 1487 3009 1.

1229 3030 1311 3062 Tuas
1333 3031 1488 3069 mulieres,
1510 3040 1651 3062 uxorem
1673 3040 1748 3061 cum
1771 3028 1911 3060 ancillis.

1226 3085 1305 3115 Nam
1336 3083 1474 3116 Vestorio
1495 3083 1595 3115 dandi
1617 3085 1689 3114 sant
1703 3083 1842 3114 diescet.
1867 3082 1903 3115 Si
1924 3082 2039 3114 Cicero

1184 3138 1263 3170 haec
1286 3137 1423 3178 scripsit,
1448 3137 1597 3169 concedit
1618 3136 1742 3173 Attico,
1769 3140 1805 3167 ut
1827 3135 1952 3176 aliquot
1967 3134 2038 3166 dies

322 2827 340 2866 ξ
364 2827 393 2857 1.
425 2824 450 2854 O
472 2825 669 2865 exspectatas
697 2821 772 2852 mihi
801 2824 875 2852 tuas
904 2822 1039 2853 literas!
1074 2821 1134 2853 At-

282 2879 363 2909 ticus
387 2878 492 2909 amico
514 2877 721 2907 nuntiaverat
744 2884 778 2905 se
795 2876 971 2906 adventare
987 2884 1029 2906 ex
1042 2875 1135 2906 Asia.

327 2926 456 2975 ὃεῤῥεις
476 2933 553 2960 sunt
574 2928 686 2969 pelles,
709 2926 778 2957 sive
801 2930 993 2966 tegumenta
1023 2935 1040 2957 e
1070 2925 1136 2966 pel-

282 2985 368 3016 libus
391 2985 485 3016 faeta.
521 2984 652 3015 Atticus
674 2982 736 3013 hoc
766 2981 963 3012 vocabulum
992 2981 1074 3011 olim
1102 2980 1137 3010 in

285 3038 423 3078 epistola
445 3036 591 3078 posuisse
614 3035 753 3066 videtur.
777 3034 824 3065 Iis
847 3043 925 3064 usus
941 3038 1010 3065 erat
1030 3033 1070 3063 ad
1085 3032 1138 3062 fri-

285 3102 346 3132 gus
369 3092 557 3122 arcendum.
595 3089 733 3120 Temere
756 3088 784 3118 Ι.
806 3087 844 3118 F.
867 3086 1053 3118 Gronovius
1076 3086 1138 3116 hoc

285 3144 420 3175 nominc
450 3141 663 3182 impedimenta
696 3139 833 3171 indicari
863 3148 956 3179 posse
992 3138 1136 3179 putabat.
