2117 3533
236 994 268 1018 10

288 185 373 225 :230
689 182 774 223 ΕΡ.
808 181 884 221 AD
916 179 962 220 Τ.
996 177 1345 220 POMPONIUM
1378 178 1641 220 ATTICUM.

287 332 404 358 curae
437 316 536 356 mihi
569 314 745 364 fuerunt,
790 313 1054 366 Thermoque,
1087 312 1247 353 tametsi
1280 316 1372 353 ante
1413 312 1629 354 adventum
1674 328 1806 355 meum
1849 312 2042 354 liberalis-

287 391 384 431 sime
418 394 501 431 erat
533 386 737 441 pollicitus
776 386 858 427 tuis
892 384 1092 437 omnibus,
1137 390 1272 427 tamen
1312 386 1573 442 Philogenem
1617 392 1657 429 et
1699 389 1835 429 Seium
1877 387 2040 437 tradidi,

288 462 639 519 Apollonidensem
672 461 882 501 Xenonem
916 459 1205 501 commendavi.
1252 460 1427 501 Omnino
1461 460 1595 501 omnia
1628 477 1668 502 se
1702 461 1901 503 facturum
1935 476 2040 502 rece-

287 536 360 591 pit.
408 535 495 588 Ego
528 537 731 588 praeterea
763 533 959 574 rationem
992 531 1206 586 Philogeni
1249 533 1555 587 permutationis
1598 533 1697 584 eius,
1742 549 1860 587 quam
1908 538 2041 575 tecum

287 607 376 657 feci,
411 606 531 648 edidi.
563 607 671 660 Ergo
704 606 802 646 haec
836 620 994 660 quoque
1027 604 1236 645 hactenus.
1273 606 1313 645 3.
1349 605 1484 646 Redeo
1516 605 1566 647 ad
1598 605 1766 647 urbana.
1811 607 1887 647 Per
1919 606 2043 648 fortu-

287 681 379 721 nas!
428 679 617 734 quoniam
660 679 809 720 Romae
852 693 1003 729 manes,
1054 678 1226 733 primum
1270 678 1372 719 illud
1414 679 1607 734 praefulci
1658 684 1777 733 atque
1820 680 2043 734 praemuni,

287 768 448 808 quaeso,
482 757 529 793 ut
569 752 693 793 simus
735 751 880 803 1111111115
926 766 976 791 ne
1016 750 1273 792 intercaletur
1317 751 1493 805 quidem.
1551 752 1707 793 Deinde
1749 752 1914 794 exhauri
1957 768 2045 794 mea

287 825 476 867 mandata
516 825 780 879 maximeque,
831 825 865 865 si
898 824 996 879 quid
1029 828 1174 879 potest,
1198 824 1224 866 †
1251 823 1300 864 de
1322 824 1391 865 illo
1415 824 1632 866 domestico
1656 824 1901 880 scrupulum,
1926 840 2043 880 quem

288 915 369 940 11011
402 899 583 954 ignoras3
618 897 712 939 dein
746 897 794 938 de
828 897 1009 947 Caesare,
1058 896 1173 937 cuius
1204 896 1247 937 in
1281 896 1543 951 cupiditatem
1575 903 1615 938 te
1657 902 1818 938 auctore
1859 896 2043 947 incubui,

287 987 361 1012 nec
395 987 456 1012 me
491 971 615 1025 piget.
668 971 735 1021 Et,
770 970 803 1010 si
835 969 1044 1024 intelligis,
1079 984 1198 1024 quam
1231 984 1364 1010 meum
1399 970 1451 1010 sit
1483 970 1581 1011 scire
1615 975 1655 1011 et
1687 985 1838 1020 curare,
1873 970 1969 1025 quid
2001 969 2045 1011 in

286 1059 327 1086 re
360 1043 522 1099 publica
555 1043 644 1083 fiat:
682 1069 739 1073 —-
773 1043 842 1083 fiat
875 1043 1035 1084 autem?
1068 1043 1189 1083 immo
1211 1057 1303 1083 vero
1321 1043 1441 1084 etiam
1465 1043 1563 1097 quid
1586 1043 1765 1084 futurum
1782 1044 1848 1094 sit,
1867 1069 1924 1075 —
1958 1057 2045 1098 per-

287 1115 414 1157 scribe
460 1115 509 1156 ad
553 1130 615 1157 me
667 1115 814 1166 omnia,
860 1115 929 1156 sed
963 1114 1284 1170 diligentissime,
1318 1115 1592 1171 imprimisque
1626 1116 1770 1170 ecquid
1803 1116 2043 1158 iudiciorum

288 1194 415 1231 status
448 1194 518 1230 aut
551 1188 748 1229 factorum
782 1192 851 1228 aut
882 1188 1111 1229 futurorum
1145 1187 1265 1229 etiam
1300 1187 1467 1229 laboret.
1516 1189 1577 1230 De
1611 1204 1727 1243 aqua,
1762 1189 1795 1230 si
1827 1203 1944 1230 curae
1969 1193 2043 1239 est,

287 1262 320 1303 si
355 1262 451 1316 quid
488 1261 700 1316 Philippus
734 1266 838 1316 aget,
873 1260 1178 1302 animadvertes.

328 1420 347 1448 8
369 1418 408 1449 cle
430 1417 487 1449 illo
510 1417 676 1450 domestico
699 1420 769 1451 sine
791 1420 914 1451 indicio
936 1419 1147 1460 corruptelae.

333 1561 470 1592 Thermo.
501 1562 567 1592 Hic
590 1568 661 1592 tum
684 1572 742 1602 pro
764 1567 912 1603 praetore
942 1563 1058 1593 Asiam
1088 1563 1142 1592 ob-

292 1616 427 1646 tinebat.
451 1614 501 1646 Cf.
523 1615 555 1646 h.
579 1615 600 1645 1.
624 1625 673 1655 ep.
696 1616 745 1653 20,
770 1616 819 1646 10.
842 1616 891 1653 21,
913 1616 961 1647 14.
984 1616 1087 1647 Datae
1104 1616 1145 1646 ad

289 1678 364 1700 eum
393 1669 506 1699 literae
529 1677 571 1699 ex
608 1668 733 1706 Cilicia,
763 1669 855 1699 Fam.
879 1669 980 1700 XIII.
1011 1668 1145 1701 53—57.

289 1721 354 1751 Hic
377 1725 541 1761 receperat
565 1726 596 1752 et
620 1722 805 1758 affirmarat,
829 1731 863 1752 se
885 1721 977 1752 omni
995 1731 1060 1762 quo
1074 1731 1144 1761 pos-

289 1781 337 1807 set
359 1776 465 1807 studio
488 1786 553 1814 eos,
576 1777 633 1817 qui
656 1777 761 1808 Attici
784 1778 917 1817 negotia
947 1778 981 1808 in
1012 1778 1070 1808 illa
1098 1786 1144 1809 re·
1167 1807 1169 1819 1

289 1830 387 1867 ssione
409 1830 577 1868 curabant,
601 1831 799 1862 adiuturum.
1167 1821 1169 1826 Α

334 1882 467 1914 Tradidi
489 1893 521 1914 o:
546 1885 785 1915 commendavi.
809 1883 858 1916 Cf.
882 1884 975 1915 Fam.
997 1885 1044 1916 II.
1067 1885 1095 1922 6,
1117 1886 1145 1915 5.

289 1935 390 1966 XIII.
414 1937 442 1973 1,
466 1937 494 1966 2.
518 1938 567 1974 53,
592 1937 619 1968 1.
653 1937 733 1967 VH.
766 1939 794 1974 5,
824 1939 852 1974 3,
886 1938 943 1969 ubi
972 1938 1078 1969 addit:
1108 1938 1147 1969 de

289 1999 392 2026 manu,
414 1991 450 2019 ut
472 1989 572 2027 aiunt,
594 1989 628 2020 ia
651 2001 782 2021 manum.

332 2042 350 2082 ξ
374 2044 402 2073 3.
424 2044 441 2080 †
462 2042 510 2072 De
524 2042 583 2073 illo
598 2042 765 2074 domestico
778 2044 963 2084 Scrzqndum.
986 2045 1056 2076 Etsi
1071 2055 1146 2076 011111
1169 2054 1171 2068 ·

290 2096 423 2127 Nizolio
459 2101 581 2127 statuas
617 2102 693 2128 ante
729 2097 809 2128 haec
847 2098 946 2129 verba
987 2099 1146 2131 excidisse

291 2147 398 2184 zzz-ime,
421 2149 475 2179 vel
505 2158 578 2179 cum
608 2148 734 2181 Orellio
763 2150 899 2180 verbum
929 2150 1063 2181 erlzauri
1090 2161 1148 2192 per

292 2211 432 2242 zeugma
462 2204 501 2233 ad
532 2213 597 2233 acc.
634 2204 810 2244 Scrvpvlvm
847 2205 1009 2244 pertinere
1045 2211 1147 2246 puteS,

290 2260 402 2285 manet
425 2260 535 2286 tamen
558 2255 732 2286 difficultas
755 2256 789 2286 111
813 2257 921 2287 verbis
943 2256 981 2287 de
1012 2256 1070 2288 illo
1098 2257 1150 2288 do—

292 2306 426 2337 mestico.
448 2307 525 2338 Non
548 2308 634 2339 male
656 2308 806 2340 Moserus
821 2308 936 2349 Symb.
960 2309 1040 2341 Crit.
1064 2310 1106 2340 V.
1119 2321 1149 2351 p.

292 2360 311 2388 4
341 2369 389 2400 sq.
424 2360 614 2401 maximeque
642 2378 683 2382 —
716 2361 802 2392 deme
831 2362 921 2392 illum
953 2361 1151 2393 domesticum

880 2468 1003 2509 XIV.

1191 1563 1379 1602 scrupulum.
1403 1562 1469 1593 Sed
1491 1564 1623 1603 propius
1647 1565 1687 1594 ad
1710 1564 1838 1594 codices
1851 1564 1926 1594 erit:
1950 1563 2046 1593 evelle

1192 1616 1391 1646 domesticum
1412 1617 1598 1656 scrupulum.
1621 1616 1712 1647 Infra
1735 1626 1783 1657 ep.
1808 1616 1855 1653 17,
1879 1618 2047 1648 4eandem

1191 1678 1262 1699 rem
1284 1669 1427 1709 appellat
1449 1679 1543 1699 meam
1570 1669 1768 1699 domesticam
1786 1679 1902 1700 curam.
1925 1669 2048 1708 Agitur

1191 1726 1299 1752 autem
1315 1722 1355 1752 de
1368 1721 1455 1752 filiae
1471 1721 1670 1753 conditione.
1693 1721 1771 1752 Vid.
1786 1722 1826 1752 ad
1841 1731 1890 1762 ep.
1904 1723 1933 1759 4,
1950 1722 1967 1751 1
1979 1721 2012 1752 11.
2025 1721 2048 1752 l.

1233 1773 1281 1803 De
1306 1773 1443 1804 Caesare
1457 1784 1488 1804 o:
1505 1775 1546 1805 de
1563 1773 1711 1805 Caesaris
1726 1774 1861 1806 nomine
1877 1774 2046 1805 solvendo.

1235 1826 1333 1867 Quam
1355 1837 1451 1858 meum
1473 1827 1517 1857 sit
1549 1842 1562 1853 u
1573 1832 1704 1868 propter
1733 1828 1852 1865 locum,
1883 1837 1982 1868 quem
2012 1827 2046 1858 in

1192 1892 1229 1914 ea
1250 1887 1347 1914 teneo
1370 1888 1401 1914 et
1425 1888 1558 1924 propter
1580 1883 1737 1921 animum,
1752 1892 1851 1924 quem
1863 1892 1941 1923 erga
1952 1882 2048 1914 illum

1190 1935 1330 1966 habe0.”
1352 1936 1379 1966 Ι.
1401 1935 1439 1967 F.
1461 1934 1658 1966 Gronovius.

1233 1988 1307 2018 Fiat
1329 1988 1460 2019 autem?
1493 1989 1672 2029 Eleganter
1694 1994 1774 2029 part.
1808 1990 1910 2019 aulem
1940 1989 1984 2020 ita
2013 1989 2048 2019 in

1193 2041 1451 2081 interrogatione
1474 2042 1615 2082 ponitur,
1647 2051 1711 2082 qua
1741 2042 1831 2082 quod
1859 2042 1957 2073 niodo
1984 2041 2049 2072 dic-

1193 2100 1264 2125 tum
1287 2100 1345 2131 est,
1375 2095 1560 2135 corrigitur.
1597 2094 1652 2126 Sic
1676 2095 1738 2125 VI.
1761 2095 1789 2132 2,
1813 2095 1830 2125 1
1855 2099 1886 2126 ct
1908 2096 1936 2125 8.
1967 2095 2048 2126 VII.

1194 2150 1222 2187 1,
1246 2149 1390 2180 4..Fan1.
1413 2150 1440 2180 I.
1471 2150 1498 2186 9,
1530 2150 1578 2180 10.
1613 2149 1664 2181 Cf.
1693 2150 1872 2181 Ruhnken.
1901 2151 1942 2180 arl
1973 2150 2049 2181 Ter.

1171 2213 1173 2221 ¹
1194 2201 1339 2242 Adelph.
1363 2202 1406 2232 V.
1430 2203 1458 2238 8,
1483 2202 1531 2232 11.
1554 2202 1665 2232 Hand.
1688 2202 1784 2232 Tul-s.
1807 2202 1833 2233 Ι.
1857 2212 1886 2242 p.
1908 2201 1979 2234 576.

1236 2255 1284 2286 De
1307 2266 1397 2296 aqua,
1420 2261 1480 2287 cet.
1504 2255 1552 2287 Cf.
1577 2257 1617 2287 ad
1632 2265 1681 2296 ep.
1698 2256 1746 2293 12,
1762 2257 1791 2286 3.
1814 2255 1925 2286 Verba
1940 2261 2050 2287 autem

1196 2309 1242 2339 sic
1265 2309 1458 2349 corrigenda
1481 2309 1634 2340 arbitror:
1669 2308 1718 2339 De
1746 2319 1836 2350 aqua,
1870 2308 1926 2339 tibi
1955 2318 2051 2339 curae

1196 2362 1249 2393 sit.
1276 2362 1359 2403 Quid
1380 2362 1542 2403 Philippus
1563 2365 1649 2403 aqut,
1671 2362 1913 2394 animadvertes.

1069 2468 1134 2521 (A.
1177 2468 1221 2508 o.
1260 2469 1301 2508 e.
1340 2467 1457 2522 703.)

360 2580 398 2618 l.
433 2581 661 2633 Antequam
697 2580 830 2636 aliquo
862 2581 949 2622 loco
983 2581 1197 2623 consedero
1229 2596 1359 2635 neque
1392 2581 1532 2637 longas
1567 2598 1588 2623 a
1623 2598 1685 2623 me
1719 2597 1848 2638 neque
1897 2597 2050 2638 semper

294 2667 381 2692 mea
414 2666 536 2692 manu
568 2652 703 2693 literas
737 2654 1000 2708 exspectabis.
1035 2655 1172 2706 Quum
1206 2659 1339 2696 autem
1372 2655 1447 2696 erit
1481 2656 1668 2711 spatium,
1702 2660 1917 2710 utrumque
1939 2671 2050 2711 prae-

295 2723 424 2765 stabo.
474 2725 597 2765 Nunc
630 2725 706 2765 iter
747 2727 1055 2769 conficiebamus
1097 2733 1279 2769 aestuosa
1322 2732 1361 2768 et
1402 2728 1680 2783 pulverulenta
1722 2728 1799 2769 via.
1853 2728 2050 2770 Dederam

294 2795 453 2850 Epheso
487 2795 635 2851 pridie3
671 2796 742 2837 has
776 2797 868 2839 dedi
902 2799 1115 2841 Trallibus.
1160 2800 1210 2840 In
1252 2799 1458 2854 provincia
1500 2815 1587 2841 mea
1628 2800 1709 2841 fore
1753 2816 1815 2843 me
1858 2801 2049 2858 putabam

292 2867 387 2908 Kal.
422 2867 656 2909 Sextilibus.
707 2870 768 2910 Ex
801 2886 845 2911 eo
880 2871 958 2923 die,
993 2873 1026 2914 si
1058 2888 1121 2914 me
1155 2887 1276 2924 amas,
1311 2871 1618 2932 παράπηγμα
1653 2870 1914 2919 ἐνιαύσιον
1946 2889 2049 2916 com·

334 2999 351 3037 §
376 2998 402 3028 l.
426 2998 584 3029 Aestuosa
606 3017 647 3021 —
669 2998 719 3028 via
743 3008 773 3029 o:
805 2999 883 3030 solis
914 3001 1021 3032 ardori
1050 3011 1146 3042 expo·
1167 2989 1170 3028 l
1236 2998 1457 3045 παράπηγμα
1485 2997 1654 3032 ἐνιαύσιον
1671 3002 1861 3038 commoneto,
1878 3011 1910 3031 o:
1925 3005 1961 3031 ut
1975 3000 2049 3032 scri-

293 3051 362 3088 sita,
386 3051 519 3088 fervida,
544 3057 579 3082 ut
602 3052 760 3083 Horatius
784 3051 892 3083 Carni.
916 3054 943 3084 Ι.
974 3056 1023 3092 31,
1047 3057 1064 3085 5
1089 3054 1146 3087 Ca·
1194 3056 1242 3086 bit
1264 3065 1311 3096 ep.
1335 3065 1401 3097 seq.
1438 3056 1487 3086 Er
1509 3057 1565 3087 hoe
1587 3056 1639 3087 die
1661 3057 1781 3086 olavum
1802 3056 1880 3086 anni
1910 3056 2048 3087 movebis.

292 3104 431 3135 labriam
454 3106 595 3145 appellat
623 3111 816 3137 aestuosam.
854 3106 904 3138 Cf.
933 3107 1077 3140 Orellius
1106 3110 1147 3140 ad
1193 3109 1338 3150 Respicit
1360 3115 1503 3142 veterem
1526 3120 1651 3141 morem
1681 3120 1722 3141 ex
1750 3111 1881 3141 Etruria
1909 3111 2048 3142 Romam

294 3157 375 3188 Hor.
399 3157 423 3189 C
428 3168 507 3189 arni.
531 3160 557 3189 I.
581 3160 629 3197 22,
653 3161 682 3189 5.
1193 3164 1398 3202 translatum,
1421 3170 1457 3194 ut
1480 3164 1516 3201 is,
1540 3164 1595 3205 qui
1618 3170 1747 3205 praetor
1769 3164 1937 3196 maximus
1954 3168 2047 3200 esset,
