2117 3533
228 962 259 985 10

232 1695 266 1720 20

230 2058 262 2084 25

292 161 376 199 270
688 158 770 198 ΕΡ.
808 157 881 196 AD
914 156 959 194 T.
994 153 1342 194 POMPONIUM
1376 152 1638 192 ATTICI'M.

289 295 335 334 ad
372 309 432 334 me
466 293 628 333 minime
662 289 945 344 provinciales,
980 287 1083 328 nihil
1117 302 1186 341 per
1219 286 1532 337 cubicularium3
1569 291 1660 327 ante
1693 287 1823 327 lucem
1856 286 2037 328 inambu-

288 367 416 407 labam
452 365 571 414 domi,
606 368 652 404 ut
685 362 778 403 olim
813 361 1064 402 candidatus.
1114 362 1240 401 Grrata
1272 359 1369 400 haec
1401 366 1441 400 et
1473 374 1617 413 magna
1650 359 1827 413 mihique
1860 359 2037 401 nondum

287 439 481 479 laboriosa
514 452 562 477 ex
595 435 662 476 illa
696 439 825 475 vetere
870 433 1026 474 militia.
1085 435 1126 473 6.
1162 433 1293 473 Nonis
1338 433 1436 473 Mai.
1479 432 1521 473 in
1567 432 1749 472 Ciliciam
1794 431 2037 486 cogitabam3

284 510 340 550 ibi
385 524 507 562 quum
552 508 716 548 Iunium
759 521 934 547 mensem
985 504 1317 559 consumpsissem
1366 529 1421 533 —
1467 510 1586 559 atque
1630 504 1785 544 utinam
1836 504 1877 544 in
1922 507 2036 558 pace!

284 597 471 635 inagnum
505 581 610 621 enim
644 579 793 620 bellum
826 577 1032 632 impendet
1076 593 1097 618 a
1131 577 1291 618 Parthis
1328 602 1399 627 —,
1435 577 1659 628 Quintilem
1708 577 1750 617 in
1795 575 1927 616 reditu
1973 592 2037 631 po-

286 669 389 694 nere.
426 656 594 694 Annuae
629 652 735 692 enim
770 650 869 691 mihi
904 665 1044 704 operae
1068 665 1100 690 a.
1124 649 1163 689 d.
1188 662 1258 690 111.
1284 649 1457 689 Kalend.
1481 650 1590 690 Sext.
1617 654 1856 689 emerentur.
1891 649 2039 703 Magna

284 734 415 767 autem
450 726 492 766 in
527 740 594 780 spe
633 740 720 765 sum
762 722 861 763 mihi
906 722 1009 763 nihil
1048 723 1238 777 temporis
1284 726 1539 776 prorogatum
1583 721 1645 762 iri.
1702 720 1913 761 Habebam
1955 727 2040 763 acta

287 799 435 839 urbana
468 813 592 851 usque
627 797 676 837 ad
711 797 850 836 Nonas
884 795 1067 845 Martias,
1113 810 1132 834 6
1178 793 1324 848 quibus
1368 793 1642 847 intelligebam
1686 794 1872 834 Curionis
1915 795 2039 835 nostri

284 872 509 914 constantia
541 871 674 910 omnia
708 869 841 924 potius
876 874 1009 909 actum
1042 868 1093 908 iri
1127 883 1245 922 quam
1290 867 1337 908 de
1383 867 1612 922 provinciis.
1657 868 1778 921 ErgO,
1824 872 1869 908 ut
1912 882 2038 922 spero,

284 945 511 1000 propediem
545 950 584 983 te
618 942 776 983 videbo.
838 944 875 982 7.
911 941 1040 982 Venio
1085 940 1134 981 ad
1179 941 1350 981 Brutum
1395 946 1525 990 tuum,
1570 941 1691 981 immo
1735 945 1938 991 nostrum;
1984 941 2039 981 sic

283 1019 389 1058 6111111
422 1017 561 1058 mavis.
610 1014 808 1069 Equidem
843 1014 977 1055 omnia
1010 1013 1101 1064 feci,
1137 1028 1238 1067 quae
1273 1014 1387 1067 potui
1420 1018 1490 1054 aut
1522 1013 1565 1054 in
1598 1028 1685 1054 mea
1718 1014 1923 1068 provincia
1956 1028 2040 1067 per—

283 1094 396 1131 licere
431 1095 500 1130 aut
532 1090 574 1130 in
608 1104 729 1143 regno
773 1088 956 1143 experiri.
1013 1087 1135 1128 Omni
1175 1087 1300 1141 igitur
1343 1087 1461 1127 modo
1503 1086 1565 1141 egi
1613 1101 1703 1127 cum
1747 1102 1838 1141 rege
1883 1091 1922 1127 et
1967 1101 2039 1140 ago

285 1163 476 1217 quotidie,
511 1178 579 1217 per
612 1163 746 1203 literas
781 1161 946 1202 scilicet.
1003 1161 1144 1215 Ipsum
1178 1161 1285 1201 enim
1317 1160 1497 1200 triduum
1532 1160 1839 1214 quatriduumve
1884 1174 2038 1199 mecum

285 1236 407 1277 habui
439 1234 683 1276 turbulentis
716 1235 758 1275 in
792 1233 924 1284 rebus,
973 1232 1118 1287 quibus
1161 1247 1252 1273 eum
1292 1231 1471 1272 liberavi.
1523 1232 1599 1272 Sed
1641 1238 1681 1273 et
1726 1237 1811 1273 tum
1855 1246 2040 1286 praesens

251 1324 264 1347 5
286 1316 324 1350 et
357 1314 493 1364 postea
538 1308 785 1349 creberrimis
830 1307 984 1361 (literis)
1030 1322 1111 1347 non
1153 1306 1290 1346 destiti
1336 1320 1473 1359 rogare
1517 1311 1557 1346 et
1600 1311 1732 1360 petere
1778 1320 1863 1345 mea
1907 1318 2039 1353 causa,

287 1383 449 1424 suadere
483 1387 523 1422 et
555 1381 705 1422 hortari
739 1395 820 1421 sua.
866 1380 1044 1420 Multum
1087 1378 1250 1432 profeci,
1295 1378 1363 1419 sed
1407 1383 1602 1432 quantum
1646 1393 1726 1418 non
1772 1377 1903 1432 plane,
1948 1375 2042 1429 quia

285 1458 403 1510 longe
437 1455 590 1504 absum,
627 1454 721 1494 scio.
779 1453 1015 1493 Salaminios
1049 1456 1182 1492 autem
1218 1477 1274 1480 »ἦ
1309 1451 1381 1492 hos
1417 1451 1525 1492 enim
1558 1456 1731 1506 poteram
1770 1454 1947 1491 coercere
1983 1473 2038 1477 β*

287 1530 451 1580 adduxi,
486 1534 531 1568 ut
561 1532 690 1568 totum
737 1541 882 1566 nomen
927 1526 1087 1580 Scaptio
1132 1524 1279 1565 vellent
1323 1525 1485 1574 solvere,
1531 1524 1599 1565 sed
1642 1524 1868 1564 centesimis
1909 1522 2040 1563 ductis

287 1620 309 1645 a
342 1603 519 1658 proxima
553 1601 714 1656 quidem
748 1598 985 1654 syngrapha,
1019 1614 1093 1639 nec
1127 1599 1329 1653 perpetuis
1364 1598 1432 1639 sed
1466 1597 1666 1638 renovatis
1690 1595 1919 1650 quotannis.
1953 1595 2040 1635 Nu-

288 1675 543 1717 merabantur
576 1673 710 1723 numi;
745 1672 877 1713 noluit
911 1671 1109 1726 Scaptius.
1169 1671 1272 1721 Tun,
1307 1671 1377 1725 qui
1410 1671 1467 1711 ais
1501 1670 1672 1711 Brutum
1705 1683 1848 1723 cupere
1891 1666 2041 1722 aliquid

286 1749 475 1805 perdere?
509 1747 734 1798 Quaternas
766 1744 942 1786 habebat
973 1745 1017 1785 111
1050 1744 1286 1799 syngrapha.
1320 1744 1425 1785 Fieri
1457 1758 1539 1784 non
1572 1747 1727 1798 poterat
1736 1760 1747 1793 ;
1780 1756 1869 1791 nec,
1894 1741 1927 1782 si
1952 1756 2040 1796 pos-

288 1830 360 1873 set,
395 1838 466 1876 ego
501 1821 584 1877 pati
617 1835 786 1875 possem.
822 1819 957 1860 Audio
991 1819 1154 1859 omnino
1190 1818 1397 1872 Scaptium
1430 1817 1647 1872 poenitere.
1703 1816 1809 1856 Nam
1843 1814 1950 1868 quod
1985 1829 2041 1855 se-

285 1902 404 1936 natus
438 1894 665 1935 consultum
700 1908 783 1934 esse
817 1891 990 1942 dicebat,
1025 1896 1071 1932 ut
1103 1892 1166 1932 ius
1200 1907 1247 1931 ex
1282 1891 1505 1945 syngrapha
1539 1890 1751 1938 diceretur,
1796 1902 1842 1928 eo
1876 1886 2041 1928 consilio

286 1968 434 2008 factum
468 1972 540 2017 est,
575 1966 680 2021 quod
714 1964 925 2020 pecuniam
959 1964 1167 2005 Salaminii
1201 1968 1339 2004 contra
1372 1963 1501 2017 legem
1533 1961 1749 2003 Gabiniam
1773 1962 2038 2015 sumpserant.

286 2040 460 2081 Vetabat
493 2044 625 2081 autem
660 2038 755 2079 Auli
788 2038 852 2078 lex
884 2038 947 2077 ius
981 2036 1061 2077 dici
1096 2036 1143 2077 de
1178 2036 1235 2077 ita
1269 2041 1430 2090 sumpta
1463 2034 1647 2089 pecunia.
1694 2032 1883 2073 Decrevit
1915 2031 2039 2086 igitur

328 2217 364 2247 15
388 2215 579 2246 creberrimis
602 2223 661 2246 >zon
685 2211 796 2243 destiti
818 2229 858 2233 —

286 2385 320 2415 in
343 2385 435 2425 epist.
457 2385 497 2414 ad
520 2394 595 2414 eum
617 2384 693 2413 data
714 2384 740 2413 I.
765 2383 791 2419 1,
815 2383 855 2412 20
877 2392 923 2422 sq.
947 2382 974 2412 1.
998 2381 1036 2411 F.
1058 2380 1136 2412 Gro-
1162 2390 1163 2418 1
1189 2382 1318 2412 toritate
1342 2382 1418 2412 libri
1442 2381 1573 2412 Faerni.
1596 2382 1741 2422 Ellipsis,
1766 2390 1867 2421 quam
1884 2383 2041 2416 statuunt,

287 2438 404 2468 novius
427 2437 542 2467 merito
564 2436 709 2476 explosit
731 2436 888 2475 augurale
914 2435 1053 2465 verbum
1082 2444 1138 2465 nee
1162 2446 1163 2473 ;
1190 2436 1302 2466 durior
1325 2442 1382 2467 est.

287 2491 455 2530 impetrila,
478 2495 508 2520 et
531 2494 640 2520 tuetur
661 2490 768 2529 script.
792 2489 879 2519 Med.
902 2498 959 2518 aec
986 2488 1138 2527 imperita,
1237 2489 1419 2521 Centesimz's
1441 2490 1543 2520 (luetis
1566 2501 1585 2519 a
1600 2490 1747 2529 promima
1769 2488 1889 2530 quidem
1915 2497 2043 2529 synqra.

289 2545 520 2583 interpretans:
559 2557 571 2567 a
584 2543 690 2582 qualis
726 2543 817 2573 decet
853 2543 1023 2573 hominem
1058 2541 1140 2572 iuris
1182 2542 1260 2582 pha,
1283 2552 1340 2572 nee
1354 2542 1517 2581 perpeluis
1538 2542 1595 2572 secl
1617 2541 1776 2572 renovatis
1791 2541 1968 2582 quotannis:
1992 2538 2042 2571 Cf.

288 2600 394 2630 civilis
417 2610 483 2630 non
506 2600 691 2639 ignarum?
1191 2595 1233 2625 V.
1256 2595 1304 2632 21,
1330 2595 1377 2625 11.
1402 2595 1461 2625 VI.
1487 2595 1514 2631 1,
1538 2594 1764 2625 §.Salaminii
1787 2598 1908 2626 sortem
1923 2599 1955 2625 et
1971 2602 2043 2624 usu-

332 2652 459 2682 jamme
474 2651 684 2692 provinciales
707 2662 738 2681 o:
763 2652 898 2682 minime
927 2652 1075 2682 difficiles
1104 2660 1140 2681 ac
1190 2660 1240 2681 ras
1262 2651 1389 2681 solvere
1411 2651 1575 2687 volebant,
1599 2651 1655 2681 sed
1675 2650 1737 2680 hac
1760 2650 1833 2690 lege
1863 2654 1899 2680 ut
1926 2657 2042 2680 usurae

290 2705 428 2741 molesti,
463 2711 499 2734 ut
529 2705 566 2734 fit
600 2704 664 2734 fere
695 2704 728 2734 in
752 2705 939 2743 provinciis,
975 2705 1140 2744 Exemplo
1190 2708 1457 2744 computarentur
1479 2714 1497 2734 a
1519 2704 1581 2741 die,
1606 2714 1624 2734 a
1646 2714 1710 2744 quo
1733 2703 1908 2734 currebant
1930 2712 1947 2734 e
1969 2712 2043 2743 syn-

290 2760 383 2799 ponit
405 2758 537 2788 Tacitus
559 2758 650 2788 Anu.
673 2757 751 2788 XV.
767 2759 803 2787 31
822 2759 998 2798 complexu
1011 2758 1140 2798 provin·
1191 2758 1314 2798 grapha
1346 2762 1377 2788 et
1406 2758 1476 2788 sine
1505 2758 1715 2788 anatocismo.
1759 2756 1857 2795 Quod
1884 2756 1997 2787 scribit
2023 2765 2043 2784 a

291 2813 356 2842 «fias
379 2811 599 2842 obtinentium
622 2811 721 2841 arceri
746 2811 933 2851 foribusque
956 2812 1119 2843 adsistere.
1163 2831 1165 2833 >
1185 2811 1329 2850 proxima
1352 2812 1532 2851 Synqraplza
1555 2811 1684 2841 videtur
1705 2810 1849 2841 indicare
1871 2809 1979 2850 plures
2001 2808 2041 2838 de

334 2868 350 2904 ξ
374 2866 402 2895 6.
431 2864 616 2894 Emer-entur
637 2874 669 2894 o:
700 2866 885 2905 explentur,
914 2866 1141 2896 conficiuntur.
1164 2864 1166 2892 1
1191 2864 1249 2893 1110
1272 2864 1382 2894 debito
1406 2864 1608 2904 syngraphas
1632 2873 1701 2895 esse
1723 2863 1833 2894 factas.

293 2921 406 2952 Cicero
430 2920 565 2958 eiusque
588 2919 740 2959 aequales
762 2929 894 2949 emerere
919 2921 1023 2951 active
1052 2921 1143 2951 dixe·
1234 2917 1297 2947 Tm
1321 2917 1372 2958 qm*
1393 2917 1442 2947 ais
1464 2918 1595 2948 Brutum
1620 2924 1681 2948 cet.
1718 2916 1800 2947 Dedi
1823 2916 1910 2956 quod
1938 2923 1980 2945 ex
2010 2912 2041 2944 X

292 2981 375 3004 runt.
406 2973 495 3003 Hinc
518 2972 630 3002 scribit
652 2971 735 3001 infra
759 2981 807 3012 ep.
831 2974 858 3008 5,
882 2974 900 3001 :3
922 2972 985 3002 Nos
1007 2974 1067 3003 etsi
1089 2984 1143 3003 an-
1192 2970 1293 3009 vulgo
1315 2971 1475 3007 scribit-ur,
1499 2979 1697 3010 quamquam
1726 2978 1841 2999 verum
1864 2977 1929 2998 nou
1952 2973 2042 3006 puto.

292 3037 382 3056 nuum
405 3028 522 3064 tempus
537 3034 635 3063 prope
656 3023 717 3053 iam
741 3024 897 3053 emeril‘emz
920 3025 1113 3056 habebamus.
1166 3043 1167 3059 1
1194 3023 1369 3054 Sehutzius
1399 3025 1558 3055 correxit:
1597 3023 1680 3063 Quid
1708 3023 1770 3053 ta?
1797 3021 1850 3063 qui
1879 3021 1937 3051 ais.
1971 3019 2044 3059 Ego

336 3080 353 3118 ᾗ
376 3078 403 3109 7.
429 3077 465 3108 In
489 3086 583 3117 regmo
606 3075 750 3116 experiri.
774 3076 850 3106 Vid.
874 3078 913 3106 ad
937 3077 979 3107 V.
1002 3078 1050 3114 18,
1074 3080 1103 3107 4.
1193 3078 1322 3108 malini:
1351 3077 1406 3108 Ubi
1427 3080 1470 3114 lu,
1494 3078 1545 3119 qui
1567 3078 1616 3107 ais
1639 3081 1697 3108 cet.

339 3134 347 3155 1
359 3129 536 3161 'rebem-imis
550 3128 663 3159 literis.
684 3127 933 3159 Substantivum
949 3130 1057 3160 addidi
1074 3140 1144 3160 auc·
1167 3140 1169 3148 ⁴
1239 3131 1352 3162 Contra
1375 3132 1470 3171 leyen(
1497 3130 1669 3162 Gabiniam.
1693 3130 1743 3161 Cf.
1767 3131 1807 3160 ad
1832 3129 1873 3160 V.
1896 3129 1945 3165 21,
1971 3128 2017 3158 12.
