2117 3533
749 166 856 206 LIB.
891 165 949 206 Π.

984 167 1067 207 ΕΡ.
1106 167 1175 205 la.
1761 170 1844 207 109

88 300 319 356 plenissima
351 299 654 355 desperationis.
690 298 826 339 Habet
859 299 977 339 etiam
1013 299 1216 354 Campana
1250 300 1312 340 lex
1346 301 1654 341 exsecrationem
1690 301 1733 341 in
1755 316 1845 342 con-

87 375 195 415 tione
230 373 549 423 candidatorum,
597 373 629 413 si
672 373 917 413 mentionem
958 372 1138 422 fecerint,
1184 388 1262 427 quo
1304 373 1418 414 aliter
1462 389 1554 428 ager
1596 374 1848 429 possideatur

88 452 206 501 atque
238 452 285 486 nt
317 461 365 486 ex
397 445 553 500 legibus
588 445 718 486 iuliis.
752 445 848 485 Non
881 444 1071 485 dubitant
1103 445 1233 485 iurare
1267 446 1388 485 ceteri
1398 464 1409 496 3
1445 446 1673 488 Laterensis
1707 448 1844 488 existi—

89 524 220 560 matur
252 519 360 559 laute
395 518 546 567 fecisse,
582 517 688 571 quod
722 516 973 557 tribunatum
1008 517 1062 571 pl.
1110 523 1241 571 petere
1284 517 1452 568 destitit,
1495 535 1544 559 ne
1590 520 1753 561 iuraret.
1806 539 1848 561 o.

1808 524 1827 538 ι)

90 593 167 634 Sed
201 592 249 633 de
283 607 323 632 re
358 591 519 646 publica
552 606 633 631 non
662 589 761 630 libet
784 590 898 644 plura
920 589 1104 630 scribere.
1140 589 1343 644 Displiceo
1366 590 1466 631 mihi
1490 607 1561 632 nec
1587 593 1671 633 sine
1694 608 1848 634 summo
1886 606 1899 629 5

90 665 219 707 scribo
254 665 401 706 dolore.
438 665 505 705 Me
535 670 663 714 tueor,
698 670 744 704 ut
778 664 974 718 oppressis
1008 663 1209 713 omnibus,
1243 679 1324 704 non
1359 663 1542 715 demisse,
1575 671 1621 706 ut
1643 666 1767 706 tantis
1790 681 1849 707 re-

90 740 164 780 bus
197 740 333 793 gestis,
369 753 509 793 parum
543 737 711 778 fortiter.
747 739 782 777 A
816 736 981 777 Caesare
1016 736 1130 777 valde
1164 736 1381 777 liberaliter
1413 738 1561 778 invitor
1598 740 1657 794 [in
1685 740 1849 794 legatio-

88 825 179 850 nem
212 810 356 865 illam],
392 809 469 850 sibi
502 816 549 850 ut
582 811 657 850 sim
690 810 860 863 legatus,
896 814 1015 863 atque
1050 809 1170 849 etiam
1203 809 1328 850 libera
1360 810 1507 864 legatio
1536 812 1619 852 voti
1642 827 1762 852 causa
1783 812 1850 853 da-

87 889 167 924 tur.

214 884 290 925 Sed
323 883 421 924 11366
455 890 495 924 et
529 883 717 939 praesidii
751 882 858 937 apud
892 881 1085 936 pudorem
1118 882 1317 923 Pulchelli
1346 899 1426 924 non
1460 883 1582 925 habet
1616 885 1711 925 satis
1745 891 1785 925 et
1828 900 1849 926 a

88 956 221 997 fratris
255 956 431 997 adventu
464 972 525 997 me
561 955 740 1010 ablegat3
776 955 845 995 illa
879 960 918 995 et
952 955 1144 995 munitior
1178 960 1238 996 est
1271 961 1310 996 et
1342 971 1424 997 non
1457 957 1639 1012 impedit,
1675 973 1754 1012 (1110
1778 959 1849 999 1111-
1869 973 1901 996 lo

87 1043 163 1069 nus
197 1028 339 1079 adsim,
373 1043 495 1082 quum
519 1029 652 1069 velim.
688 1029 806 1069 Hanc
835 1043 907 1082 ego
930 1033 1061 1078 teneO,
1087 1028 1155 1069 sed
1178 1044 1345 1070 usurum
1369 1046 1430 1071 me
1454 1047 1535 1072 non
1558 1037 1670 1087 puto.
1705 1034 1849 1088 Neque

86 1107 219 1142 tamen
253 1102 278 1144 †
311 1102 386 1142 scit
420 1102 646 1156 quisquam.
681 1102 775 1142 Non
809 1101 923 1141 lubet
967 1100 1123 1155 fugere3
1171 1117 1265 1142 aveo
1310 1118 1504 1157 pugnare.
1560 1105 1710 1159 Magna
1755 1112 1850 1147 sunt

127 1278 144 1306 5
168 1274 327 1316 Displiceo
359 1277 435 1307 mihi
463 1288 520 1308 nec
547 1277 615 1308 sine
642 1287 756 1307 sunzmo
784 1275 885 1307 scribo
914 1275 1021 1307 dolore
1054 1277 1146 1316 quasi
1177 1287 1218 1308 ex
1248 1278 1358 1319 aliquo
1395 1280 1539 1311 carmine
1573 1282 1793 1323 desumptum.

77 1336 94 1369 7
117 1336 151 1366 in
174 1337 360 1376 leyationem
384 1338 472 1368 illam
494 1339 565 1371 sine
588 1339 708 1369 indicio
731 1328 890 1375 νοθείας.
915 1353 954 1357 -

76 1509 284 1541 declarantur
306 1519 355 1550 ep.
379 1510 426 1547 20,
451 1511 486 1540 3:
510 1510 602 1541 Nune
623 1510 743 1552 quidem
769 1521 845 1542 novo
867 1521 936 1552 quo-

76 1562 149 1592 dam
171 1562 271 1593 morbo
294 1568 355 1594 eet.

119 1616 138 1655 ξ
160 1617 189 1646 2.
211 1616 317 1646 Habet
340 1616 434 1646 etiam
459 1616 614 1656 Campana
637 1617 690 1648 lex
712 1624 771 1648 eet.
795 1627 828 1648 o:
852 1617 937 1657 Legi

78 1669 224 1708 agrariae
246 1669 408 1700 adiectum
430 1674 478 1700 est
499 1676 604 1710 caput,
628 1680 693 1710 quo
724 1676 938 1700 exsecrantur

78 1723 251 1759 candidati,
281 1723 308 1753 si
331 1728 500 1763 rogassent
528 1723 654 1764 aliquid
683 1723 813 1763 legibus
843 1724 937 1755 Iuliis

78 1775 289 1805 contrarium.
320 1775 432 1806 Verba
453 1775 486 1806 in
508 1776 651 1806 contione
674 1782 826 1817 corrupta
847 1782 935 1816 puto,

78 1837 181 1867 quum
204 1829 329 1859 nullam
353 1829 505 1860 idoneam
530 1830 727 1860 sententiam
750 1830 886 1861 afferant
903 1837 935 1862 et

78 1880 163 1911 male
185 1881 377 1921 disiungant
406 1882 651 1913 exsecrationem
681 1883 934 1914 cusalidatormn.

77 1933 251 1966 Senatores
274 1942 305 1966 et
333 1935 552 1975 magistratus,
576 1937 631 1976 qui
655 1944 731 1967 sunt
754 1937 807 1967 vel
830 1942 934 1974 erunt,

77 1998 317 2029 nonnunquam
338 1989 372 2019 in
396 1989 504 2029 legem
533 1990 676 2030 aliquam
706 1990 812 2021 iurare
841 1991 935 2021 debe-

78 2041 156 2072 bant
165 2056 172 2078 3
201 2042 242 2072 cf.
271 2042 416 2080 Rudorff,
447 2044 486 2073 de
516 2044 590 2083 lege
614 2044 736 2074 Thoria
760 2055 788 2084 p.
814 2046 854 2075 82
877 2055 934 2085 5ι1.,

76 2095 133 2125 sed
155 2104 222 2125 non
245 2095 371 2126 solebat
395 2096 459 2127 tale
482 2096 710 2127 iusiurandum
726 2098 844 2128 deferri
862 2108 935 2128 can-

77 2147 207 2177 didatis.
235 2147 412 2188 Propterea
434 2149 580 2189 suspicor
602 2159 661 2179 scr.
685 2150 914 2180 insolentiorem
926 2165 933 2187 ;

77 2199 141 2229 nisi
164 2199 246 2230 forte
268 2206 409 2240 praestat
430 2201 510 2231 haec
532 2201 578 2231 sie
608 2207 837 2242 transponere:
868 2202 935 2232 Ha-

76 2251 125 2282 bec
149 2252 239 2282 etiam
266 2252 422 2293 Campana
445 2254 497 2283 lea·
519 2254 765 2284 exsecrationem
783 2255 934 2285 candida-

77 2308 187 2341 torum,
210 2306 239 2335 sz'
260 2306 294 2336 in
318 2307 461 2338 contione
483 2308 664 2338 mentionem
678 2308 831 2348 fecerint.

124 2358 189 2398 Quo
212 2358 309 2389 aliter
330 2378 371 2381 —
392 2362 487 2400 atqve
510 2362 554 2390 μί.
583 2360 633 2391 Cf.
655 2361 766 2391 Hand.
790 2362 884 2392 Turs.
907 2362 933 2392 I.

986 1511 1018 1542 im
1048 1512 1234 1553 leqatz'onem
1275 1514 1363 1545 illam
1399 1515 1481 1546 mihi
1519 1526 1594 1546 611111
1632 1515 1789 1547 Schutzio
1819 1522 1850 1547 et

985 1565 1175 1597 Bentivolio
1198 1574 1347 1608 suspecta
1365 1574 1450 1599 sunt.
1467 1587 1507 1591 —
1523 1568 1700 1600 Caeterum
1716 1570 1749 1600 in
1767 1575 1846 1600 orat.

984 1619 1023 1649 de
1046 1629 1137 1659 prov.
1160 1630 1249 1651 cons.
1273 1621 1320 1658 17,
1345 1622 1400 1652 ubi
1423 1632 1496 1652 suas
1525 1632 1601 1653 cum
1632 1622 1770 1654 Caesare
1799 1632 1845 1653 ra-

983 1672 1089 1704 tiones
1112 1675 1257 1714 exponit,
1281 1675 1358 1706 dicit
1382 1676 1502 1707 frustra
1517 1676 1691 1708 Caesarem
1706 1682 1737 1708 et
1751 1681 1846 1708 antea

985 1727 1151 1758 beneficiis
1175 1738 1208 1759 se
1231 1730 1432 1770 coniungere
1455 1731 1608 1768 voluisse,
1633 1737 1664 1762 et
1683 1730 1845 1772 11051010-

985 1778 1030 1809 dii
1054 1780 1295 1812 traductionem
1317 1783 1357 1812 ad
1386 1783 1526 1823 plebem,
1556 1793 1687 1823 rogasse
1716 1784 1778 1814 sibi
1808 1790 1846 1815 ut

985 1840 1069 1864 esset
1105 1834 1243 1874 legatus.
1290 1834 1511 1876 Cogitandum
1546 1837 1585 1868 de
1615 1837 1781 1877 legatione
1809 1837 1843 1868 in

984 1884 1136 1923 Galliam,
1174 1898 1239 1927 quo
1276 1888 1395 1919 Caesar
1431 1896 1504 1930 post
1533 1891 1741 1920 consulatum
1770 1901 1845 1921 cum

984 1937 1123 1978 imperio
1146 1945 1214 1970 erat
1236 1940 1451 1980 profecturus.
1498 1941 1597 1980 Quod
1621 1941 1736 1973 Cicero
1758 1943 1844 1973 hanc

985 1992 1185 2032 legationem
1201 1996 1395 2035 repudiavit,
1411 2006 1507 2036 aegre
1524 1997 1599 2027 tulit
1616 1997 1746 2028 Caesar.
1765 1998 1844 2028 Vid.

984 2046 1054 2076 Att.
1079 2045 1141 2077 IX.
1166 2047 1185 2077 2
1206 2047 1249 2083 A,
1275 2048 1302 2078 1.
1326 2048 1418 2079 Fam.
1441 2048 1539 2079 XIV.
1573 2051 1600 2086 3,
1634 2051 1660 2080 l.
1684 2069 1725 2073 -
1748 2051 1843 2081 Tem-

983 2108 1061 2138 pora
1077 2109 1144 2129 non
1162 2100 1244 2131 bene
1258 2101 1433 2141 distinguit
1447 2102 1644 2133 Plutarchus
1660 2103 1693 2133 in
1711 2102 1779 2134 Cic.
1793 2104 1842 2133 30.

1024 2151 1138 2182 Libera
1160 2153 1278 2194 Zeyasz'o
1301 2155 1365 2184 voli
1387 2165 1493 2192 causa,
1517 2156 1569 2186 vel
1586 2156 1779 2196 simpliciter
1800 2157 1841 2187 le-

978 2204 1070 2245 qalz'o
1092 2206 1205 2236 votiva.
1229 2206 1466 2239 Commentarii
1489 2209 1594 2239 vicem
1613 2215 1779 2249 praestant
1795 2219 1841 2247 ea,

983 2267 1066 2296 quae
1089 2258 1247 2298 leguntur
1269 2259 1355 2290 infra
1377 2260 1457 2290 XV.
1482 2261 1529 2297 11,
1553 2263 1582 2292 4.

1024 2311 1119 2351 Apud
1133 2312 1285 2351 pudorem
1308 2313 1478 2344 Pulchelli.
1514 2314 1581 2353 Qui
1609 2316 1688 2346 haec
1716 2316 1840 2347 ironice

982 2365 1046 2395 dici
1076 2375 1142 2396 non
1172 2366 1414 2407 intelligebant,
1450 2369 1690 2399 substituerunt
1723 2370 1840 2410 pudori

77 2410 148 2447 471,
171 2411 227 2451 qui
249 2411 343 2451 plura
365 2411 467 2443 affert.
492 2412 559 2452 Quo
582 2423 649 2442 non
668 2412 801 2453 ponitur
818 2424 875 2454 pro
890 2416 933 2450 ut,
973 2417 1128 2457 sim-orem.
1164 2418 1229 2450 Sed
1252 2419 1367 2451 Cicero
1390 2431 1428 2452 eo
1451 2423 1611 2453 vocabulo
1633 2433 1712 2453 usus
1742 2423 1838 2464 scrip-

79 2463 135 2495 sed
157 2462 294 2494 refertur
316 2465 356 2494 ad
379 2464 543 2504 integram
566 2466 834 2497 enunciationem
851 2477 933 2497 mesa-

77 2519 190 2550 tz'onem
209 2520 342 2560 fizeere;
372 2521 412 2551 de
441 2531 505 2561 quo
534 2531 594 2551 usu
630 2522 715 2552 dixit
751 2523 857 2554 Kritz.
892 2524 934 2553 ad

79 2572 146 2603 Sal.
169 2573 242 2613 lug.
266 2573 334 2611 102,
359 2574 398 2603 10
421 2582 451 2605 et
474 2575 523 2611 41,
548 2575 574 2605 l.

121 2625 313 2656 Laterensis.
347 2626 412 2657 Hic
441 2627 487 2657 M.
519 2627 690 2659 Iuventius
720 2629 762 2659 ob
785 2629 933 2660 animum

77 2679 111 2709 in
134 2689 203 2710 rem
225 2691 255 2720 p.
279 2681 481 2720 singularem
508 2682 660 2713 laudatur
689 2693 707 2713 a
738 2683 863 2715 Planco
893 2685 933 2715 ad

76 2732 168 2763 Fam.
194 2733 238 2764 X.
262 2734 310 2771 23,
333 2736 363 2764 4.
387 2734 471 2765 Cum
494 2741 605 2767 nostro
622 2737 694 2767 loco
713 2748 817 2778 comp.
832 2739 932 2769 verba

77 2787 276 2820 Plancianae
299 2790 348 2820 52.

116 2842 275 2883 Displiceo
297 2862 338 2865 —
359 2842 475 2874 dolore.
514 2845 635 2875 Merito
664 2846 930 2887 YVesenbergiuS,

76 2896 216 2927 Emend.
249 2907 279 2936 p.
316 2896 354 2927 26
391 2897 600 2937 reprehendit
635 2897 807 2936 Orellium,
843 2902 931 2940 quod

76 2948 221 2979 Dousam
243 2949 379 2980 audiens
402 2949 481 2980 haec
501 2950 610 2987 verba,
639 2957 795 2991 tanquam
809 2953 931 2984 Lucilii

75 3011 208 3033 versum
230 3012 248 3032 a
270 3002 396 3043 reliqua
418 3002 565 3034 oratione
587 3004 785 3036 distinxerit.
818 3006 930 3038 Hexa-

76 3060 180 3085 meter
202 3054 355 3086 Ciceroni
377 3055 537 3086 excidisse
559 3056 697 3088 videtur.

117 3109 135 3148 §
159 3109 189 3140 3.
218 3110 245 3139 A
270 3109 404 3140 Caesare
427 3110 520 3141 valde
542 3110 719 3142 liberalz'ler
739 3112 856 3145 invitor
880 3116 930 3156 [in

75 3160 261 3201 leyalionem
287 3162 402 3202 illam],
426 3163 483 3193 sibe·
506 3166 539 3194 vt
562 3163 616 3194 siue
645 3164 778 3205 leyatvs.
821 3168 928 3201 Verba

983 2470 1085 2508 sisset,
1109 2471 1143 2502 ni
1166 2472 1277 2503 fallor:
1309 2476 1418 2503 contra·
1449 2485 1478 2505 v.
1508 2475 1660 2505 adversus
1683 2475 1839 2516 furorem.

983 2524 1076 2554 Libri
1099 2525 1209 2565 scripti
1232 2526 1266 2556 in
1289 2526 1428 2558 lectione
1458 2534 1587 2569 recepta
1616 2530 1839 2560 consentiunt.

1025 2578 1053 2607 A
1066 2578 1189 2618 fratris
1211 2579 1347 2611 adventu
1370 2592 1416 2612 nce
1439 2582 1564 2623 ableycct
1595 2592 1628 2613 o:
1660 2583 1774 2620 efficit,
1805 2590 1840 2613 ut

983 2630 1097 2668 absim,
1121 2642 1224 2672 quum
1246 2632 1345 2664 frater
1367 2643 1384 2665 6
1406 2635 1575 2674 provincia
1598 2636 1726 2672 redibit,
1749 2645 1837 2667 eum-

981 2694 1045 2724 que
1068 2684 1095 2714 si
1119 2694 1199 2725 opus
1223 2685 1322 2717 fuerit
1344 2687 1520 2719 defendere
1543 2697 1715 2728 nequeam.

1022 2737 1126 2778 Neque
1145 2739 1248 2768 {conen
1262 2741 1279 2776 †
1292 2739 1351 2769 seit
1366 2739 1534 2781 quisquam.
1557 2740 1719 2772 Orellium
1733 2741 1835 2781 probo

979 2789 1058 2820 haec
1081 2796 1232 2831 corrupta
1253 2791 1485 2824 declarantem.
1519 2794 1716 2833 Legendum
1745 2794 1833 2825 vide—

979 2848 1040 2879 tur,
1064 2853 1139 2874 eum
1162 2853 1216 2874 eo:
1242 2854 1338 2885 neque
1360 2847 1462 2876 tamen
1494 2846 1569 2883 seio,
1599 2846 1676 2887 quid
1702 2857 1831 2887 sequar,-

979 2899 1031 2929 vel
1055 2908 1151 2939 neque
1173 2901 1276 2929 lamen
1298 2900 1372 2937 scio,
1402 2901 1479 2941 qmssd
1500 2912 1599 2942 (lyam,
1615 2902 1703 2941 quod
1718 2900 1833 2932 Schut-

979 2952 1030 2982 zio
1052 2952 1214 2991 placebat,
1239 2953 1409 2992 velaeque
1438 2955 1461 2983 t.
1490 2953 1569 2984 certi
1596 2953 1769 2994 quidquam,
1799 2959 1834 2985 ut

980 3015 1028 3046 ep.
1053 3014 1118 3045 seq.
1143 3005 1161 3044 ξ
1185 3006 1212 3036 5.
1236 3005 1330 3035 Nihil
1351 3007 1455 3036 tamen
1478 3006 1566 3037 certi.

1022 3057 1141 3099 Magna
1163 3060 1236 3088 sunt
1258 3057 1413 3089 hominum
1434 3059 1543 3090 studia
1566 3069 1598 3089 o:
1637 3074 1649 3084 a
1659 3059 1756 3091 multi
1784 3070 1832 3092 os-

979 3112 1117 3143 tendunt
1147 3121 1179 3142 se
1209 3111 1291 3142 mihi
1319 3111 1485 3143 adfuturos
1515 3118 1545 3143 et
1578 3113 1723 3153 pericula
1757 3123 1829 3145 mea

978 3171 1181 3205 excepturos.
1204 3164 1311 3195 Locus
1335 3165 1386 3194 hie
1410 3165 1552 3205 explieat
1573 3166 1712 3197 alterurn
1732 3166 1830 3197 VIII.
