2117 3533
210 1021 241 1045 lo

210 1381 241 1405 15

263 178 347 215 :500
660 176 743 216 ΕΡ.
778 175 853 215 AD
885 175 931 214 T.
966 171 1313 214 POMPONIUM
1347 171 1608 212 ATTICUM.

262 316 301 350 et
332 310 450 359 idem,

629 401 828 441 Mercator
862 400 930 439 Ιιοσ
963 399 1130 439 addebat
1165 421 1220 427 ——
1256 402 1408 451 captam
1442 413 1461 438 e
1496 397 1628 438 Sunio.

263 494 417 545 Quodsi
450 487 639 547 δήμους
673 490 819 546 oppida
852 489 1036 530 volumus
1081 505 1178 542 esse,
1220 495 1302 531 tam
1345 495 1406 531 est
1449 489 1642 545 oppidum
1684 489 1853 531 Sunium
1898 503 2014 542 quam

267 568 468 608 Piraeeus.
527 566 597 605 11.
632 563 722 614 Sed,
758 562 946 616 quoniam
979 562 1264 616 grammaticus
1297 577 1352 613 es,
1388 563 1421 603 si
1455 562 1530 603 hoc
1563 561 1664 602 mihi
1698 559 1889 617 ζήτημα
1931 575 2015 615 per-

264 638 439 688 solveris,
473 652 618 691 magna
650 650 711 676 me
756 634 938 675 molestia
977 633 1173 675 liberariS.
1229 635 1303 675 Ele
1347 635 1447 675 mihi
1490 635 1626 675 literas
1667 632 1834 674 blandas
1877 632 2016 672 mittit.

264 711 378 752 Facit
419 709 526 750 idem
569 724 640 763 pro
682 722 727 747 eo
771 705 936 747 Balbus.
987 705 1092 746 Mihi
1134 711 1285 747 certum
1328 710 1388 747 est
1421 705 1470 747 ab
1504 705 1787 747 honestissima
1821 703 2018 744 sententia

264 785 436 839 digitum
469 797 682 837 nusquam.
718 780 795 822 Sed
829 780 907 820 5015
939 779 1000 820 1Π1
1033 779 1234 834 reliquum
1269 786 1463 834 quantum
1497 781 1563 821 sit.
1597 780 1774 820 Putasne
1806 776 1931 830 igitur
1956 790 2018 815 ve-

263 856 431 897 rendum
465 871 563 907 esse,
597 871 647 896 ne
681 859 752 896 aut
784 853 950 895 obiiciat
982 853 1024 893 id
1057 852 1173 893 nobis
1207 853 1366 908 aliquis,
1402 853 1435 894 si
1467 852 1714 907 languidius,
1749 855 1820 892 aut
1851 852 2018 903 repetat,

264 930 297 969 si
331 929 499 970 fortius?
542 928 651 980 Quid
685 927 733 968 ad
768 927 865 967 haec
898 926 1076 980 reperis?
1123 925 1345 976 Solvamus,
1379 926 1530 980 inquis.
1576 927 1676 979 Age,
1712 939 1734 964 a
1767 922 1901 964 Caelio
1935 936 2019 961 mu-

263 1002 479 1043 tuabimiu·.
536 1002 625 1042 Hoc
668 1006 715 1041 tu
762 1004 896 1040 tamen
943 997 1169 1039 consideres
1212 997 1346 1038 velim.
1396 998 1501 1038 Puto
1546 997 1667 1046 enim,
1716 996 1760 1036 in
1802 998 1942 1035 senatu
1987 993 2020 1034 si

264 1074 422 1129 quando
465 1074 663 1129 praeclare
708 1087 778 1128 pro
818 1087 859 1112 re
903 1070 1066 1126 publica
1108 1070 1259 1121 dixero,
1305 1071 1550 1112 Tartessium
1594 1070 1718 1110 istum
1762 1072 1878 1108 tuum
1922 1065 2021 1107 mihi

264 1148 440 1198 exeunti,
482 1175 501 1199 ss
513 1145 614 1187 Iube
650 1144 765 1186 sodes
799 1158 942 1184 numos
977 1142 1161 1184 curare.”
1200 1144 1270 1183 12.
1305 1142 1415 1193 Quid
1450 1142 1657 1197 superest?
1691 1140 1840 1182 Etiam.
1890 1138 2022 1178 Gener

264 1225 324 1260 est
357 1220 488 1261 suavis
523 1218 637 1269 mihi,
671 1217 839 1267 Tulliae,
874 1215 1108 1266 Terentiae,
1144 1215 1401 1270 quantumvis
1435 1215 1497 1256 vel
1540 1214 1693 1268 ingenii
1733 1212 1796 1253 vel
1840 1210 2022 1252 humani-

264 1292 372 1332 tatis.
406 1292 510 1333 Satis
543 1296 616 1332 est.
653 1289 836 1342 Reliqua,
871 1303 971 1342 quae
1004 1287 1125 1339 nosti,
1160 1287 1336 1328 ferenda.
1388 1287 1473 1328 Scis
1517 1287 1638 1337 enim,
1684 1300 1784 1340 quos
1817 1285 1842 1327 †
1875 1284 2023 1339 aperie-

264 1365 402 1415 1·imus,
450 1364 518 1418 qui
553 1378 689 1405 omnes
723 1366 879 1417 praeter
913 1375 1018 1411 eum,
1053 1360 1101 1400 de
1136 1375 1214 1414 quo
1254 1374 1323 1414 per
1368 1364 1406 1400 te
1447 1359 1616 1414 egimus,
1661 1374 1773 1399 reum
1819 1373 1878 1398 me
1922 1358 2023 1398 face-

264 1442 365 1479 rent.
400 1437 504 1492 Ipsis
538 1436 645 1477 enim
680 1448 900 1488 expensum
933 1447 1050 1473 nemo
1084 1432 1216 1473 ferret.
1253 1431 1329 1472 Sed
1364 1431 1461 1472 haec
1495 1446 1642 1472 coram.
1678 1431 1783 1471 Nam
1808 1429 1925 1471 multi
1945 1445 2022 1470 ser-

307 1613 345 1642 12
367 1610 474 1641 curari
496 1628 536 1632 —
560 1610 599 1640 14
622 1608 838 1639 hamanitatis.
864 1607 983 1649 [Satis]
1008 1627 1047 1630 —
1071 1608 1111 1638 14
1133 1617 1193 1637 rem
1218 1617 1263 1637 me
1276 1607 1392 1647 sincere
1415 1609 1525 1636 rentur
1548 1625 1588 1628 —

265 1769 369 1799 δἰικιίο.
392 1767 553 1798 Similiter
576 1766 713 1797 Plautus
738 1766 857 1796 Bacch.
875 1766 921 1803 11,
938 1767 965 1797 3.
988 1766 1002 1795 1
1021 1764 1076 1795 Ibo
1091 1765 1123 1794 in
1143 1770 1145 1809 s]
1174 1772 1265 1796 tuum
1288 1774 1470 1796 numerare.
1500 1764 1550 1796 Cf.
1573 1764 1682 1795 Haase
1705 1764 1745 1794 ad
1766 1764 1904 1803 Reisigii
1927 1763 2025 1794 Scho-

266 1822 423 1852 Piraeum.
446 1821 544 1852 Most.
568 1820 594 1850 I.
619 1820 646 1856 1,
671 1820 709 1850 63
732 1820 779 1849 ire
809 1819 841 1849 ia
871 1818 1015 1848 Piraeum
1045 1818 1122 1848 volo.
1143 1811 1145 1856 l

265 1877 380 1916 Neque
412 1874 525 1905 Cicero
555 1878 666 1913 postea
694 1873 783 1902 hunc
812 1881 938 1902 morem
971 1862 1146 1902 desemel

269 1932 343 1962 Vid.
367 1931 458 1961 Brut.
483 1930 519 1959 51
545 1939 560 1959 e
584 1928 718 1959 Piraeeo
741 1927 918 1968 eloquentia
941 1929 1046 1957 evecta
1068 1929 1123 1956 est.

308 1982 326 2020 ξ
350 1980 397 2010 11.
420 1978 490 2009 Hoc
512 1997 553 2000 —
576 1977 730 2022 ζήτημα.
752 1978 828 2008 Non
853 1978 892 2008 de
908 1977 1055 2013 Piraeeo,
1069 1977 1125 2007 sed

265 2037 305 2066 de
329 2046 376 2072 eo,
401 2035 488 2075 quod
511 2034 649 2065 debebat.
670 2032 721 2063 illi
743 2043 776 2063 o:
802 2032 944 2064 Caesari.
979 2032 1030 2062 Ita
1054 2031 1124 2061 Ma-

266 2092 376 2123 nutius
398 2091 430 2121 h.
455 2091 476 2120 l.
499 2090 563 2120 iam
589 2089 722 2129 accepit.
768 2088 832 2119 Per
855 2088 963 2119 iocum
997 2087 1124 2128 scripsit

261 2144 459 2184 persolveris,
491 2153 592 2183 quum
614 2142 762 2183 quaestio
785 2142 887 2173 soleat
909 2141 988 2172 solvi
1011 2145 1042 2171 et
1064 2140 1125 2171 dis-

266 2200 356 2230 solri.
381 2199 446 2230 Sed
468 2198 633 2238 cogitabat
656 2198 695 2228 de
719 2197 857 2238 pecunia
876 2197 1102 2237 persolvenda.

308 2252 374 2282 Seis
397 2251 447 2281 illi
474 2250 621 2290 reliquum
645 2252 791 2290 quantum
816 2249 858 2278 sit
881 2259 914 2278 o:
937 2249 1008 2285 scis,
1025 2258 1125 2289 quan-
1144 2239 1147 2270 i

268 2314 338 2336 tum
362 2304 517 2345 pecuniae
541 2303 638 2334 etiam
663 2302 794 2333 Caesari
819 2302 964 2333 debeam.
1003 2301 1052 2333 Cf.
1076 2311 1124 2342 ep.
1145 2295 1147 2355 Ξ

268 2362 294 2396 9,
320 2361 336 2389 5
361 2360 391 2389 h.
417 2359 437 2389 l.
461 2363 493 2388 et
517 2358 560 2387 V.
584 2358 631 2393 10,
659 2359 686 2386 4.

310 2414 371 2442 Aac
395 2413 525 2451 repetat.
558 2411 714 2440 Ernestus
738 2410 884 2440 additum
907 2410 1039 2440 volebat
1061 2410 1125 2439 ille.
1146 2401 1148 2443 ἶ

1172 1821 1229 1857 las,
1253 1821 1326 1850 adn.
1351 1820 1420 1850 602.

1215 1873 1233 1911 ξ
1258 1873 1305 1902 12.
1328 1871 1412 1902 Sam
1435 1873 1491 1902 est.
1516 1870 1639 1911 Scripsi
1661 1881 1735 1901 011111
1752 1870 1961 1901 Mommseno
1976 1879 2026 1909 ap.

1172 1926 1285 1957 Hofm.
1319 1926 1464 1958 Orellius
1498 1925 1588 1962 satis,
1625 1926 1710 1966 quod
1749 1935 1766 1956 e
1803 1924 2026 1965 geminatione

1172 1981 1438 2021 praecedentium
1469 1979 1639 2010 literarum
1669 1983 1776 2010 ort-um
1805 1979 1949 2019 putabat,
1982 1987 2026 2009 50-

1171 2033 1278 2063 clusit.

1214 2086 1344 2127 Reliqua
1375 2104 1415 2108 —
1439 2085 1591 2125 ferenda.
1628 2085 1676 2115 Cf.
1712 2084 1771 2115 VI.
1802 2085 1830 2121 6,
1856 2084 1882 2114 1.
1916 2082 2027 2114 Cetera

1172 2137 1237 2168 noli
1258 2129 1515 2176 ἐξακανθίζειν.

1214 2194 1280 2224 Seis
1300 2194 1389 2230 enim,
1413 2204 1486 2235 quos
1509 2196 1525 2231 †
1547 2193 1757 2234 aper-ierimus,
1781 2197 1840 2224 cet.
1864 2194 1904 2223 111
1928 2192 2028 2223 verbo

1172 2248 1375 2288 apewierimus
1401 2249 1529 2285 haereo,
1560 2258 1661 2289 quum
1690 2250 1732 2279 ob
1754 2248 1936 2278 inauditam
1959 2257 2026 2288 per-

1174 2300 1249 2332 fecti
1273 2301 1422 2338 formam,
1446 2306 1523 2337 tum,
1548 2302 1635 2341 quod
1659 2301 1790 2341 gravius
1822 2305 1878 2337 est,
1909 2300 1952 2330 ob
1982 2300 2028 2330 in-

1146 2359 1148 2383 ῑ
1174 2359 1294 2384 certam
1319 2353 1481 2394 aperiendi
1504 2358 1709 2395 potestatem.
1735 2353 1800 2383 Pro
1823 2362 1861 2384 eo
1881 2353 2031 2384 Ciceroni

1175 2408 1387 2438 Hofmannus
1410 2408 1450 2438 de
1473 2407 1673 2438 Mommseni
1696 2407 1781 2437 coni.
1812 2406 1952 2437 restituit
1981 2415 2033 2445 ap-

269 2468 373 2497 Immo
406 2475 422 2496 e
453 2464 612 2504 superiori
650 2464 798 2493 membro
831 2464 1044 2502 repetendum
1080 2468 1127 2493 est
1147 2451 1149 2508 l
1168 2461 1362 2501 petierimus.
1397 2461 1468 2500 Ego
1491 2461 1692 2491 contrarium
1715 2460 1842 2490 dictum
1865 2470 1933 2490 esse
1956 2464 2034 2500 puto

268 2518 382 2559 aliqui-s·
408 2517 630 2552 Caesarianus,
655 2517 779 2546 Balbus
803 2526 842 2546 an
876 2516 970 2552 alius,
1006 2522 1040 2546 ut
1070 2526 1124 2547 ex-

270 2578 371 2602 trema
395 2571 493 2600 verba
517 2569 614 2599 huius
638 2570 655 2608 ᾗ
679 2574 789 2609 aperte
811 2569 986 2599 declarant.

314 2623 337 2652 4
366 2622 482 2658 Caelio,
506 2621 702 2661 argentario.
734 2621 783 2650 ef.
808 2620 889 2651 xil.
915 2623 942 2657 5,
973 2622 1001 2651 2.
1038 2622 1065 2657 c,
1099 2613 1148 2651 1.’

270 2676 371 2706 XIII.
394 2677 421 2712 3,
448 2675 473 2705 l.
499 2692 538 2696 -
564 2673 752 2702 Tartessium
768 2677 861 2703 vocat
882 2673 919 2702 L.
935 2672 1127 2703 Cornelium
1147 2678 1149 2713 ἶι

269 2730 411 2760 Balbum
451 2727 659 2758 Gaditanum.
705 2726 791 2756 Nam
829 2726 1008 2765 Hispaniae
1048 2727 1126 2755 urbs

268 2782 369 2812 Gadir
391 2792 416 2812 5.
438 2780 544 2811 Gades
565 2780 653 2820 prius
670 2779 757 2809 dicta
776 2784 824 2809 est
843 2779 1023 2810 Tartessus.
1049 2779 1127 2809 Vid.
1148 2766 1149 2778 l

270 2835 338 2866 Sal.
362 2835 449 2865 Hist.
473 2834 589 2872 fragm.
615 2833 657 2862 II.
682 2833 731 2868 32,
756 2842 785 2872 p.
811 2832 871 2861 144
896 2832 998 2861 Kritz.

315 2887 386 2916 [ube
408 2904 449 2909 ——
471 2896 577 2915 numos
601 2894 722 2914 curare.
764 2884 859 2921 Quod
891 2884 925 2913 in
955 2883 998 2913 X.
1032 2885 1078 2920 11,
1110 2886 1128 2914 2

272 2945 334 2968 est:
363 2938 475 2968 Curari
505 2948 542 2967 ea
565 2936 621 2967 tihi
650 2936 754 2976 ulique
785 2936 876 2972 iubet,
907 2946 973 2965 non
1004 2928 1150 2975 probats

272 2998 303 3022 ut
327 2991 469 3022 Orellius
492 2991 622 3021 videtur
645 2989 803 3025 statuisse,
841 2990 1012 3019 Muretum
1042 2990 1073 3019 h.
1106 2989 1126 3019 1.
1148 2990 1149 2993 ’

273 3055 345 3075 vere
368 3044 546 3085 reposuisse
570 3041 685 3072 curari.
711 3042 807 3071 Infin.
823 3042 920 3072 activi
939 3046 1010 3081 post
1026 3042 1124 3072 verba

273 3098 403 3128 iubendi
427 3103 458 3128 et
482 3096 611 3127 vetandi
636 3106 699 3126 nou
726 3100 770 3125 est
802 3095 946 3125 vitiosus.
988 3095 1051 3126 Hic
1083 3095 1124 3124 sa-

272 3151 332 3184 0110
364 3150 524 3181 sententia
556 3147 721 3189 expletur.
751 3147 833 3178 Iube
862 3148 1119 3189 dispensatorem

1146 2511 1149 2563 l
1174 2516 1448 2555 scribendumque
1471 2515 1682 2545 abiem-inm.
1718 2515 1758 2544 In
1781 2523 1869 2554 seqq.
1892 2513 2034 2544 difficilis

1147 2595 1148 2607 ἶ
1175 2568 1264 2608 optio
1298 2568 1382 2598 inter
1416 2567 1681 2598 emendationem
1720 2566 1821 2602 Bosii,
1859 2566 1913 2606 qui
1949 2576 2031 2596 ream

1175 2620 1315 2650 mutavit
1354 2619 1386 2650 in
1418 2630 1489 2655 rem,
1526 2623 1556 2650 et
1590 2619 1800 2655 Mommseni,
1837 2618 1892 2658 qui
1918 2618 2033 2658 facere

1175 2676 1284 2704 reulm·
1306 2673 1424 2704 vitiose
1448 2673 1604 2713 seriptum
1627 2678 1717 2713 putat
1739 2682 1797 2712 pro
1812 2672 1972 2711 ficeerenl.
1996 2670 2032 2702 Si

1175 2727 1256 2756 illud
1281 2726 1393 2766 placet,
1425 2727 1525 2756 verba-
1553 2726 1598 2756 sic
1628 2726 1823 2766 explicanda
1847 2729 1939 2755 sunt:
1986 2724 2031 2754 Hi

1175 2789 1299 2815 omnes,
1322 2779 1376 2819 qui
1400 2779 1532 2809 Tulliae
1555 2779 1779 2809 conditionem
1801 2778 1970 2818 petierant,
1995 2786 2030 2807 ea

1177 2841 1231 2871 spe
1254 2832 1384 2862 adducti
1414 2831 1553 2867 fuerant,
1584 2831 1671 2871 quod
1702 2830 1877 2860 credebant
1907 2828 2032 2859 Cicero—

1177 2894 1251 2914 nem
1276 2884 1309 2913 in
1332 2883 1499 2923 provincia
1522 2893 1583 2913 rem
1598 2882 1715 2922 facere
1740 2891 1773 2911 o:
1798 2882 1930 2911 divitias
1947 2890 2032 2911 com-

1176 2945 1297 2976 parare.
1323 2935 1507 2966 Credebant
1543 2935 1662 2965 idcirco
1693 2935 1801 2971 etiam,
1832 2935 1918 2974 quod
1946 2933 2031 2964 vide-

1179 2988 1256 3018 bant
1285 2997 1404 3027 magna
1439 2989 1501 3018 fide
1531 2987 1680 3017 Tullium
1715 2987 1833 3022 valere,
1864 2995 1948 3025 quae
1978 2995 2031 3016 cos

1177 3042 1256 3071 adeo
1279 3041 1461 3077 deficiebat,
1484 3045 1519 3070 ut
1542 3050 1640 3071 nemo
1657 3040 1696 3070 iis
1711 3039 1887 3080 quicquam
1902 3039 2031 3069 credere

1178 3094 1292 3124 vellet:
1319 3093 1401 3131 Ipsis
1424 3093 1502 3123 enim
1526 3103 1688 3133 expensum
1713 3103 1799 3122 >temo
1814 3092 1931 3131 ferret.
1974 3090 2030 3122 Sin

1177 3149 1423 3180 Monnnsenum
1454 3149 1629 3189 sequimur,
1667 3148 1745 3178 haec
1774 3147 1877 3178 oritur
1908 3151 2035 3177 senten-
