2117 3533
730 149 835 190 ΕΓΒ.
871 148 928 189 ΙΙ.
963 147 1047 188 ΕΡ.
1083 149 1124 187 6.
1165 148 1202 187 7.

103 285 258 334 sciram,
293 283 470 334 alteram,
506 298 555 324 ne
588 282 791 323 laudarem
826 296 930 332 eum,
966 296 1083 335 quem
1115 295 1197 321 non
1240 280 1434 321 amabam.

1800 152 1853 188 511

1496 281 1571 322 Sed
1613 282 1655 322 id
1700 297 1856 336 1111011116

102 354 339 396 videbimus.
373 355 555 408 Denique
589 353 741 408 aliquid
775 352 964 403 exstabit,
999 368 1048 393 ne
1081 352 1157 393 tibi
1190 352 1306 407 plane
1340 368 1510 394 cessasse
1544 354 1763 395 videamur.
1815 358 1855 395 2.

102 428 160 468 De
194 427 339 468 Publio
373 441 472 480 quae
506 426 555 467 ad
588 441 650 466 me
685 424 840 475 scribis,
876 440 968 465 sane
1002 425 1101 465 1111111
1134 424 1312 465 iucunda
1345 430 1452 474 sunt,
1487 441 1609 480 eaque
1644 427 1762 467 etiam
1794 442 1857 467 ve-

99 501 168 541 lim
202 499 386 541 omnibus
419 500 597 554 vestigiis
630 498 821 552 indagata
856 498 905 539 ad
940 514 1000 538 me
1036 500 1188 549 afferas,
1215 512 1337 550 quum
1361 498 1515 549 16111655
1536 504 1576 539 61
1591 499 1742 540 interea
1763 501 1855 540 scri-

100 572 183 623 bas,
219 573 252 613 si
285 572 382 626 quid
413 572 612 626 intelliges
647 576 716 612 aut
751 570 1018 625 suspicabere,
1054 576 1093 610 et
1122 570 1293 611 maxime
1328 569 1375 610 de
1420 570 1617 624 legatione
1664 572 1760 625 quid
1805 573 1857 613 sit
1896 585 1908 607 ⁵

98 649 272 685 acturus,
305 643 503 698 Equidem
538 648 629 684 ante
663 659 783 697 quam
816 648 907 683 tuas
940 642 1019 696 legi
1052 642 1201 692 literas,
1230 642 1433 682 hominem
1463 643 1519 683 ire
1545 644 1752 698 cupiebam
1776 662 1855 686 non

98 716 334 765 mehercule,
367 721 414 756 ut
447 715 646 756 differrem
680 731 771 756 cum
805 730 851 755 eo
886 715 1158 755 vadimonium
1194 739 1251 743 ——
1285 730 1378 755 nam
1411 716 1510 755 mira
1544 731 1629 756 sum
1653 717 1855 758 alacritate

97 789 146 830 ad
180 787 422 841 litigandum
458 813 529 837 —,
565 788 633 828 sed
668 787 880 828 videbatur
913 786 1028 836 mihi,
1064 787 1096 827 si
1132 787 1228 840 quid
1263 792 1366 827 esset
1387 787 1429 827 in
1453 803 1498 828 eo
1521 789 1724 843 populare,
1751 791 1855 844 1111011

97 861 277 917 plebeius
310 859 438 900 factus
471 864 586 909 esset,
622 860 663 900 id
699 860 931 900 amissurus.
983 859 1092 910 Quid
1127 859 1231 899 enim
1267 859 1316 900 ad
1360 860 1517 914 plebem
1566 863 1770 904 transisti?
1812 870 1857 904 ut-

97 934 307 988 Tigranem
340 932 418 972 ires
452 931 695 972 salutatum?
742 932 872 972 Narra
905 931 1025 971 mihi:
1062 946 1173 985 reges
1208 933 1388 972 Armenii
1421 934 1607 987 patricios
1641 937 1857 976 resalutare
1879 948 1913 974 111

96 1021 176 1046 11011
208 1005 362 1045 solent?
397 1004 505 1055 Quid
541 1005 722 1058 quaeris?
770 1006 965 1045 Acueram
999 1020 1060 1045 me
1095 1005 1144 1045 ad
1178 1006 1457 1059 exagitandam
1490 1007 1593 1048 hanc
1627 1008 1711 1048 61115
1753 1009 1857 1062 lega-

94 1079 258 1119 tionem.
302 1078 434 1129 Quam
468 1077 501 1117 51
534 1077 600 1117 1116
635 1077 856 1117 6011161111111
890 1082 929 1117 61
962 1077 1009 1127 51,
1044 1082 1090 1117 111
1125 1076 1278 1127 scribis,
1314 1077 1434 1118 bilem
1467 1079 1509 1119 id
1553 1086 1775 1121 commovet
1818 1086 1857 1121 et

93 1151 286 1192 latoribus
320 1154 359 1191 et
392 1149 622 1204 auspicibus
655 1150 754 1204 legis
788 1150 977 1200 curiatae,
1013 1150 1286 1204 spectaculum
1319 1152 1537 1205 egregium.
1591 1155 1631 1193 3.
1664 1153 1854 1203 Hercule,

95 1241 232 1266 verum
265 1230 311 1265 ut
343 1223 566 1277 loquamur,
602 1221 964 1263 subcontumeliose
1009 1226 1204 1263 tractatur
1247 1228 1382 1263 noster
1428 1224 1621 1265 Publius:
1668 1226 1857 1279 primum,

97 1296 166 1349 11111
200 1310 324 1350 quum
357 1296 399 1336 in
435 1295 551 1336 domo
586 1295 765 1336 Caesaris
800 1294 1001 1349 quondam
1036 1309 1141 1335 unus
1174 1294 1233 1335 vir
1268 1295 1402 1346 fuerit,
1437 1310 1545 1336 nunc
1576 1312 1626 1337 ne
1650 1297 1691 1337 in
1715 1297 1859 1351 viginti
1879 1313 1909 1338 15

136 1470 151 1499 l
173 1470 363 1500 abscideram
387 1489 428 1493 —
452 1470 491 1500 10
513 1470 657 1500 salutare
681 1488 720 1492 —
744 1470 781 1500 15
806 1470 887 1500 donzi
913 1470 1067 1500 Caesaris.

138 1640 156 1679 ξ
180 1641 207 1671 l.
249 1639 417 1672 Orationes
444 1644 546 1672 autem
577 1642 656 1682 [me]
686 1641 766 1671 dua-5
793 1639 973 1681 postula-su}

95 1695 150 1725 Sic
172 1706 287 1727 omnes
309 1698 402 1727 codd.
425 1698 504 1728 noti.
529 1697 594 1728 Sed
610 1708 772 1738 nusquam
788 1698 950 1738 postulare

93 1757 169 1777 611111
191 1758 297 1779 accus.
320 1759 477 1789 personae
492 1755 522 1780 et
539 1750 585 1780 rei
600 1751 741 1790 ponitur.
767 1751 881 1790 Itaque
898 1750 950 1780 vel

93 1812 112 1829 ιι
143 1811 188 1831 me
216 1802 448 1842 corrigendum
477 1808 533 1839 651,
564 1803 615 1833 vel
647 1813 691 1832 me
720 1803 951 1839 inducendum,

93 1858 128 1883 ut
151 1862 167 1883 e
190 1854 314 1885 scribae
338 1864 445 1885 errore
468 1860 586 1885 ortum.

134 1908 150 1943 †
171 1907 334 1937 absciram.
366 1907 420 1938 Sic
442 1908 518 1938 libri
542 1908 668 1949 scripti:
693 1908 851 1939 editiones
874 1908 952 1937 dant

92 1950 302 1997 abscideram,
340 1963 428 2002 quod
464 1962 581 1992 falsum
617 1968 707 2002 pute.
754 1963 952 2002 Interpretes

93 2018 226 2044 narrant
248 2014 383 2045 solitum
405 2015 504 2046 fuisse
528 2016 722 2046 Ciceronem
740 2025 867 2045 summa
879 2025 951 2045 eau-

92 2076 201 2096 sarum
224 2067 330 2106 capita
352 2067 471 2107 scripto
496 2068 660 2103 mandare,
685 2073 717 2098 et
740 2072 855 2107 putant
877 2077 952 2098 eum

93 2125 185 2150 notas
218 2121 315 2151 huius
345 2121 502 2152 orationis
531 2122 701 2152 delevisse.
745 2121 781 2152 Si
812 2122 874 2151 hoc
896 2131 950 2152 vo-

91 2174 205 2204 luisset
227 2173 350 2211 Cicero,
372 2175 502 2215 planius
530 2175 714 2206 indicasset.
762 2175 805 2205 Et
833 2175 951 2205 merito

91 2228 275 2268 Malaspina
298 2229 461 2259 dubitavit
484 2230 523 2259 dc
552 2230 613 2259 hoc
644 2239 704 2259 usu
734 2228 949 2258 abscindendi.

91 2280 247 2321 Suspicor
269 2281 349 2311 olim
372 2282 527 2321 scriptum
550 2281 651 2312 fuisse
674 2281 746 2322 qm'a
767 2281 950 2318 abieeeram,

90 2333 176 2372 quod
208 2332 297 2363 Orat.
326 2334 389 2363 ΙΙΙ.
422 2334 481 2364 102
510 2335 549 2364 ‹le
580 2334 763 2374 negligenti
792 2335 950 2364 declama-

89 2384 188 2420 tione,
211 2394 271 2414 nec
294 2385 404 2415 minus
427 2390 513 2416 recte
535 2386 575 2416 de
598 2386 696 2416 celeri
720 2390 751 2416 et
780 2396 845 2416 non
879 2385 950 2416 dili-

90 2439 181 2478 genti
205 2439 440 2479 compositione
463 2440 605 2480 ponitur.
639 2439 688 2470 Cf.
712 2440 843 2470 Ernesti
865 2440 949 2471 Lex.

89 2491 246 2521 Technol.
271 2492 366 2522 Rhet.
389 2492 500 2522 Latin.
524 2503 554 2532 p.
578 2493 639 2522 294
661 2502 708 2532 sq.
733 2498 764 2523 et
794 2492 948 2523 G'ollerus

88 2542 122 2572 in
146 2543 222 2573 edit.
246 2542 392 2574 Oratoris
412 2544 560 2574 Tulliani
575 2555 605 2584 p.
621 2545 691 2581 419,
706 2545 761 2585 qui
776 2544 854 2575 citat
866 2544 946 2575 haec

88 2594 243 2631 Senecae,
267 2596 359 2636 epist.
382 2595 430 2633 75,
456 2597 471 2626 1
496 2598 659 2626 contentus
681 2606 792 2626 sensus
811 2606 891 2626 meos
905 2596 950 2626 ad

88 2649 118 2676 te
135 2647 315 2686 pertulisse,
338 2658 411 2688 quos
435 2658 491 2677 nee
512 2658 721 2685 exornassem,
745 2658 801 2677 nee
820 2648 947 2678 abiecis-

87 2710 159 2731 sem.
181 2700 376 2732 Firnhaberi
399 2702 484 2732 coni.
531 2701 611 2741 Quia
635 2712 688 2732 ars
711 2702 821 2732 aberat
843 2713 873 2733 v.
896 2702 946 2732 ab·

78 2752 196 2792 fuerat
219 2753 278 2784 vix
301 2755 470 2785 mentione
493 2754 592 2794 digna
615 2760 672 2785 est.

69 2839 80 2851 ³
131 2804 224 2844 Quem
239 2815 299 2836 non
314 2805 462 2836 amabam.
478 2806 673 2847 Pompeium
687 2807 832 2843 indicari,
847 2817 945 2848 quem

86 2863 157 2898 post
187 2857 295 2889 Clodii
331 2859 569 2890 traductionem
605 2860 646 2889 ad
674 2860 805 2900 plebem
834 2861 944 2891 minus

87 2921 185 2951 quam
207 2917 302 2943 antea
326 2912 464 2948 amabat,
489 2913 639 2952 quamvis
661 2913 757 2944 certis
772 2923 944 2953 argumen-

86 2964 126 2994 tis
149 2965 364 2996 demonstrari
388 2976 454 2996 non
477 2966 587 3006 possit,
618 2967 804 2998 verosimile
833 2968 943 2999 statui-

84 3024 146 3049 tur.
170 3019 308 3051 Temere
331 3020 526 3051 Tunstallus
549 3031 599 3061 op.
624 3021 644 3052 l.
674 3032 704 3061 p.
736 3021 775 3053 37
802 3022 943 3053 Horten-

84 3073 169 3104 sium
191 3074 282 3114 tangi
306 3075 498 3115 suspicatur.

127 3126 196 3165 52.
234 3126 394 3157 Hominem
432 3126 478 3156 c're
510 3126 675 3166 cupiebam.
713 3128 879 3165 Kahntius
907 3129 940 3160 in

995 1638 1108 1678 Symb.
1139 1639 1218 1670 Urit.
1241 1650 1271 1679 p.
1293 1641 1313 1669 4
1337 1640 1467 1670 inverso
1495 1641 1609 1672 ordine
1636 1642 1682 1672 ire
1703 1642 1851 1672 hominem

998 1701 1016 1720 a
1040 1691 1199 1722 Cicerone
1230 1691 1388 1731 scriptum
1419 1692 1518 1723 fuisse
1546 1693 1707 1733 opinatur,
1736 1696 1853 1726 ductus

998 1745 1181 1784 corruptela
1210 1746 1302 1775 codd.
1332 1746 1365 1774 in
1396 1746 1546 1776 hominem
1576 1747 1622 1777 ire
1645 1748 1799 1787 cupiebam
1822 1755 1854 1780 et

1000 1798 1077 1837 quia
1100 1799 1132 1829 in
1156 1799 1256 1829 verbo
1278 1799 1330 1829 vis
1353 1799 1448 1830 inest.
1476 1801 1577 1831 Recte
1600 1801 1718 1832 vidisse
1747 1803 1853 1833 eredo.

1046 1853 1083 1882 Ut
1110 1852 1270 1894 differrem
1300 1863 1364 1883 eum
1395 1864 1430 1883 eo
1456 1854 1663 1885 vadimom'mtz
1708 1856 1857 1886 Vadatur

1000 1908 1068 1939 sive
1091 1909 1320 1939 vadimonium
1343 1910 1406 1946 dat,
1430 1910 1485 1950 qui
1516 1911 1677 1950 promittit
1705 1921 1739 1941 56
1767 1917 1856 1942 certo

999 1964 1051 1994 die
1074 1964 1107 1994 in
1131 1964 1200 1995 iure
1223 1964 1412 1995 affuturum.
1436 1965 1525 1995 Hinc
1548 1966 1754 2003 intelligitur,
1778 1966 1857 2006 quid

1001 2018 1041 2048 sit
1065 2017 1270 2048 vadimonium
1292 2018 1413 2055 sistere,
1437 2018 1577 2060 (lq'fferre,
1607 2019 1762 2049 deserere.
1807 2020 1856 2051 De

1000 2071 1189 2100 vadimonio
1207 2071 1421 2101 consulantur
1435 2071 1507 2101 Gaii
1522 2072 1603 2101 Inst.
1617 2072 1679 2102 IV.
1693 2072 1856 2104 184—187

1000 2129 1031 2154 et
1054 2123 1168 2155 Cicero
1192 2125 1225 2154 in
1249 2130 1329 2155 orat.
1352 2135 1382 2165 p.
1407 2125 1547 2162 Quintio
1567 2126 1698 2165 passim.
1720 2126 1856 2156 Forniu-

999 2176 1065 2206 lani
1087 2176 1119 2205 h.
1142 2177 1162 2206 l.
1186 2177 1406 2217 metaphorice
1429 2178 1505 2217 poni
1530 2178 1735 2215 intelligitur.

1040 2229 1241 2260 Resalutare.
1271 2230 1326 2261 Sic
1348 2231 1419 2260 cod.
1442 2231 1475 2261 in
1499 2241 1601 2271 marg.
1631 2231 1717 2262 Crat.
1746 2232 1856 2262 Recte.

1000 2282 1050 2313 (Ὺ.
1074 2283 1161 2313 Phil.
1183 2285 1228 2314 II.
1252 2285 1321 2315 106.

1040 2335 1081 2364 Et
1103 2336 1256 2367 latoribus
1279 2339 1309 2367 et
1331 2338 1505 2378 aruspicibus
1539 2339 1617 2378 leyis
1646 2339 1790 2370 curiatae
1820 2351 1852 2371 o:

999 2394 1030 2419 et
1052 2389 1100 2426 iis,
1124 2390 1179 2430 qui
1208 2391 1248 2421 de
1278 2390 1395 2421 Clodio
1423 2393 1606 2429 arrogando
1635 2393 1743 2431 legem
1775 2394 1854 2425 tule-

997 2447 1083 2478 runt,
1107 2443 1141 2472 in
1171 2443 1290 2482 quibus
1319 2444 1469 2484 princeps
1500 2444 1629 2482 Caesar,
1658 2450 1689 2475 et
1719 2446 1767 2482 iis,
1798 2446 1853 2486 qui

996 2494 1029 2524 in
1059 2495 1201 2535 auspicio
1230 2495 1402 2532 affuerunt,
1439 2497 1525 2527 inter
1553 2507 1634 2537 (11105
1663 2498 1854 2528 nominatur

996 2548 1182 2588 Pompeius,
1205 2548 1263 2579 inf.
1287 2549 1336 2586 12,
1361 2550 1377 2579 1
1403 2555 1435 2580 et
1458 2550 1556 2580 vm.
1579 2552 1607 2587 3,
1631 2552 1659 2581 3.

1039 2602 1056 2640 ξ
1079 2602 1107 2631 3.
1132 2601 1170 2630 In
1193 2600 1280 2631 domo
1305 2601 1459 2632 Caesaris.
1484 2602 1606 2643 Scripsi
1629 2613 1646 2634 e
1669 2604 1767 2640 Μ611.,
1792 2605 1850 2634 etsi

995 2664 1061 2684 non
1084 2654 1193 2684 minus
1215 2660 1339 2685 rectum
1362 2659 1419 2691 est,
1442 2656 1530 2695 quod
1553 2665 1569 2686 e
1592 2657 1743 2696 margine
1763 2656 1849 2687 Crat.

994 2707 1095 2746 vulgo
1118 2707 1226 2738 editur
1247 2707 1329 2737 domi
1353 2708 1508 2738 Caesaris.
1532 2708 1581 2739 Cf.
1604 2710 1629 2739 I.
1656 2710 1702 2745 12,
1728 2712 1756 2739 3.
1787 2710 1849 2750 Op-

993 2760 1120 2800 positio,
1144 2770 1209 2800 qua
1230 2761 1313 2791 illud
1336 2762 1559 2792 commendari
1580 2763 1733 2793 Klotzius
1748 2769 1848 2802 putat,

993 2814 1084 2843 nulla
1109 2818 1164 2845 651.
1190 2813 1410 2854 Opponuntur
1431 2815 1582 2855 quondam
1607 2822 1638 2846 et
1661 2826 1751 2853 vanc,
1768 2827 1848 2846 unus

992 2867 1040 2896 υἱ)-
1069 2872 1099 2897 et
1126 2866 1159 2896 in,
1189 2867 1308 2906 viqinli.
1347 2868 1383 2899 Si
1414 2868 1529 2899 Cicero
1563 2870 1661 2899 etiam
1683 2870 1791 2900 verbis
1813 2869 1845 2900 2¹22

991 2920 1078 2950 domo
1097 2920 1241 2951 Caesaris
1254 2921 1378 2961 aliquid
1392 2932 1556 2962 opponere
1572 2923 1737 2959 voluisset,
1750 2923 1846 2964 scrip-

991 2972 1099 3003 sisset:
1123 2973 1156 3002 in
1179 2983 1213 3003 re
1228 2973 1356 3012 publica
1380 2984 1461 3004 nunc
1482 2980 1540 3005 cet.

1033 3024 1071 3054 In
1095 3025 1218 3065 vifflssnlz'.
1241 3025 1290 3057 De
1312 3026 1364 3057 his
1386 3027 1496 3057 notavi
1519 3027 1559 3056 ad
1582 3036 1630 3067 ep.
1653 3037 1757 3066 praec.
1782 3028 1843 3066 §2

991 3077 1111 3108 Merito
1133 3082 1244 3108 autem
1266 3077 1461 3109 Wielandus
1484 3079 1516 3109 in
1539 3080 1613 3110 adn.
1643 3080 1662 3109 2
1692 3081 1731 3110 ad
1759 3080 1845 3112 hanc

990 3130 1160 3171 epistolam
1197 3130 1335 3162 miratur
1370 3130 1538 3163 Ciceronis
1580 3132 1842 3174 imprudentiam,
