2117 3533
703 161 803 201 Lsss.
841 161 936 200 VH.
971 157 1054 198 ΕΡ.
1092 160 1132 196 3.
1172 160 1209 196 4.
1748 153 1831 191 301

79 297 204 338 monis
239 303 346 336 sunt.
381 296 539 336 Tironis
578 295 782 335 reficiendi
816 310 904 350 spes
939 298 999 334 est
1032 293 1074 333 in
1110 291 1184 331 M'.
1219 290 1354 339 Curio,
1391 289 1456 329 cui
1489 303 1562 342 ego
1597 286 1737 341 scripsi
1760 284 1834 325 tibi

80 385 170 410 eum
204 369 475 423 gratissimum
509 368 723 407 facturum.
766 368 853 407 Dat.
888 382 926 408 v.
961 366 1023 406 Id.
1057 363 1268 405 Decembr.
1304 378 1325 403 a
1360 362 1504 403 Pontio
1529 377 1574 402 ex
1596 359 1835 401 Trebulano.

83 532 143 562 tia:
179 541 303 568 omnes,
333 541 414 571 quos
448 541 585 571 generos
619 531 765 571 quaesivi
797 550 835 552 —
863 538 937 561 sunt
981 531 1044 561 bat.
1076 529 1116 560 V.
1149 530 1176 566 3,
1207 531 1225 559 3
1256 535 1288 559 et
1310 530 1338 565 4,
1365 528 1390 558 1.
1436 527 1514 557 Erat
1543 532 1654 557 autem
1682 524 1838 565 oppidum

81 587 232 630 homines
255 596 327 617 aere
351 585 458 616 alieno
481 585 635 626 oppressi,
658 585 780 625 quique
811 595 864 616 me
894 585 937 615 fa-
981 583 1180 624 Campaniae
1203 583 1288 612 inter
1311 581 1457 621 Capuam
1480 585 1510 611 et
1532 579 1655 609 Nolam
1677 578 1785 613 situm,
1805 582 1838 606 ut

83 646 194 671 cerent
215 649 308 670 reum
331 639 481 669 debendi.
505 638 630 669 Eorum
645 648 707 678 ego
723 648 776 669 aes
793 633 957 678 alienum!
982 642 1114 676 apparet
1152 645 1195 666 ex
1225 635 1323 665 Livio
1354 633 1491 670 XXIII,
1527 633 1566 662 14
1604 636 1687 662 extr.
1725 637 1757 660 et
1790 629 1838 658 39.

83 693 209 723 solvere
232 693 394 722 deberem.
430 692 545 731 Itaque
567 691 742 722 Dolabella
764 701 831 721 non
854 689 958 722 dete—³
986 689 1139 719 Eundem
1164 689 1273 719 locum
1295 687 1432 717 indicari
1455 687 1495 716 ad
1528 685 1620 715 Fam.
1651 684 1713 714 XI.
1743 684 1791 717 25,
1823 684 1840 711 3

84 746 149 775 rior
171 745 296 776 ceteris.
327 745 529 775 Mommseni
551 744 788 775 correctionem
810 744 939 775 ultimo-
958 753 959 783 1
983 746 1107 772 certum
1131 746 1187 777 est,
1211 749 1315 780 quum
1336 739 1460 770 Matius
1483 748 1500 768 e
1522 737 1701 768 Formiano
1736 736 1841 765 Brun-

84 809 155 829 rum
179 799 353 829 verborum
378 798 508 834 adscivi,
533 798 610 837 quia
633 797 844 837 illudfaeere
872 785 959 827 reu-¹
983 799 1103 828 disium
1133 806 1244 827 versus
1275 796 1314 825 ad
1351 794 1524 825 Caesarem
1558 792 1729 834 profectus,
1767 790 1842 820 hui(-

84 854 136 881 tur
158 862 225 881 non
249 851 444 881 Tullianum
466 851 605 880 videtur.
629 850 742 880 Unum
760 851 882 890 excipit
899 861 939 881 ex
958 886 959 889 1
983 854 1115 884 obviam
1137 852 1228 883 venit
1251 852 1283 882 in
1308 861 1387 891 agro
1410 850 1611 881 Trebulano.
1634 848 1685 879 Ibi
1703 847 1792 877 enim
1803 846 1843 876 (16

85 914 122 935 θΟ
145 914 294 940 numero,
317 904 357 934 de
380 913 445 943 (1Πο
459 912 516 943 Pffl'
530 903 681 933 Atticum
697 903 826 942 egisset,
841 913 940 943 quem
959 900 960 931 ἶ
985 906 1132 936 Trebula
1153 905 1307 935 Mutusca
1330 904 1363 933 in
1387 903 1520 934 Sabinis
1543 901 1680 941 cogitari
1705 909 1771 930 non
1791 900 1844 929 de—

83 962 166 987 tecte
189 956 310 987 indicat
325 956 366 986 V.
384 957 412 992 4,
431 956 457 992 1,
473 956 554 985 hune
569 966 587 985 a
603 955 755 985 Pontidia
772 955 831 985 VI.
849 956 876 992 1,
892 956 941 985 10.
960 945 961 958 ³
984 959 1047 989 bet,
1092 959 1131 988 In
1161 964 1241 988 orat,
1275 958 1314 987 de
1344 957 1418 996 lege
1448 965 1516 995 agr,
1546 956 1591 985 ΙΙ,
1623 954 1662 983 66
1685 963 1759 983 eum
1781 952 1843 981 Ve-

128 1010 156 1039 A
188 1009 301 1040 Pontio
330 1019 369 1039 ea·
402 1008 585 1038 Trebulano.
621 1008 775 1039 Indidem
805 1008 837 1038 in
868 1018 938 1049 pro-
962 1048 963 1053 1
984 1010 1122 1041 nafrano
1145 1017 1177 1041 et
1210 1009 1359 1040 Allifano
1386 1014 1588 1038 memoratur
1612 1016 1689 1046 ager
1719 1004 1844 1034 Trebu-

84 1062 227 1092 vinciam
249 1061 311 1092 iter
332 1060 454 1091 faciens
478 1060 641 1102 profectus
671 1068 739 1091 erat
769 1061 938 1091 Beneveu-
985 1063 1090 1093 lanus.

84 1121 164 1151 tum,
187 1116 274 1146 unde
297 1115 442 1145 Trebula
465 1115 564 1145 unius
587 1114 652 1144 diei
675 1114 815 1155 spatium
844 1114 939 1145 dista-

698 1234 780 1274 JV.
846 1235 911 1281 (A.
955 1234 998 1273 U.
1038 1234 1079 1272 C.
1119 1233 1235 1284 704.)

146 1363 184 1401 1.
218 1361 457 1415 Dionysium
492 1361 725 1415 fiagrantem
763 1359 961 1400 desiderio
994 1359 1055 1400 tui
1089 1358 1179 1398 misi
1215 1357 1263 1398 ad
1298 1366 1352 1407 te,
1378 1372 1450 1397 nec
1471 1355 1695 1396 mehercule
1721 1370 1846 1408 aequo

81 1434 227 1483 animo,
263 1433 331 1474 sed
366 1434 444 1474 fuit
478 1433 801 1474 concedendum:
839 1447 957 1485 quem
991 1432 1153 1487 quidem
1188 1431 1355 1485 cognovi
1390 1445 1513 1484 quum
1537 1429 1714 1479 doctum,
1740 1428 1844 1483 quod

82 1505 179 1546 mihi
211 1507 289 1547 iam
337 1511 427 1546 ante
471 1513 555 1547 erat
598 1512 752 1555 notum,
797 1512 882 1546 tum
929 1520 1022 1546 sane
1067 1504 1227 1558 plenum
1270 1503 1403 1553 officii,
1449 1502 1672 1543 studiosum
1719 1503 1840 1542 ctiam

82 1594 190 1619 meae
224 1579 368 1630 laudis,
404 1580 510 1635 frugi
544 1581 746 1621 hominem
780 1595 839 1629 ac,
875 1595 924 1620 ne
958 1578 1191 1619 libertinum
1225 1577 1387 1618 laudare
1433 1576 1583 1625 videar,
1626 1576 1743 1630 plane
1791 1575 1845 1615 vi-
1887 1593 1900 1616 5

82 1667 169 1693 rum
203 1652 368 1694 bonum.
427 1658 466 1695 2.
501 1654 739 1709 Pompeium
774 1653 856 1694 vidi
890 1666 980 1694 1111.
1015 1652 1078 1693 Id.
1114 1650 1375 1701 Decembres3
1411 1650 1561 1690 fuimus
1603 1663 1683 1688 una
1727 1647 1844 1688 horas

82 1726 181 1767 duas
214 1726 395 1767 fortasse.
431 1727 582 1781 Magna
615 1727 771 1767 laetitia
803 1726 904 1766 mihi
937 1726 1045 1766 visus
1079 1730 1138 1765 est
1163 1725 1266 1764 affici
1293 1739 1379 1764 meo
1403 1723 1602 1764 adventu:
1629 1721 1677 1761 de
1704 1721 1846 1762 triuni-

82 1799 161 1854 pho
194 1799 359 1850 hortari,
395 1800 594 1854 suscipere
628 1804 760 1855 partes
795 1814 900 1849 suas,
934 1813 1107 1847 monere,
1143 1813 1192 1837 ne
1235 1801 1327 1837 ante
1372 1796 1414 1836 111
1457 1800 1640 1837 senatum
1685 1795 1846 1836 accede-

82 1887 178 1923 rem,
225 1887 344 1925 quam
388 1887 470 1913 rem
521 1872 794 1922 confecissem,
836 1887 885 1912 ne
931 1870 1112 1912 dicendis
1157 1869 1368 1911 sententiis
1414 1869 1587 1925 aliquem
1637 1869 1846 1910 tribunum

83 1945 310 1986 alienarem.
356 1945 465 1996 Quid
500 1946 682 2000 quaeris?
727 1945 770 1985 in
803 1945 878 1985 hoc
912 1944 1041 1985 officio
1076 1944 1267 1984 sermonis
1313 1943 1416 1984 nihil
1459 1943 1594 1999 potuit
1634 1958 1717 1984 esse
1759 1959 1847 1998 pro-
1871 1963 1907 1988 10

82 2019 218 2059 lixius.
274 2018 334 2058 De
367 2033 408 2058 re
442 2017 604 2073 publica
638 2023 770 2058 autem
804 2018 862 2058 ita
894 2032 1051 2058 mecum
1084 2016 1242 2057 locutus
1277 2020 1350 2066 est,
1403 2016 1516 2070 quasi
1557 2031 1639 2057 11011
1680 2015 1849 2057 dubium

86 2090 235 2132 bellum
268 2089 521 2131 haberemus.
555 2090 673 2131 Nihil
706 2090 756 2130 ad
790 2105 899 2146 spem
934 2089 1190 2140 concordiae3
1227 2088 1344 2143 plane
1378 2089 1494 2129 illum
1520 2104 1542 2129 a
1566 2104 1606 2129 se
1631 2089 1848 2131 alienatum

85 2179 209 2218 quum
244 2167 335 2205 ante
368 2163 625 2217 intelligeret,
661 2168 748 2203 tum
781 2178 872 2204 vero
906 2162 1085 2217 proxime
1130 2161 1353 2202 iudicasse:
1401 2162 1555 2202 venisse
1601 2162 1782 2203 Hirtium
1827 2178 1849 2203 a.

86 2237 268 2287 Caesare,
303 2237 373 2291 qui
406 2240 509 2277 esset
541 2236 602 2276 illi
636 2235 984 2286 familiarissimus,
1021 2235 1070 2276 ad
1105 2251 1145 2275 se
1179 2250 1260 2275 11011
1295 2234 1507 2275 accessisse
1541 2240 1594 2286 et,
1630 2250 1753 2289 quum
1782 2235 1849 2276 ille

88 2325 123 2350 a.
159 2309 198 2349 d.
237 2323 332 2351 VIII.
364 2309 462 2350 Idus
496 2308 707 2349 Decembr.
743 2309 896 2363 vesperi
928 2308 1117 2357 venisset,
1153 2306 1305 2348 Balbus
1338 2308 1386 2348 de
1419 2312 1505 2348 tota
1536 2324 1577 2349 re
1619 2309 1850 2349 constituis·
1873 2327 1905 2351 15

89 2386 148 2422 set
181 2397 217 2422 a.
252 2382 291 2422 d.
326 2396 407 2423 VII.
442 2381 491 2422 ad
526 2382 753 2436 Scipionem
789 2386 881 2421 ante
914 2381 1045 2421 lucem
1078 2380 1227 2430 venire,
1262 2380 1389 2421 multa
1424 2380 1472 2421 de
1507 2386 1624 2422 nocte
1648 2396 1739 2422 eum
1763 2397 1850 2436 pro-

131 2559 149 2597 §
173 2558 200 2588 1.
232 2557 305 2589 Tum
337 2569 415 2590 Sane
439 2558 565 2598 plenum
598 2557 699 2599 qffiez'z'.
738 2557 816 2588 Cod.
856 2556 945 2587 Med.
971 2595 972 2598 Ἰ
994 2556 1145 2586 homines
1175 2556 1319 2593 alterius,
1349 2566 1417 2587 non
1451 2566 1525 2587 suas
1554 2562 1662 2597 partes
1691 2558 1853 2598 suscipere

89 2612 228 2640 sanetum
260 2612 388 2651 plenum
425 2612 477 2652 off.
517 2615 679 2641 corrector
714 2610 838 2640 addidit
874 2611 947 2639 tum.
971 2634 973 2659 1
995 2609 1153 2639 dicantur.
1181 2607 1312 2649 Optime
1334 2613 1445 2640 tamen
1468 2610 1530 2640 hoc
1552 2620 1682 2651 quoque
1705 2611 1832 2641 dicitur.

90 2662 188 2701 Quod
211 2664 312 2703 vulgo
335 2664 442 2694 editur
464 2664 600 2694 debetur
621 2663 781 2693 Manutio.
817 2662 947 2692 Alanus
1037 2661 1075 2690 In
1099 2661 1156 2691 hoc
1178 2661 1277 2701 qffiez‘o
1309 2662 1461 2693 sermonis
1489 2673 1522 2693 o:
1556 2663 1613 2693 uin
1642 2663 1705 2694 hoc
1734 2674 1854 2704 genere

90 2715 235 2746 malebat
257 2718 320 2746 lum
343 2718 472 2752 castum,
488 2716 616 2755 plenum
640 2714 742 2756 qfficz'z‘.
972 2714 1103 2762 §officiL
1133 2715 1221 2754 quod
1250 2720 1433 2754 praestatur
1461 2725 1613 2746 sermone
1642 2717 1727 2747 comi
1758 2723 1790 2747 et
1819 2717 1855 2747 li-

135 2770 153 2808 §
175 2769 204 2799 2.
227 2769 335 2800 Horas
356 2770 437 2799 (luas
460 2768 618 2808 fortasse.
652 2768 860 2799 Adverbium
891 2777 950 2797 nu·
973 2766 974 2802 1
996 2765 1134 2796 berali.”
1155 2765 1350 2797 Gronovius.

91 2822 270 2852 meralibus
294 2823 442 2853 additum
463 2822 585 2852 iudicat
607 2830 782 2852 numerum
796 2829 863 2850 non
883 2829 951 2850 esse
973 2805 975 2857 1
1045 2818 1107 2854 Qui
1143 2821 1224 2849 esset
1261 2819 1311 2849 illi
1338 2819 1423 2859 fam.
1466 2821 1541 2852 Hoc
1574 2822 1782 2853 referendum
1816 2824 1854 2852 ad

91 2875 286 2914 urgendum.
323 2876 425 2915 Apud
448 2874 643 2906 Ciceronem
665 2883 803 2903 numero
825 2878 950 2913 postpo-
973 2860 975 2894 Ι
996 2872 1153 2903 Hirtium.

93 2928 193 2959 nitur.
217 2928 267 2959 Cf.
289 2928 398 2959 Hand.
424 2929 518 2959 Turs.
542 2929 587 2958 ΙΙ.
611 2938 640 2968 1).
665 2927 723 2959 725
746 2937 792 2967 sq.
1042 2924 1160 2954 Balbus
1183 2943 1225 2947 —
1247 2925 1460 2956 constituisset
1482 2934 1542 2957 cet.
1566 2928 1691 2958 Balbus
1711 2929 1859 2959 Caesaris

135 2982 298 3023 Suscipere
314 2985 426 3022 partes
447 2992 522 3012 suas
544 2992 576 3013 o:
600 2980 821 3022 promittebat,
844 2989 878 3010 se
893 2989 952 3020 pro
1000 2977 1122 3007 amicus
1145 2977 1185 3007 de
1214 2977 1281 3007 illis
1310 2978 1407 3009 rebus
1436 2979 1546 3010 statim
1574 2985 1647 3020 post
1674 2980 1779 3010 Hirtii
1807 2982 1859 3011 ad.-

94 3036 184 3066 virili
204 3042 295 3077 parte
317 3046 450 3077 operam
479 3037 634 3066 daturum
663 3044 742 3071 esse,
773 3039 808 3064 ut
837 3033 949 3064 trium·
999 3035 1136 3060 ventum
1158 3039 1234 3060 cum
1256 3029 1412 3070 Scipione
1442 3031 1592 3072 Pompeii
1620 3042 1732 3063 socero
1762 3042 1858 3073 agere

93 3089 177 3130 phus
199 3090 282 3120 mihi
304 3091 544 3122 decerneretur.
567 3090 727 3120 Ernestus
750 3088 870 3119 merito
892 3097 948 3117 no·
1001 3083 1224 3120 constituerat,
1257 3082 1315 3113 sed
1342 3082 1474 3114 Hirtius
1512 3085 1608 3115 illum
1642 3096 1855 3126 congressum

93 3143 176 3174 tavit
199 3154 308 3175 rarum
331 3145 461 3176 dicendi
484 3154 599 3184 genus,
622 3153 726 3183 quum
755 3142 948 3182 plerumque
973 3153 977 3187 1
1000 3148 1067 3169 non
1092 3138 1304 3179 exspectavit,
1327 3140 1388 3170 sed
1407 3140 1516 3172 statim
1539 3142 1579 3171 ad
1610 3140 1783 3174 Caesarem
1812 3152 1857 3174 re-
