2117 3533
226 1042 261 1068 10

223 1415 257 1441 15

293 142 378 181 200
689 144 773 185 ΕΡ.
807 145 884 185 AD
915 145 962 186 Τ.
996 146 1345 190 POMPONIUM
1377 150 1642 193 ATTICUM.

863 329 1012 371 XVII.
1077 331 1143 384 (A.
1183 331 1229 373 U.
1263 330 1306 374 0.
1343 333 1460 389 700.)

352 444 391 482 1.
425 442 531 482 Puto
563 447 602 485 te
637 443 864 485 existimare
897 458 959 484 me
992 458 1100 485 nunc
1134 444 1305 488 oblitum
1339 449 1642 491 consuetudinis
1675 454 1715 492 et
1746 451 1923 493 instituti
1964 454 2043 495 mei

285 515 412 556 rarius
446 516 497 556 ad
529 520 569 557 te
604 516 790 567 scribere,
826 531 944 570 quam
979 516 1175 570 solebam,-
1211 519 1279 560 sed
1313 535 1435 575 quum
1470 521 1556 562 loca
1590 526 1630 563 et
1661 522 1806 565 itinera
1837 529 1909 566 tua
1940 526 2043 568 nihi]

284 586 429 628 habere
464 589 562 630 certi
594 589 725 641 video,
776 604 905 644 neque
949 589 993 630 in
1036 591 1206 646 Epirum
1249 607 1379 647 neque
1421 594 1602 635 Athenas
1646 610 1776 651 neque
1817 597 1861 638 in
1904 599 2042 641 Asiam

284 660 472 714 cuiquam
505 661 584 702 nisi
618 662 668 703 ad
700 667 739 703 te
772 663 905 717 ipsum
946 663 1213 717 proficiscenti
1256 665 1348 707 dedi
1391 666 1560 708 litteras.
1616 668 1759 723 Neque
1801 670 1909 712 enim
1949 676 2044 714 sunt

283 749 351 775 eae
385 734 574 790 epistolae
607 740 780 787 nostrae,
816 750 916 790 quae
951 737 984 777 si
1016 737 1190 792 perlatae
1224 754 1306 780 non
1339 739 1433 791 sint,
1467 740 1570 782 nihil
1593 757 1638 782 ea
1663 757 1725 783 res
1747 759 1820 785 nos
1845 745 2042 787 offensura

282 807 355 859 sit3
391 823 491 862 quae
523 812 683 850 tantum
719 808 871 850 habent
910 810 1202 865 mysteriorum,
1249 817 1296 853 ut
1339 827 1404 853 eas
1447 828 1497 854 ne
1537 813 1711 856 librariis
1755 816 1917 871 quidem
1961 818 2042 861 fere

281 880 591 931 committamus,
626 881 652 925 †
683 881 862 936 lepidum
895 898 974 937 quo
1007 883 1179 925 excidat.
1217 888 1256 926 2.
1291 885 1484 927 Consules
1518 886 1688 942 flagrant
1719 888 1898 942 infamia,
1933 892 2041 947 quod

281 953 327 994 C.
361 953 577 995 Memmius
611 955 849 996 candidatus
883 956 1109 1012 pactionem
1142 958 1186 998 in
1219 963 1360 1000 senatu
1393 959 1590 1010 recitavit,
1626 975 1744 1014 quam
1775 962 1860 1018 ipse
1883 968 1923 1005 et
1945 979 2041 1006 suus

281 1027 516 1081 competitor
549 1028 752 1069 Domitius
787 1044 878 1069 cum
911 1029 1143 1071 consulibus
1178 1029 1380 1081 fecissent,
1422 1032 1483 1072 uti
1517 1031 1633 1074 ambo
1667 1033 1752 1075 HS.
1787 1035 2042 1091 quadragena

279 1099 512 1141 consulibus
546 1101 700 1153 darent,
736 1102 769 1142 si
803 1108 936 1143 essent
968 1103 1046 1158 ipsi
1079 1104 1261 1144 consules
1302 1104 1412 1155 facti,
1457 1105 1537 1146 nisi
1579 1106 1652 1147 tris
1698 1122 1867 1162 augures
1910 1108 2041 1150 dedis-

279 1177 381 1223 sent,
418 1174 488 1228 qui
520 1190 560 1215 se
594 1175 753 1216 affuisse
788 1175 981 1227 dicerent,
1017 1192 1142 1231 quum
1175 1178 1239 1218 lex
1273 1178 1426 1219 curiata
1465 1178 1648 1230 ferretur,
1693 1195 1792 1234 quae
1835 1180 1917 1222 lata
1958 1196 2040 1222 non

277 1250 394 1296 esset,
430 1251 470 1288 et
503 1247 583 1289 duo
617 1249 858 1299 consulares,
895 1250 964 1303 qui
998 1265 1038 1291 se
1072 1250 1252 1291 dicerent
1284 1251 1327 1292 in
1361 1251 1551 1292 ornandis
1597 1252 1813 1307 provinciis
1858 1254 2040 1295 consula-

277 1317 388 1359 ribus
423 1319 633 1362 scribendo
667 1321 841 1373 affuisse,
877 1337 1001 1376 quum
1036 1323 1197 1364 omnino
1230 1338 1280 1364 ne
1314 1328 1475 1365 senatus
1518 1324 1680 1379 quidem
1720 1324 1872 1367 fuisset.
1926 1327 2039 1368 Haec

277 1394 409 1448 pactio
442 1409 525 1436 non
558 1394 704 1445 verbis,
739 1394 807 1436 sed
841 1395 1072 1437 nominibus
1108 1397 1183 1451 [et]
1218 1396 1589 1452 perscriptionibUS,
1635 1397 1853 1439 multorum
1886 1398 2037 1440 tabulis

317 1571 337 1600 4
360 1569 468 1600 Asiam
490 1580 587 1612 neque
609 1571 748 1613 cuiquam
770 1590 811 1594 —
848 1573 866 1602 8
891 1571 1125 1602 committamus.
1160 1571 1188 1602 2.
1214 1571 1362 1612 Lepidum
1385 1582 1442 1613 quo
1464 1572 1607 1609 excidam
1643 1574 1786 1605 consules
1816 1592 1857 1597 —-
1887 1575 1926 1605 10
1938 1574 2037 1615 fecis-

274 1624 320 1653 sec
343 1640 384 1645 —
408 1623 445 1653 15
468 1622 640 1654 nominibus
662 1625 692 1654 et
708 1622 987 1664 perscriptionibus
1008 1640 1050 1646 —-

315 1793 551 1825 Consarcinavi
584 1794 669 1824 hanc
700 1794 872 1834 epistolam
907 1804 949 1826 ex
973 1794 1022 1832 iis,
1056 1803 1147 1835 quae
1180 1794 1364 1834 pactionem
1387 1793 1480 1824 illam
1503 1803 1569 1824 non
1601 1794 1779 1825 Memmius
1810 1800 1842 1826 et
1870 1794 2036 1826 Domitius

273 1847 374 1887 vulgo
407 1847 563 1887 leguntur
593 1847 627 1877 in
663 1856 712 1887 ep.
747 1848 795 1884 18,
827 1849 845 1888 ξ
876 1849 902 1885 1,
927 1849 946 1879 2
968 1853 999 1878 et
1020 1847 1132 1888 primis
1181 1848 1338 1879 Calvinus
1361 1858 1420 1887 pro
1442 1857 1476 1878 se
1498 1847 1647 1888 quisque,
1670 1849 1727 1879 sed
1750 1848 1846 1879 ambo
1868 1848 1968 1879 simul
1993 1848 2036 1879 fe-

272 1901 380 1932 vcrbis
405 1902 423 1941 §
446 1902 474 1938 3,
498 1901 694 1941 quibuscum
716 1902 900 1939 cohaerent,
924 1911 1009 1942 quae
1031 1902 1065 1932 iu
1083 1911 1131 1941 ep.
1177 1906 1303 1932 cerunt.
1325 1900 1405 1931 Alia
1427 1910 1478 1931 res
1501 1905 1549 1931 est
1571 1900 1656 1931 infra
1679 1901 1748 1941 §3z
1774 1900 1915 1932 Messala
1930 1903 2036 1932 noster

273 1957 322 1994 16,
347 1957 364 1995 ξ
388 1956 406 1986 6
428 1956 692 1993 inveniebantur,
717 1962 786 1987 tum
810 1958 828 1997 ξ
852 1957 870 1989 7
894 1962 924 1988 et
948 1959 976 1987 8.
1177 1958 1208 1985 et
1230 1955 1296 1986 eius
1318 1954 1475 1986 Domitius
1497 1955 1679 1996 competitor
1700 1955 1841 1986 liberalis
1863 1956 1897 1986 in
1918 1956 2036 1996 populo

315 2010 334 2049 ξ
357 2009 387 2040 1.
409 2008 472 2040 Sed
485 2020 575 2050 quum
590 2029 631 2032 —
646 2009 745 2040 video.
762 2010 891 2041 Memor
908 2019 1030 2047 eorum,
1047 2019 1130 2050 quae
1177 2008 1270 2039 valde
1283 2008 1366 2048 fuit.

272 2063 313 2093 de
335 2061 529 2093 confusione
551 2067 632 2102 part.
655 2072 743 2103 quum
767 2068 799 2093 et
820 2062 965 2104 quoniam
982 2067 1129 2094 acciu-ate
1221 2061 1291 2091 Tris
1312 2071 1459 2100 ailqures.
1479 2061 1544 2092 Tot
1566 2061 1678 2092 adesse
1701 2060 1874 2098 debebant,
1897 2062 2029 2101 quando

272 2115 479 2156 disputantur
509 2125 527 2145 a
555 2115 728 2146 Wundero
758 2116 791 2146 in
831 2115 937 2147 Praef.
974 2116 1015 2146 ad
1048 2115 1127 2146 Var.
1175 2113 1232 2144 lex
1260 2113 1384 2144 curiata
1412 2114 1452 2144 de
1481 2113 1619 2154 imperio
1653 2112 1826 2144 ferebatur.
1861 2113 1910 2144 Cf.
1933 2113 2030 2144 Hull-

272 2168 346 2199 lect.
377 2168 447 2199 cod.
478 2167 600 2198 Erfurt.
626 2178 655 2208 p.
678 2167 797 2199 XCVI
828 2178 896 2208 sqq.
926 2178 995 2199 non
1024 2157 1128 2207 magis
1174 2177 1285 2204 11131111,
1309 2168 1366 2198 Ius
1388 2166 1512 2198 Pontif.
1534 2177 1566 2208 p.
1591 2167 1662 2197 168.

271 2221 395 2257 dubito,
419 2229 519 2261 quam
540 2220 798 2260 Wesenbergius
820 2221 894 2251 Em.
918 2221 978 2261 Ep.
1002 2230 1032 2261 p.
1057 2221 1126 2257 114,
1218 2219 1304 2260 Quae
1325 2220 1395 2250 lata
1418 2230 1479 2251 non
1503 2222 1593 2250 esset.
1630 2220 1809 2260 Propterea
1838 2219 1950 2250 scribit
1979 2229 2028 2260 ep.

270 2273 351 2313 quin
384 2273 416 2304 h.
453 2273 474 2303 1.
504 2272 649 2313 quoniam
686 2272 895 2303 scribendum
933 2273 985 2303 sit.
1029 2272 1127 2311 Quod
1174 2274 1221 2312 18,
1245 2276 1265 2304 4
1287 2274 1435 2314 Appium
1456 2274 1524 2304 sine
1546 2273 1615 2314 leffe
1634 2273 1668 2303 in
1692 2272 1846 2304 Ciliciam
1868 2273 2030 2313 proficisci

270 2325 389 2355 deinde
412 2330 488 2356 ante
511 2324 651 2365 cuiquam
674 2324 942 2356 coniunctionem
964 2335 1060 2366 neque
1075 2326 1127 2356 de-
1172 2328 1268 2359 velle.
1290 2327 1362 2358 Etsi
1391 2332 1501 2358 autem
1533 2327 1614 2358 haec
1644 2336 1661 2357 e
1690 2325 1858 2357 Ciceronis
1891 2334 2031 2366 persona

270 2377 346 2414 levi,
370 2377 433 2408 feci
455 2377 642 2408 admonitus
666 2377 707 2407 ab
731 2378 846 2408 eodem
868 2387 899 2417 p.
923 2377 993 2407 115.
1023 2377 1126 2408 Dede·
1172 2381 1345 2417 adduntur,
1369 2380 1528 2410 Ernestus
1551 2384 1660 2409 tamen
1683 2388 1751 2409 non
1781 2378 1939 2409 debuerat
1969 2379 2032 2409 sol-

270 2436 320 2461 rat
343 2430 432 2461 enim
456 2429 571 2462 Cicero
594 2430 706 2461 literas
729 2430 763 2461 in
781 2430 920 2470 Epirum
936 2431 1001 2470 (ep.
1019 2430 1066 2467 15,
1080 2431 1124 2470 3),
1171 2435 1297 2465 licitare
1320 2434 1571 2464 coniunctivum
1593 2434 1684 2463 esset.
1720 2433 1807 2463 Nam
1829 2442 1908 2474 quae
1929 2433 2028 2464 habet

268 2483 403 2514 dederat
425 2483 458 2513 in
489 2482 607 2513 Asiam
639 2482 703 2522 (16,
735 2483 779 2522 9),
811 2483 867 2513 sed
896 2492 963 2512 11011
993 2482 1126 2512 dederat
1171 2489 1239 2519 vim
1261 2488 1435 2524 causalem,
1459 2493 1494 2517 ut
1516 2487 1629 2518 statim
1650 2496 1741 2527 quum
1762 2504 1804 2508 —
1815 2486 1948 2526 fuisset.

268 2534 432 2575 cuiquam,
455 2534 519 2565 nisi
541 2535 581 2565 de
603 2544 669 2575 quo
700 2535 908 2574 exploratum
937 2539 1021 2565 esset
1048 2543 1124 2565 eum
1212 2541 1303 2570 Haec
1320 2539 1429 2580 pactio
1451 2558 1493 2562 -
1514 2541 1644 2569 auctore
1658 2538 1811 2578 Pompeio,
1835 2538 1950 2569 pactio
1965 2543 2027 2570 tur-

268 2588 382 2619 AttiCO
405 2597 474 2619 0880
496 2587 701 2618 redditurum
724 2587 788 2626 (15,
812 2589 857 2625 3)·
1170 2594 1219 2634 pis
1242 2604 1308 2624 non
1331 2593 1402 2624 solo
1425 2602 1588 2623 consensu
1601 2592 1743 2632 partium
1760 2596 1816 2621 aut
1831 2591 1939 2622 verbis
1951 2602 2026 2622 con-

309 2645 326 2675 †
348 2643 495 2684 Lepidum
524 2653 582 2684 quo
612 2642 749 2673 excidat.
787 2643 899 2674 Verba
936 2642 992 2673 alii
1029 2642 1125 2673 aliter
1170 2647 1284 2683 stabat,
1307 2647 1364 2677 sed
1387 2646 1556 2677 literarum
1580 2644 1784 2684 obligatione
1807 2649 1875 2675 erat
1888 2645 2026 2676 firmata.

267 2698 498 2738 explicuerunt
521 2703 577 2728 aut
600 2702 810 2738 temptarunt.
845 2696 939 2727 Nihil
963 2696 1031 2726 vidi
1059 2705 1124 2726 me-
1145 2698 1148 2727 Ι
1171 2698 1312 2730 Cautum
1335 2703 1412 2735 erat,
1435 2703 1470 2728 ut
1492 2696 1670 2728 Memmius
1681 2696 1818 2733 dicebat,
1833 2696 2026 2727 consulibus

266 2753 331 2784 lius
357 2762 406 2790 00,
429 2753 518 2793 quod
540 2752 665 2783 amicus
689 2751 804 2782 Ursini
830 2750 1006 2787 incohavit,
1035 2750 1062 2780 Ι.
1084 2749 1122 2780 F.
1145 2762 1146 2794 3
1169 2752 1311 2792 primum
1334 2750 1506 2782 nominibus
1529 2760 1561 2781 o:
1585 2750 1696 2781 debito
1718 2749 1896 2790 perscripto
1923 2749 1956 2780 in
1973 2759 2026 2780 co-

266 2806 454 2837 Gronovius
476 2805 628 2846 perfecit:
660 2815 699 2834 ize
730 2804 847 2834 diclum
876 2803 958 2844 quod
985 2802 1123 2833 areidae.
1168 2804 1293 2835 dicibus
1316 2803 1440 2844 accepti
1451 2803 1600 2839 aliorum,
1616 2807 1686 2832 tum
1694 2801 1975 2841 perscriptionibus
1988 2811 2022 2832 o:

266 2861 435 2892 Excidunt
458 2865 579 2896 autem,
605 2869 688 2899 quae
712 2858 825 2889 invitis
843 2857 938 2888 nobis
951 2856 985 2886 in
1002 2856 1122 2895 vulgus
1144 2846 1145 2857 ¹
1168 2858 1371 2897 adsignando
1406 2856 1616 2897 argentarios,
1650 2855 1706 2895 qui
1734 2865 1793 2895 pro
1821 2854 2022 2886 debitoribus

266 2918 399 2944 exeunt.
422 2913 501 2944 Vid.
524 2913 563 2943 de
586 2911 676 2944 Orat.
699 2912 726 2942 I.
751 2913 767 2941 5
792 2915 823 2941 et
846 2910 895 2940 94.
1143 2901 1145 2913 ¹
1167 2912 1341 2952 pecuniam
1363 2911 1538 2947 solverent,
1567 2909 1594 2940 si
1617 2918 1655 2940 ea
1676 2909 1849 2939 deberetur
1872 2907 1926 2946 (cf.
1948 2908 2022 2939 Att.

308 2967 326 3006 ξ
349 2967 378 2997 2.
411 2966 570 2998 Consules.
605 2965 644 2996 L.
675 2964 839 2995 Domitius
868 2961 1120 2998 Ahenobarbus,
1142 2958 1144 3001 s
1166 2965 1247 2996 ΧΠ,
1271 2965 1320 3002 51,
1344 2966 1372 3002 3,
1396 2975 1425 3004 p,
1438 2964 1567 3000 Flacco,
1580 2964 1652 3001 44);
1676 2967 1841 3002 postremo
1857 2961 2021 2992 multorum

265 3020 395 3060 Appius
419 3020 578 3052 Claudius
602 3019 753 3050 Pulcher.
1142 3011 1143 3015 ¹
1166 3018 1291 3055 tabulis,
1315 3017 1372 3058 qui
1395 3026 1467 3048 eam
1489 3015 1663 3056 pecuniam
1685 3024 1743 3045 sua
1764 3014 1828 3044 fide
1850 3023 1919 3045 esse
1932 3014 2021 3045 iube-

306 3075 466 3106 Fecissent
489 3086 555 3106 non
579 3075 689 3106 minus
712 3084 811 3115 quam
833 3074 863 3103 et
887 3072 972 3103 inter
988 3080 1040 3101 vv.
1056 3068 1120 3109 ipse
1142 3066 1143 3105 ζ
1166 3075 1248 3100 rent.
1271 3069 1384 3100 Pactio
1407 3068 1453 3099 ita
1471 3069 1664 3098 confirmata
1677 3066 1804 3107 prolata
1818 3073 1867 3096 est
1882 3075 1901 3096 a
1916 3066 2019 3096 Mem·

264 3139 338 3159 suus
372 3129 595 3170 recipiendum
626 3134 695 3161 erat
725 3138 742 3160 e
770 3128 840 3158 cod.
873 3124 1000 3157 Maffei.
1033 3123 1120 3153 Nam
1142 3107 1144 3144 Ξ
1165 3123 1232 3154 mio
1255 3124 1384 3153 auctore
1406 3120 1556 3161 Pompeio,
1579 3120 1635 3160 qui
1658 3119 1839 3156 verebatur,
1865 3129 1905 3150 nc
1919 3119 2018 3150 dicta-
