2117 3533
736 180 738 183 v
772 154 879 195 LIB.
913 155 988 196 IV.
1023 156 1107 196 ΕΡ.
1144 159 1183 196 2.
1767 156 1852 195 163

101 289 296 331 cernendo
330 289 470 330 secuti.
514 289 615 329 Tum
650 288 708 328 M.
742 287 937 328 Lucullus
972 289 1020 329 de
1054 289 1235 329 omnium
1267 288 1509 342 collegarum
1543 288 1743 329 sententia
1776 304 1854 329 res-

100 362 243 418 pondit
274 361 478 415 religionis
510 360 664 401 iudices
696 361 904 415 pontifices
938 360 1074 411 fuisse,
1107 361 1206 415 legis
1242 361 1354 415 (esse)
1391 365 1595 412 senatum3
1630 376 1670 402 se
1704 365 1745 401 et
1777 361 1856 402 col-

101 435 207 489 legas
240 449 332 475 suos
365 433 413 474 de
447 433 638 488 religione
673 432 874 483 statuisse,
908 432 951 473 in
985 438 1127 474 senatu
1160 433 1208 474 de
1243 433 1330 487 lege
1354 437 1590 475 statuturos.
1624 433 1650 477 †
1673 433 1855 488 Quisque

100 506 241 547 horum
284 505 371 546 loco
416 505 655 546 sententiam
697 508 860 558 rogatus
900 505 1028 546 multa
1062 505 1282 546 secundum
1316 520 1476 546 causam
1510 510 1687 547 nostram
1720 505 1856 562 dispu-

98 580 212 621 tavit.
262 579 398 631 Quum
431 577 481 618 ad
516 577 701 618 Clodium
734 582 899 617 ventum
933 581 1006 628 est,
1041 578 1168 633 cupiit
1213 578 1317 618 diem
1358 593 1604 629 consumere,
1646 593 1775 633 neque
1819 578 1856 619 ei

96 653 186 694 finis
220 657 280 693 est
311 652 460 702 factus;
495 651 563 691 sed
597 655 744 700 tamen,
781 665 903 704 quum
936 650 1052 691 horas
1085 651 1158 691 tris
1191 651 1270 692 fere
1301 650 1481 700 dixisset,
1507 650 1598 691 odio
1621 656 1661 692 et
1685 652 1857 707 strepitu

96 730 257 767 senatus
291 729 451 766 coactus
484 729 544 765 est
577 722 791 777 aliquando
825 738 1020 777 perorare.
1054 723 1191 774 Quum
1225 724 1336 763 fieret
1368 727 1529 763 senatus
1562 723 1790 764 consultum
1812 724 1856 765 in

97 798 336 840 sententiam
369 797 609 847 Marcellini,
645 796 830 837 omnibus
862 800 1018 851 praeter
1051 812 1177 837 111111111
1212 795 1539 847 assentientibus,
1574 797 1766 838 Serranus
1796 797 1856 838 in-

97 871 290 912 tercessit.
324 871 383 911 De
417 870 700 911 intercessione
735 869 871 910 statim
904 869 1021 910 ambo
1055 869 1237 910 consules
1271 869 1413 910 referre
1448 873 1679 924 coeperunt.
1719 870 1856 921 Quum

97 944 316 985 sententiae
349 943 605 998 gravissimae
640 943 888 983 dicerentur:
936 943 1092 983 senatui
1136 943 1291 998 placere
1336 942 1437 983 milii
1478 943 1641 983 domum
1681 943 1854 994 restitui,

95 1016 292 1071 porticum
325 1015 459 1057 Catuli
491 1016 626 1065 locari,
662 1015 941 1056 auctoritatem
975 1014 1126 1056 ordinis
1161 1015 1210 1056 ab
1244 1015 1430 1056 omnibus
1463 1015 1765 1070 magistratibus
1789 1016 1855 1057 de-

95 1087 226 1138 fendi3
268 1088 301 1129 si
334 1104 412 1143 qua
446 1089 505 1130 vis
538 1092 642 1130 esset
674 1088 792 1140 facta,
829 1092 1013 1129 senatum
1054 1088 1376 1129 existimaturum
1420 1089 1505 1129 eius
1546 1104 1665 1144 opera
1703 1089 1855 1130 factum

95 1176 192 1212 esse,
228 1162 296 1215 qui
329 1166 490 1203 senatus
524 1162 706 1203 consulto
739 1162 1047 1203 intercessisset:
1085 1163 1277 1203 Serranus
1309 1161 1519 1216 pertimuit
1551 1167 1592 1203 et
1615 1163 1854 1204 Cornicinus

94 1235 144 1275 ad
178 1251 289 1276 suam
322 1240 494 1276 veterem
528 1234 704 1276 fabulam
738 1235 881 1286 rediit3
927 1234 1082 1275 abiecta
1114 1239 1208 1288 toga
1243 1250 1283 1276 se
1317 1234 1367 1275 ad
1400 1235 1538 1289 generi
1586 1235 1707 1290 pedes
1749 1235 1855 1277 abie-

92 1309 160 1350 cit.
195 1309 268 1350 Ille
301 1314 458 1350 noctem
493 1308 569 1349 sibi
602 1308 820 1363 postulavit
829 1326 840 1359 3
874 1323 956 1349 11011
990 1307 1278 1348 concedebant.
1326 1307 1706 1350 Reminiscebantur
1747 1309 1856 1350 enim

92 1381 185 1422 Kal.
220 1381 381 1422 Ianuar.
416 1381 496 1421 Vix
527 1381 691 1422 tandem
715 1382 739 1426 †
774 1381 850 1422 sibi
884 1381 933 1422 de
966 1396 1053 1421 mea
1087 1381 1292 1421 voluntate
1327 1395 1560 1421 concessum
1583 1386 1657 1423 est.
1695 1382 1857 1424 5.‘Pos-

91 1454 211 1495 tridie
245 1459 407 1495 senatus
441 1455 669 1496 consultum
703 1454 855 1495 factum
888 1458 948 1495 est
980 1454 1037 1504 id,
1073 1454 1180 1508 quod
1215 1454 1264 1495 ad
1289 1458 1329 1495 te
1352 1454 1457 1494 misi.
1492 1454 1650 1495 Deinde
1674 1455 1858 1496 consules

92 1527 292 1581 porticum
325 1527 460 1569 Catuli
492 1527 781 1569 restituendam
814 1527 998 1568 locarunt
1011 1544 1022 1577 ;
1058 1526 1168 1568 illam
1201 1527 1401 1583 porticum
1425 1526 1695 1582 redemptores
1720 1528 1857 1570 statim

134 1689 153 1719 2
174 1688 254 1730 Zeqz's
274 1691 418 1721 senatum
438 1708 481 1712 —
503 1692 521 1721 3
550 1690 686 1732 Quisque
707 1691 778 1722 sine
801 1690 923 1722 indicio
945 1690 1150 1731 corruptelae
1172 1709 1213 1714 —
1237 1691 1275 1722 16
1305 1690 1364 1722 Vix
1385 1693 1490 1723 tamen
1512 1711 1554 1715 —

92 1847 290 1878 sententiam
311 1847 444 1887 collegii
467 1849 664 1889 explicabat.
687 1849 736 1881 Cf.
751 1851 888 1882 Beierus
909 1850 948 1881 ad

84 1899 161 1931 'Cic.
186 1899 248 1931 Off.
272 1900 298 1931 I.
322 1911 353 1941 p.
376 1902 425 1932 82.

133 1953 224 1995 Lcyis
247 1955 343 1994 (esse)
366 1957 518 1986 senatum.
542 1956 642 1994 Quod
663 1957 828 1997 praecedit
837 1957 950 1997 fuisse

91 2018 159 2039 non
189 2009 331 2048 pertinet
362 2010 402 2040 ad
430 2010 512 2042 haec
541 2011 652 2042 verba.
687 2012 776 2042 Nam
805 2013 845 2042 de
875 2012 949 2051 lege

93 2066 161 2093 erat
182 2064 392 2093 statuendum
414 2063 449 2093 in
463 2069 589 2095 senatu.
613 2066 728 2106 Itaque
745 2066 869 2097 inserui
885 2074 950 2096 esse

92 2115 132 2146 de
155 2116 319 2146 sententia
342 2115 494 2156 Seyfferti
517 2118 539 2147 l.
561 2128 588 2148 c.

138 2167 272 2209 Quisque
294 2169 401 2199 horum
424 2169 492 2200 loco
515 2174 575 2200 cet..
615 2169 696 2201 Loco
718 2171 783 2201 dici
807 2181 865 2211 pro
894 2181 950 2201 suo

92 2220 160 2252 loco
182 2227 297 2253 notum
321 2228 379 2253 est.
402 2223 479 2253 Vid.
503 2223 595 2254 Fam.
619 2223 682 2254 IX.
707 2224 754 2261 16,
778 2226 798 2254 4
814 2224 952 2264 posuisti

92 2273 160 2304 loco
183 2285 288 2305 versvs
311 2281 343 2306 et
365 2276 446 2316 Leg.
470 2277 535 2307 ΙΙΙ.
558 2278 608 2314 40,
632 2278 689 2308 ubi
712 2278 797 2308 inter
825 2283 951 2309 senato-

96 2328 139 2358 ris
162 2329 269 2359 officia
290 2335 488 2367 recensetur,
511 2332 545 2361 ut
568 2331 635 2361 loco
667 2331 763 2363 dieat.
804 2332 869 2364 Sed
897 2333 951 2363 hic

94 2387 247 2414 constans
270 2385 429 2415 sermonis
451 2395 530 2416 usus
552 2387 703 2426 postulat,
725 2392 758 2418 ut
770 2397 950 2428 pronomen

94 2448 178 2478 poss
208 2440 389 2479 praecedat.
434 2441 521 2471 Nam
550 2441 676 2482 quisque
704 2452 876 2482 nunquam
905 2443 951 2473 sic

94 2491 191 2522 initio
226 2493 408 2524 sententiae
442 2495 575 2534 ponitur
612 2495 676 2526 nisi
711 2497 795 2536 apud
830 2500 950 2537 poetaS,

93 2553 174 2584 quos
196 2545 290 2575 metri
314 2546 489 2577 necessitas
513 2552 656 2578 excusat.
695 2547 841 2579 Offendit
862 2559 951 2589 prae-

93 2600 182 2627 terea
203 2598 291 2637 quod
313 2597 394 2628 haec
417 2600 582 2631 sententia
604 2600 675 2631 sine
697 2601 832 2631 vinculo
861 2611 951 2642 supe-

95 2648 174 2678 riori
197 2649 369 2680 subiicitur
392 2655 424 2681 et
450 2652 537 2691 quod
565 2652 732 2691 genitivus
761 2653 869 2683 horum
899 2655 951 2684 ad—

95 2701 193 2738 ditur,
225 2712 327 2742 quum
360 2713 427 2734 non
457 2705 497 2736 de
527 2705 605 2736 solis
641 2707 856 2744 senatoribus,
895 2707 951 2747 qui

95 2755 264 2795 pontifices
287 2761 389 2793 erant,
412 2758 468 2788 sed
490 2758 530 2789 de
552 2759 707 2790 omnibus
721 2765 845 2800 agatur.
868 2761 952 2792 Scri-

95 2807 240 2839 bendum
262 2818 395 2840 censeo:
423 2809 496 2841 Tum
518 2820 573 2842 ³2⁶0
594 2812 721 2854 quisque
742 2813 809 2845 loco
829 2817 952 2846 senten-

96 2859 173 2890 tiam
196 2863 336 2901 royalus.

137 2911 227 2943 Diem
261 2924 449 2953 consumere,
480 2920 511 2947 et
537 2916 619 2948 diem
648 2917 780 2949 dicendo
810 2919 952 2957 eximere,

99 2963 141 3002 Q.
163 2964 202 2995 fr.
224 2966 270 2996 II.
296 2967 323 3004 1,
347 2969 365 2997 :3
389 2972 420 2998 et
442 2967 521 2998 diem
550 2969 673 3007 tollere,
706 2971 787 3011 Leg.
818 2972 884 3003 III.
912 2973 954 3003 40

98 3022 169 3048 erat
191 3019 260 3050 eius
283 3021 451 3058 senatoris,
475 3023 531 3062 qui
553 3022 712 3063 impedire
741 3025 882 3063 volebat,
912 3035 954 3056 ne

99 3067 226 3102 SCtuni
248 3073 350 3110 fieret,
373 3076 462 3115 quod
483 3080 559 3106 ante
582 3086 734 3108 occasum
757 3078 862 3110 solem
886 3085 955 3111 erat

99 3119 298 3156 faciendum.
321 3125 372 3159 Cf.
394 3126 522 3159 Gellius
544 3129 586 3160 N.
608 3130 652 3161 A.
674 3129 774 3161 XIV.
797 3130 825 3168 7,
848 3131 877 3162 8.

1038 1849 1202 1881 Serranus.
1227 1849 1261 1881 S.
1278 1850 1405 1882 Atilius
1428 1851 1605 1890 Gavianus,
1627 1862 1728 1893 quem
1742 1854 1857 1885 acerbe

998 1904 1145 1934 traduxit
1168 1904 1282 1935 Cicero
1306 1905 1339 1935 in
1363 1915 1409 1935 or.
1432 1916 1491 1946 pro
1514 1906 1597 1937 Scst.
1621 1906 1670 1939 72.

1041 1956 1226 1987 Cornicinus
1249 1956 1294 1986 ml
1314 1967 1402 1988 suam
1424 1960 1557 1989 veterem
1571 1959 1720 1999 fabulam
1749 1961 1858 1992 redic'l.

998 2008 1049 2039 Cf.
1072 2009 1195 2039 ibidem
1220 2008 1268 2046 74,
1302 2010 1360 2039 ubi
1388 2016 1538 2041 narratur
1566 2012 1645 2052 quid
1674 2012 1708 2043 in
1742 2018 1857 2044 senatu

998 2064 1074 2094 Kal.
1098 2064 1233 2095 Ianuar.
1257 2064 1402 2096 eiusdem
1426 2067 1506 2096 anni
1528 2066 1651 2097 factum
1680 2067 1732 2099 sit.
1770 2069 1858 2100 Tuni

997 2128 1127 2158 quoque
1150 2127 1242 2149 socer
1273 2128 1306 2149 se
1335 2120 1375 2149 ad
1406 2120 1520 2159 generi
1548 2122 1647 2160 pedes
1681 2122 1799 2153 abiecit
1827 2126 1859 2154 et

997 2172 1051 2201 hic
1083 2172 1147 2202 sibi
1183 2178 1315 2203 noctem
1346 2173 1386 2202 ad
1427 2173 1679 2206 deliberandum
1714 2176 1858 2215 postula-

998 2226 1054 2256 vit.

1040 2278 1112 2309 Sibi.
1150 2280 1191 2309 In
1222 2280 1311 2310 Med.
1341 2280 1497 2311 vitiosum
1527 2281 1584 2311 tibi
1613 2291 1679 2312 11011
1711 2282 1794 2314 bene
1823 2283 1857 2314 in

997 2331 1056 2361 sihi
1078 2336 1239 2362 mutatum
1263 2337 1319 2363 cst.
1349 2333 1405 2363 Ad
1428 2334 1629 2366 sententiam
1653 2335 1737 2365 nihil
1760 2336 1858 2367 inter-

999 2388 1046 2414 est
1078 2388 1190 2414 utrum
1228 2394 1303 2415 cuni
1334 2386 1362 2415 I.
1392 2385 1430 2416 F.
1461 2385 1630 2417 Gronovio
1659 2387 1786 2425 homini,
1816 2398 1858 2419 an

998 2447 1073 2467 011111
1096 2436 1222 2468 Orellio
1245 2437 1281 2467 id
1303 2438 1340 2475 ei,
1364 2448 1405 2469 an
1429 2449 1501 2469 cuin
1526 2440 1722 2471 Hosmanno
1743 2441 1797 2472 illi
1812 2451 1860 2472 re-

999 2495 1148 2531 ponatur.
1185 2490 1269 2521 011111
1292 2492 1353 2522 1100
1376 2493 1491 2533 scripsi
1513 2493 1567 2523 via·
1589 2494 1725 2532 tandem,
1748 2500 1784 2526 ut
1807 2506 1859 2536 ap-

1000 2546 1063 2576 tius
1087 2556 1185 2586 quam
1208 2547 1295 2586 quod
1319 2548 1412 2577 codd.
1435 2549 1594 2588 praebent
1615 2549 1668 2579 vix
1691 2552 1806 2581 tamen.

1041 2598 1059 2636 ξ
1083 2599 1111 2627 5.
1135 2597 1188 2627 Ad
1208 2599 1238 2627 te
1260 2598 1340 2629 misi.
1371 2599 1485 2631 Cicero
1507 2601 1608 2638 misit,
1632 2602 1666 2632 ni
1690 2601 1796 2640 fallor,
1819 2603 1859 2634 si-

999 2650 1069 2680 mul
1092 2660 1168 2679 cuni
1190 2650 1251 2680 hac
1274 2651 1421 2691 epistola.
1451 2653 1569 2693 Neque
1592 2654 1682 2685 enim
1705 2655 1795 2695 prius
1818 2656 1859 2687 (10

999 2702 1050 2732 his
1074 2702 1171 2733 rebus
1195 2703 1375 2743 scripserat.

1043 2755 1139 2786 Illam
1157 2756 1322 2795 porticum.
1345 2757 1383 2788 P.
1408 2757 1542 2789 Clodius
1563 2759 1596 2790 in
1613 2770 1688 2791 area
1702 2761 1860 2793 Tulliana

999 2817 1066 2838 11011
1090 2813 1299 2839 exstruxerat
1320 2810 1496 2850 porticum,
1521 2812 1577 2842 sed
1598 2811 1779 2844 Libertatis
1797 2818 1860 2844 sta-

1001 2868 1093 2894 tuam
1116 2863 1156 2893 de
1179 2864 1266 2894 dom.
1291 2864 1350 2894 108
1374 2870 1406 2896 et
1429 2866 1497 2896 110.
1535 2865 1658 2898 Fuerat
1681 2871 1791 2898 autem
1819 2869 1859 2899 si-

1001 2915 1186 2945 mulacrum
1208 2926 1429 2948 marmoreum
1451 2918 1531 2948 olim
1554 2918 1587 2948 in
1617 2920 1767 2959 sepulcro
1795 2930 1860 2952 1110-

1001 2968 1126 3000 retricis
1149 2969 1362 3009 Tanagraeae
1384 2971 1538 3012 positum,
1563 2972 1642 3003 ibid.
1666 2973 1736 3003 111.
1770 2974 1861 3005 Hinc

1002 3027 1074 3052 orta
1096 3026 1143 3052 est
1165 3022 1339 3062 ingeniosa
1360 3024 1547 3055 coniectura
1576 3026 1602 3055 I.
1633 3025 1672 3056 F.
1701 3025 1860 3059 Gronovii

1003 3074 1197 3106 Ciceronem
1218 3075 1385 3116 scripsisse
1414 3076 1504 3107 illam
1532 3074 1661 3122 πόρνην
1696 3080 1747 3111 vel
1778 3080 1863 3111 illud

1003 3125 1197 3175 πορνίὃιον.

1586 3192 1675 3234 11÷÷

1877 959 1912 984 10

1877 1325 1911 1351 15
