2117 3533
746 162 853 203 Lsss.
888 161 962 202 IV.
997 162 1080 203 ΕΡ.
1119 164 1189 202 15.
1764 162 1845 200 191

89 315 155 341 5115
187 297 374 340 interciso
408 301 544 338 monte
576 296 619 337 in
653 297 738 337 Nar
773 295 935 347 defluit3
981 312 1027 337 ex
1071 312 1149 350 quo
1190 302 1250 337 est
1293 295 1362 337 illa
1408 296 1557 337 siccata
1599 300 1640 336 et
1686 294 1848 336 humida

89 378 222 414 tamen
254 369 409 411 modice
444 370 586 410 Rosea.
635 368 729 408 Vixi
763 383 856 409 cum
891 369 1008 419 Axio,
1055 369 1124 422 qui
1165 368 1285 409 etiam
1327 384 1389 409 me
1431 369 1480 409 ad
1524 370 1685 424 Septem
1729 382 1851 422 aquas

275 445 316 484 6.
351 442 470 483 Redii
503 443 672 483 Romam
706 441 864 482 Fonteii
899 457 1016 483 causa
1066 458 1097 483 a.
1132 442 1167 483 d.
1214 456 1290 483 vu.
1335 442 1434 483 Idus
1478 442 1620 493 Quint.
1664 441 1768 482 Veni
1810 441 1853 481 in

89 516 374 573 spectaculum,
409 514 583 569 primum
615 528 760 568 magno
795 518 834 554 et
868 513 1070 568 aequabili
1104 514 1248 569 plausu
1285 539 1341 543 —
1376 514 1445 555 sed
1479 513 1554 555 hoc
1589 529 1638 555 ne
1681 513 1852 564 curaris,

89 605 161 644 ego
194 590 370 644 ineptus,
406 587 476 641 qui
509 586 735 642 scripserim
771 611 842 636 —,
879 586 1023 628 deinde
1059 587 1303 642 Antiphonti
1337 603 1508 644 operam.
1560 588 1601 627 Is
1635 591 1719 627 erat
1763 590 1854 627 ante

89 661 357 703 manumissus
392 676 513 715 quam
546 660 779 715 productus
814 661 877 701 Ne
911 660 1065 702 diutius
1099 661 1287 716 pendeas,
1311 661 1484 716 palmam
1510 661 1615 701 tulit.
1652 661 1729 701 Sed
1752 660 1854 701 nihil

88 740 171 777 tam
203 734 408 790 pusillum,
443 732 546 773 nihil
579 736 662 773 tam
696 732 781 773 sine
818 747 925 783 voce,
961 733 1063 773 nihil
1097 738 1177 774 tam
1212 749 1364 775 verum.
1399 734 1511 775 Haec
1544 738 1591 774 tu
1622 739 1756 774 tecum
1787 733 1855 774 ha-

91 807 197 848 beto.
231 807 282 847 In
316 804 599 846 Andromacha
632 811 767 845 tamen
800 805 927 846 maior
960 805 1038 847 fuit
1071 822 1191 860 quam
1225 809 1445 862 Astyanax,
1480 807 1523 847 in
1557 807 1698 847 ceteris
1721 822 1855 861 parem

91 878 235 921 habuit
267 879 482 919 neminem.
517 878 688 929 Quaeris
721 893 830 918 nunc
865 878 912 919 de
946 878 1193 921 Arbuscula:
1229 880 1343 921 valde
1375 880 1538 936 placuit.
1573 880 1680 921 Ludi
1703 880 1856 934 magni-

93 953 156 994 fici
190 957 230 993 et
264 952 381 1006 grati.
428 952 601 992 Venatio
635 952 678 992 in
723 951 832 992 aliud
876 956 1034 1007 tempus
1077 953 1213 995 dilata.
1268 955 1306 995 7.
1349 955 1520 1008 Sequere
1561 969 1670 996 nunc
1712 968 1774 995 me
1814 954 1857 995 in

91 1040 290 1081 campum.
325 1024 452 1066 Ardet
493 1024 690 1076 ambitus3
734 1029 870 1082 σῆμα
906 1019 967 1068 δέ
995 1041 1071 1069 τοι
1108 1024 1236 1085 ἐρέω.
1291 1028 1425 1069 Fenus
1469 1044 1517 1069 ex
1559 1029 1704 1070 triente
1749 1027 1857 1068 Idib.

90 445 205 486 duxit
211 476 218 484 .

131 1189 151 1219 2
173 1188 268 1219 Rosia
290 1207 330 1210 —
353 1199 419 1219 cum
441 1188 534 1220 Axio.
562 1187 643 1229 Quin
667 1188 761 1219 eliam
785 1207 824 1210 ——
849 1188 867 1221 7
890 1188 974 1219 nihil
995 1191 1128 1221 (cmm...
1160 1189 1269 1221 Vernae
1293 1191 1370 1222 haec
1392 1209 1431 1212 —

92 1345 248 1376 ferentem
276 1347 317 1376 ad
346 1346 394 1376 M*
423 1345 562 1377 Curium
592 1346 786 1383 Dentatum,
819 1346 952 1378 Sabinis
976 1333 978 1375 1
1001 1356 1096 1391 rupto
1120 1351 1235 1381 sibilis.
1267 1351 1317 1382 Cf.
1341 1352 1447 1382 Kritz.
1478 1353 1518 1382 ad
1548 1351 1614 1382 Sal.
1646 1352 1719 1392 Ing.
1750 1354 1799 1389 43,
1832 1353 1858 1382 l.

90 1398 267 1428 oriundum
291 1397 415 1437 (Schol.
439 1404 519 1428 Orat·
542 1409 575 1438 p-
601 1397 696 1429 Sulla
726 1409 755 1439 P·
789 1399 850 1429 364
881 1399 952 1440 Or.)
977 1418 978 1462 1
1002 1404 1189 1444 Cogitando
1211 1405 1431 1445 sultq·›lendun1
1455 1407 1601 1445 &ceptus
1626 1415 1700 1436 sunl..

91 1452 202 1492 etqui
225 1452 259 1482 in
290 1451 422 1482 Sabinis
452 1452 536 1482 vixit
566 1451 653 1488 (Cic.
685 1453 726 1482 de
755 1452 858 1493 Repu.
888 1453 953 1484 ΠΙ.
977 1467 978 1509 1
1044 1457 1232 1497 ..qmzsspleomi
1253 1468 1387 1497 operam·
1434 1457 1562 1498 olm-am
1587 1458 1664 1488 dare
1687 1459 1785 1488 alicu,
1813 1465 1859 1489 est

90 1505 156 1545 40).
179 1505 407 1536 Mommsenus
431 1505 465 1535 in
489 1505 577 1536 Hist.
602 1505 697 1536 Rom.
720 1506 746 1537 Ι.
769 1517 798 1547 p.
815 1506 953 1537 2991100
1001 1510 1145 1550 aliquem
1169 1510 1281 1540 audire
1303 1510 1395 1541 Fam.
1426 1510 1508 1541 VII.
1540 1512 1566 1547 1,
1598 1513 1626 1541 3.
1658 1512 1790 1542 Ruhnk.
1820 1512 1859 1541 ad

92 1567 172 1598 opus
195 1558 302 1588 eidem
326 1558 479 1589 vindicat.
1004 1564 1080 1595 Ter.
1104 1564 1238 1594 Phorm.
1262 1564 1287 1594 Ι.
1312 1565 1340 1601 2,
1377 1565 1425 1595 12.
1462 1564 1614 1605 Antipho
1643 1569 1711 1596 erat
1732 1566 1859 1602 bisti-10,

133 1610 173 1641 In
195 1610 265 1641 Nar
287 1611 407 1652 defluit.
436 1612 514 1642 Tac.
537 1612 630 1643 Ann.
653 1613 680 1643 I.
705 1613 743 1645 79
765 1613 865 1643 habet
888 1623 952 1643 acc.

93 1664 219 1695 Narem.
244 1664 359 1695 Cicero
382 1665 409 1695 si
432 1666 559 1706 scripsit
580 1665 659 1703 Nar,
677 1667 765 1706 quod
781 1667 851 1697 cod.
865 1667 953 1697 Med.

93 1718 234 1759 praebet,
264 1723 393 1749 secutus
424 1724 471 1750 est
500 1730 597 1750 usum
627 1719 838 1757 Sabinorum,
868 1721 955 1761 apud

93 1782 175 1813 quos
198 1782 258 1802 nar
281 1777 329 1803 est
351 1772 493 1813 sulphor.
517 1772 566 1804 Cf.
591 1774 683 1804 Serv.
707 1775 747 1804 ad
765 1774 852 1805 Aen.
874 1774 953 1805 VII.

95 1830 155 1861 517
177 1828 321 1869 sulfurea
345 1829 414 1859 Nar
437 1829 527 1860 albus
549 1840 641 1870 aqua.

134 1882 245 1912 Rosea.
271 1897 283 1907 u
295 1882 401 1913 Rosea
425 1882 459 1912 in
483 1893 562 1923 agro
584 1883 726 1913 Reatino
749 1892 882 1923 campus
904 1893 956 1923 ap-

94 1937 245 1977 pellatur,
270 1938 357 1977 quod
378 1937 412 1967 in
440 1946 478 1967 eo
501 1947 577 1967 arva
606 1947 678 1968 rore
707 1938 846 1968 humida-
875 1947 957 1968 sem-

94 2001 151 2032 per
174 1993 284 2023 sunt.qq
306 1992 434 2023 Festus.
460 1993 632 2033 Vergilius
664 1993 751 2024 Aen.
784 1994 867 2024 VII.
898 1993 957 2025 712

93 2051 254 2076 memorat
275 2056 405 2087 quoque
428 2046 530 2077 Rosea
561 2057 639 2077 rura
676 2046 788 2077 Velini.
825 2048 957 2078 Nomen

94 2099 265 2139 antiquam
293 2099 434 2130 formam
469 2100 615 2137 retinuit,
653 2110 754 2140 quum
793 2106 905 2140 postea
941 2110 958 2130 a

95 2161 167 2183 rore
190 2153 350 2184 adiectiva
373 2154 578 2193 fingerentur
606 2162 715 2183 rorem
745 2158 775 2184 et
806 2153 959 2184 roscidus.

95 2204 272 2246 Hodieque
294 2206 351 2236 ille
375 2210 497 2236 tractus
521 2206 704 2246 appellatur
726 2206 756 2235 le
779 2205 901 2236 Roseie.

147 2256 218 2287 Vixi
240 2267 307 2288 cum
334 2257 425 2288 Axio.
449 2257 490 2296 Q.
511 2258 595 2288 Axii
610 2258 769 2288 senatoris
784 2258 865 2288 villa
880 2258 960 2288 Rea-

99 2312 171 2343 tina-
193 2311 234 2341 ad
255 2311 365 2341 lacum
388 2311 504 2342 Velini
526 2315 728 2342 memoratur
762 2312 847 2352 apud
876 2311 959 2341 Var-

102 2376 218 2398 ronem
242 2366 287 2397 1.1.
319 2366 385 2397 Pro
407 2366 481 2407 quin
504 2366 598 2397 etiam
622 2367 695 2397 dedi
717 2376 792 2396 cum
815 2367 906 2397 Man.
930 2372 961 2397 et

99 2420 216 2451 Lamb.
239 2419 291 2461 qui
314 2419 418 2457 etiam,
443 2420 532 2460 qnod
549 2419 807 2459 Wesenbergius
822 2421 961 2451 Emend.

99 2474 218 2515 Epistt.
240 2484 271 2514 p.
294 2474 354 2504 123
377 2473 452 2504 ideo
473 2474 598 2515 probat,
633 2475 721 2514 quod
745 2475 895 2513 gradatio
927 2474 961 2504 in

98 2527 150 2558 his
172 2526 215 2557 sit
236 2526 340 2557 nulla.
372 2524 482 2556 Vivere
503 2536 567 2556 cum
591 2526 697 2567 aliquo
720 2540 759 2554 z
782 2536 852 2557 esse
875 2527 962 2567 apud

100 2580 255 2621 aliquem.
279 2579 329 2611 Cf.
353 2578 398 2610 X.
422 2578 449 2615 7,
474 2580 503 2609 3.
526 2579 626 2610 XIV.
649 2580 697 2616 20,
721 2581 751 2610 4.

142 2633 196 2664 Ad
221 2635 335 2674 septem
366 2642 478 2674 aqua&
516 2633 781 2664 Alimnlacum
819 2634 852 2664 in
883 2642 963 2673 agro

102 2687 252 2724 Reatino,
275 2697 374 2728 quem
407 2686 505 2716 hodie
534 2691 653 2717 vocant
680 2687 752 2728 layo
781 2686 815 2717 di
845 2686 876 2717 S.
906 2685 962 2716 Sn-

99 2750 212 2778 smma,
245 2741 302 2772 ubi
332 2741 467 2771 fortasse
496 2740 607 2771 Axius
636 2740 735 2771 aliam
765 2741 881 2771 villam
909 2741 963 2771 ha-

100 2791 207 2823 bebat.
235 2791 319 2823 Sunt
351 2788 396 2824 τὰ
434 2788 522 2824 ἑπτὰ
559 2788 674 2825 ὕδατα
703 2793 856 2834 Dionysii
884 2793 963 2823 Hal.

101 2847 129 2878 I.
152 2848 201 2878 14.

143 2902 162 2941 ξ
185 2902 214 2932 6.
237 2900 361 2932 Fonteii
384 2911 490 2933 causa.
523 2901 618 2940 Quae
641 2902 740 2933 fuerit
761 2902 961 2943 ignoramus.

104 2955 244 2986 Temere
276 2955 437 2986 Corradus
468 2956 651 2996 suspicatur
678 2956 732 2987 hic
761 2957 965 2988 mentionem

102 3010 172 3041 fieri
204 3010 382 3051 I‘omplinii,
419 3011 476 3051 qui
505 3016 575 3042 tum
604 3012 735 3043 volebat
763 3011 965 3053 triumphare

104 3071 154 3102 ep.
177 3063 226 3099 16,
252 3064 300 3100 12,
325 3063 422 3103 (mihi
446 3063 496 3101 is,
518 3064 553 3103 4)
577 3067 607 3095 et
624 3064 676 3094 eui
692 3063 808 3095 Cicero
823 3064 964 3102 favebat,

108 3113 148 3152 Q.
171 3115 210 3146 fr.
232 3117 297 3147 III.
320 3117 349 3154 4,
374 3117 403 3147 6.

145 3168 310 3211 Aequabr'li
339 3170 459 3211 plausu
487 3181 522 3202 o:
552 3171 725 3209 constanti,
760 3181 827 3203 non
867 3171 966 3204 inter-

1002 1626 1100 1657 quem
1142 1617 1296 1647 dominus
1335 1617 1571 1648 manumiserat
1614 1623 1790 1658 antequam
1829 1618 1861 1648 in

1005 1680 1137 1701 scenam
1166 1670 1340 1710 prodierat,
1378 1671 1418 1701 de
1457 1670 1525 1701 eius
1561 1671 1682 1702 virtute
1721 1681 1862 1708 securus,

1002 1733 1105 1764 quum
1129 1729 1243 1753 contra
1264 1723 1335 1754 fieri
1358 1724 1486 1754 soleret.

1045 1776 1190 1807 Pendeas
1212 1787 1245 1807 0:
1270 1778 1389 1808 dubins
1413 1778 1864 1810 515.Ε11)011ῐο1·0100101000

1005 1832 1115 1868 verbo,
1139 1831 1196 1861 ubi
1223 1831 1395 1862 dubitandi
1418 1832 1486 1862 vim
1516 1832 1624 1870 habet,
1655 1834 1746 1864 addit
1775 1834 1864 1873 geni·

1005 1885 1110 1915 tivum
1133 1883 1239 1914 (mimi.

1046 1937 1139 1967 Nihil
1160 1939 1221 1967 tam
1246 1947 1361 1968 oerum.
1384 1938 1502 1968 Bosius
1515 1938 1598 1968 m'hz‘l
1619 1940 1680 1968 tam
1692 1962 1784 1969 ......
1813 1937 1865 1968 Ve-

1005 2000 1072 2020 rum
1095 1990 1173 2020 haec
1196 1996 1256 2021 cet.
1280 1990 1445 2028 distinxit,
1461 1991 1588 2031 aliquid
1603 1992 1753 2022 consulto
1770 1992 1865 2022 omis-

1006 2054 1078 2074 sum
1100 2050 1228 2084 putans.
1266 2044 1418 2085 Simplex
1442 2045 1475 2075 in
1500 2046 1628 2085 agendo
1651 2046 1770 2076 veritas
1798 2047 1865 2076 lau-

1006 2100 1077 2130 dari
1098 2100 1196 2130 debet
1219 2099 1273 2131 (cf.
1299 2100 1367 2131 Cic.
1392 2102 1484 2131 Brut.
1509 2101 1594 2142 116),
1619 2102 1674 2132 sed
1697 2107 1786 2132 actor
1802 2112 1866 2133 sce-

1006 2152 1111 2188 nicus,
1142 2152 1198 2192 qui
1227 2162 1359 2192 prorsus
1388 2158 1424 2183 ut
1462 2154 1581 2193 vulgus
1619 2154 1773 2194 loquitur,
1811 2155 1866 2195 qni

1007 2214 1193 2236 sermonem
1215 2215 1282 2235 non
1305 2206 1421 2236 decore
1443 2207 1586 2246 quodam
1615 2207 1745 2238 scenico
1774 2218 1867 2238 exor-

1007 2263 1073 2295 nat,
1097 2258 1143 2288 ita
1164 2267 1261 2288 verus
1285 2263 1332 2288 est
1355 2264 1387 2289 et
1417 2259 1487 2289 sine
1517 2264 1594 2296 arte,
1625 2265 1661 2290 ut
1689 2260 1867 2301 vituperari

1008 2321 1075 2341 non
1099 2311 1226 2342 laudari
1248 2312 1374 2342 debeat.
1424 2311 1474 2343 Cf.
1497 2312 1613 2350 Quint.
1636 2314 1663 2344 Ι.
1688 2313 1726 2345 Ο.
1749 2315 1794 2345 ΙΙ.
1818 2316 1867 2352 io,

1010 2365 1058 2395 13.
1082 2365 1181 2395 Recte
1196 2364 1404 2396 IVielamlus.
1439 2366 1466 2396 E
1482 2375 1571 2406 seqq.
1587 2367 1687 2397 maior
1695 2366 1766 2406 fuit
1778 2379 1867 2409 quam

1010 2417 1186 2458 -=lst4yana:c,
1211 2418 1268 2458 qui
1290 2428 1409 2458 parvus
1432 2429 1513 2459 puer
1542 2426 1619 2456 erat,
1651 2426 1783 2461 apparet
1809 2431 1868 2460 pa-

1009 2471 1114 2502 sillum
1138 2472 1203 2502 dici
1225 2473 1265 2503 de
1288 2472 1504 2513 Antiphontis
1527 2478 1661 2504 statura.

1052 2526 1143 2556 Haec
1176 2528 1210 2556 tu
1246 2528 1344 2556 tecm
1373 2527 1493 2558 habeto.
1526 2527 1618 2558 Fam.
1650 2528 1732 2560 VII.
1762 2530 1811 2566 25,
1841 2531 1869 2560 2.

1011 2580 1136 2611 Secreto
1157 2580 1235 2610 haec
1256 2580 1349 2610 audi:
1382 2583 1479 2611 tecum
1513 2581 1640 2613 habeto.-
1670 2592 1709 2613 ηε
1736 2584 1871 2623 Apellae

1009 2633 1129 2674 quidem
1150 2633 1280 2664 dixeris,

1053 2686 1094 2716 In
1118 2687 1232 2717 ceteris
1254 2697 1366 2726 parem
1396 2687 1504 2718 habuit
1532 2690 1692 2726 nemiuem,
1722 2700 1755 2720 a:
1786 2691 1872 2722 inter

1012 2747 1137 2772 ceteros
1159 2741 1335 2772 histriones
1357 2750 1455 2772 nemo
1478 2747 1547 2773 erat
1569 2748 1636 2772 tam
1657 2743 1807 2783 pusillus

1055 2795 1240 2832 Arbuscula,
1270 2795 1381 2833 mima,
1411 2796 1504 2827 cuius
1533 2797 1658 2828 dictum
1693 2799 1870 2838 superbum

1013 2849 1155 2880 servavit
1175 2849 1292 2880 Horat.
1315 2849 1381 2881 Sat.
1405 2851 1432 2880 Ι.
1456 2851 1504 2887 10,
1527 2851 1577 2883 76.

1061 2901 1203 2932 Veomtio.
1240 2902 1403 2934 Postridie
1438 2903 1532 2934 ludos
1561 2904 1774 2944 Apollinares
1803 2904 1873 2935 ficri

1015 2955 1149 2986 solebat.
1173 2955 1271 2986 XVI.
1293 2958 1323 2993 4,
1347 2957 1375 2986 1.

1059 3010 1076 3048 ξ
1100 3008 1127 3041 7.
1162 3008 1264 3039 Fenus
1298 3020 1336 3039 01·
1365 3009 1480 3041 triente
1502 3029 1543 3034 -—
1555 3011 1681 3051 saelum
1711 3015 1781 3043 erat
1813 3012 1874 3044 bes-

1016 3061 1109 3092 sibus.
1141 3061 1235 3092 Idem
1265 3068 1375 3093 narrat
1404 3063 1438 3093 in
1473 3073 1521 3104 ep.
1552 3064 1600 3101 15,
1628 3065 1675 3095 II.
1698 3067 1738 3096 ad
1761 3065 1803 3105 Q.
1826 3067 1874 3104 siu,

1019 3114 1129 3155 paucis
1159 3114 1276 3145 diebus
1306 3119 1381 3146 ante
1416 3115 1501 3147 hanc
1542 3117 1625 3155 data,
1663 3118 1714 3149 his
1749 3121 1873 3152 verbis:

992 3180 993 3183 ’
1019 3171 1158 3203 Ληιόἱίτιε
1180 3172 1263 3204 redit
1285 3172 1437 3203 summis.
1467 3172 1630 3215 Nunquam
1644 3173 1796 3214 [πήραν.
1825 3175 1876 3203 ld.

1878 965 1913 990 10
