2117 3533
758 154 866 196 LIB.
900 154 976 198 IV.

1009 153 1095 198 ΕΡ.
1132 157 1204 198 17.
1779 161 1863 202 201

103 305 226 345 quum
257 304 341 331 esse
374 288 479 331 facta
514 288 728 340 diceretur,
762 289 916 345 prolata
949 305 972 332 a
1004 290 1200 332 Memmio
1235 295 1295 332 est
1317 291 1550 334 nominibus
1571 292 1751 336 inductis
1776 309 1868 336 auc-

98 369 182 406 tore
214 361 423 418 Pompeio.
469 362 551 404 Hic
584 362 743 418 Appius
777 367 862 404 erat
894 363 1014 405 idem.
1052 364 1171 405 Nihil
1205 380 1298 406 sane
1333 365 1524 408 iacturae.
1569 366 1783 408 Corruerat
1815 368 1870 409 al-

102 441 176 487 ter,
222 440 262 477 et
302 435 435 490 plane,
475 436 655 490 inquam,
700 435 875 479 iacebat.
931 439 971 478 3.

100 508 226 550 invito
267 508 434 550 Calvino
477 508 594 563 plane
637 507 845 550 refrixerat
855 527 866 560 3
912 513 952 550 et

99 580 421 635 intelligebamus
471 581 789 622 enuntiationem
832 582 942 623 illam

1017 437 1235 479 Memmius
1278 442 1412 480 autem
1457 439 1655 495 dirempta
1698 440 1871 482 coitione

996 525 1041 550 eo
1084 510 1212 564 magis
1259 525 1368 551 nunc
1408 511 1475 552 hic
1518 512 1636 564 iacet,
1681 514 1871 569 quoniam

1001 583 1223 638 [Memmii]
1277 583 1391 624 valde
1437 584 1598 626 Caesari
1644 586 1869 641 displicere.

98 654 271 695 Messala
303 659 440 696 noster
476 659 517 696 et
550 655 636 696 eius
670 655 873 696 Domitius
908 656 1145 711 competitor
1177 655 1354 698 liberalis
1388 657 1431 698 in
1463 658 1612 713 populo
1636 659 1752 701 valde
1775 660 1868 702 fuit.

98 726 214 769 Nihil
246 727 414 781 gratius.
449 727 559 769 Certi
593 731 707 768 erant
740 728 938 770 consules.
973 730 1028 770 At
1061 734 1223 770 senatus
1257 728 1446 781 decrevit,
1481 735 1528 771 ut
1560 731 1729 773 tacitum
1763 733 1869 775 iudi-

138 892 159 921 4
180 900 263 922 nunc
284 892 301 930 †
322 890 390 931 coyi
411 890 611 922 alcedicatum
633 892 732 928 fluere
764 910 805 914 —
826 891 879 933 qui
900 891 963 923 iam
985 909 1026 915 -—
1053 894 1071 924 5
1096 893 1232 925 Memmii
1254 904 1322 926 non
1346 894 1520 927 seclusum.

95 1053 175 1087 tura,
199 1059 299 1090 quam
320 1051 478 1091 sperabat,
501 1050 564 1083 sibi
577 1052 746 1088 deficeret3
762 1052 819 1083 sed
833 1051 959 1092 prolata

1050 1051 1091 1083 Et
1113 1063 1149 1084 eo
1171 1052 1269 1095 mayis
1291 1063 1374 1085 nune
1403 1053 1454 1084 hic
1482 1054 1574 1092 iacet,
1604 1054 1750 1096 quoniam
1778 1055 1869 1087 intel-

96 1106 144 1134 est
165 1102 338 1134 nominibus
350 1103 533 1135 induetiso:
554 1104 681 1136 deletis.
707 1104 756 1136 Cf.
770 1104 840 1135 Att.
855 1104 956 1138 XIII,
1007 1105 1177 1147 liyebamus
1200 1106 1448 1138 enuntiationem
1470 1106 1558 1137 illam
1582 1107 1756 1149 [Memmii]
1775 1109 1869 1140 valde

96 1157 145 1194 14,
174 1157 202 1188 2.
234 1156 395 1188 Consules
433 1162 544 1189 autem
580 1167 618 1189 ea
653 1158 853 1194 deleverant,
888 1167 955 1187 non

95 1211 282 1249 Memmius,
305 1212 362 1253 qui
385 1212 425 1244 iis
447 1223 525 1244 sane
551 1223 682 1254 parcere
698 1213 843 1244 nolebat.
866 1213 956 1243 Male

95 1264 175 1295 haec
203 1265 437 1305 interpretatur
465 1265 602 1297 Reinius
632 1266 665 1296 in
700 1266 785 1296 libro
814 1266 855 1296 de
884 1265 954 1296 iure

94 1318 176 1359 priv.
199 1319 259 1350 Ro.
281 1330 311 1360 p.
336 1320 395 1350 326
417 1320 452 1350 in
467 1320 575 1351 adnot.
601 1334 614 1345 n
626 1320 681 1350 mit
687 1319 866 1361 salscklicli
878 1320 954 1350 oder

92 1370 266 1411 betriiylielc
289 1371 577 1413 eiuyeselzriebenen
597 1372 748 1403 Posteri.qq
771 1372 886 1403 Unmn
902 1382 952 1402 su-

92 1430 200 1464 perest
220 1425 455 1465 quaerendum,
479 1435 545 1466 quo
561 1430 757 1466 argumento
773 1426 951 1466 Pompeius

90 1479 287 1518 persuaserit
317 1479 488 1517 Memmio,
514 1484 547 1510 ut
577 1480 670 1510 illam
699 1480 885 1521 pactionem
916 1480 950 1511 in

91 1534 206 1561 senatu
229 1531 391 1562 recitaret.
421 1532 611 1572 Teltingius
640 1533 674 1563 in
704 1533 786 1573 disp.
816 1533 856 1563 de
890 1533 948 1564 cri-

91 1583 181 1614 mine
204 1583 347 1615 ambitus
370 1583 471 1615 Gron.
495 1585 585 1622 1854,
608 1595 639 1626 p.
664 1586 723 1616 153
742 1585 805 1616 1100
819 1586 950 1626 excogi-

92 1637 189 1668 tavit:
226 1651 240 1663 u
251 1637 428 1669 coitionem
451 1648 527 1669 cum
549 1639 741 1670 consulibus
774 1640 835 1680 ipsi
864 1639 949 1670 nihil

86 1689 307 1730 profuturam3
332 1700 436 1731 quum
459 1701 537 1723 vero
561 1692 781 1729 confiteretur,
798 1697 951 1724 senatum

87 1743 309 1784 populumque
331 1744 394 1775 sibi
424 1754 623 1785 propensum
651 1745 852 1783 habiturum,
886 1746 950 1777 Do-

87 1795 219 1826 mitium
240 1797 487 1837 competitorem
502 1798 542 1827 ab
556 1797 682 1829 honore
695 1798 859 1829 deiectum
876 1799 950 1829 iri.''

87 1847 213 1888 Tetigit
234 1848 266 1879 h.
290 1849 310 1880 l.
334 1849 373 1880 B.
398 1848 528 1890 Salpius
552 1849 585 1880 in
608 1849 693 1881 libro
716 1851 756 1881 de
771 1851 949 1882 novatione

87 1907 119 1933 et
139 1903 347 1943 delegatione
369 1913 432 1935 sec.
456 1904 516 1934 ius.
534 1904 606 1942 Ro„
619 1905 729 1935 Berol.
747 1905 837 1942 1864,
852 1916 882 1946 p.
898 1906 948 1936 94.

127 1956 191 1987 Hic
213 1957 333 1997 Appius
355 1960 424 1988 erat
448 1957 529 1988 idem
551 1968 584 1989 o:
616 1958 746 1999 Appius
769 1959 852 1990 alter
873 1970 948 1990 con-

88 2010 140 2041 sul
164 2021 231 2041 non
254 2011 525 2042 commovebatur
547 2011 698 2052 pactione
721 2012 857 2052 prolata.
888 2013 945 2043 Ni-

86 2062 134 2092 hil
153 2073 231 2093 saue
252 2062 398 2093 iacturae
421 2064 576 2103 ambigue
607 2064 732 2095 dictum
761 2069 822 2096 est.
859 2065 947 2097 Nam

86 2115 163 2147 licet
193 2116 246 2147 vel
276 2116 321 2146 ita
350 2116 576 2157 interpretari:
611 2116 644 2147 in
678 2118 883 2157 provinciam
913 2128 946 2150 se

86 2173 196 2199 tamen
227 2168 394 2199 abiturum
423 2168 562 2200 dicebat.
595 2169 637 2199 cf.
668 2170 709 2200 ad
739 2170 780 2208 Q.
813 2170 851 2201 fr.
881 2171 945 2201 ΙΙΙ.

86 2221 114 2258 2,
138 2221 167 2251 3.
188 2220 261 2251 Att.
283 2220 345 2251 IV.
370 2221 418 2258 18,
441 2222 470 2251 4.
493 2221 547 2252 vel
569 2221 631 2252 sic:
662 2232 728 2252 non
760 2222 870 2253 amisit
891 2233 946 2263 pu-

84 2274 207 2311 dorem,
231 2283 329 2314 quem
359 2285 426 2305 non
455 2275 608 2306 habebat.
643 2275 817 2306 Summam
846 2276 946 2308 fuisse

85 2327 187 2368 Appii
210 2327 448 2368 impudentiam
471 2328 614 2360 ostendit
647 2329 813 2367 Vatinius,
844 2340 946 2370 quum

87 2381 239 2412 Ciceroni
263 2381 427 2419 scriberet,
450 2381 543 2413 Fam.
568 2382 611 2413 V.
634 2383 682 2420 10,
706 2383 740 2414 2:
765 2383 799 2413 Si
821 2402 862 2406 —-
883 2384 945 2424 Ap-

78 2434 130 2475 pii
151 2444 184 2465 os
207 2434 349 2465 haberem
372 2453 413 2458 —-
435 2437 539 2466 tamen
562 2435 619 2467 hoc
633 2436 789 2467 sustinere
805 2447 867 2468 nou
875 2446 946 2477 pos-

83 2497 155 2518 sem.
179 2487 206 2517 Ι.
230 2486 268 2517 F.
289 2486 483 2524 Gronovius,
507 2488 563 2528 qui
585 2488 685 2519 verba
702 2488 764 2519 hoc
777 2490 876 2521 modo
891 2499 945 2521 ex-

84 2541 192 2582 plicat,
217 2541 388 2582 adscripsit
411 2551 495 2582 quae
529 2543 677 2573 Iustinus
708 2542 827 2581 XXII,
852 2544 868 2574 1
905 2545 945 2575 de

83 2596 270 2636 Agathocle
292 2596 421 2627 scribit:
446 2606 502 2627 nec
524 2596 558 2626 in
571 2596 717 2637 fortunis
747 2596 830 2638 quod
855 2597 945 2627 amatt-

84 2652 173 2687 teret,
198 2650 301 2680 necin
321 2650 506 2681 verecundia
527 2651 609 2692 quod
622 2651 814 2693 inquinaret,
830 2652 944 2683 habere

85 2702 260 2733 videbatur.

131 2758 300 2789 Coi-ruerat
322 2777 363 2781 -—
384 2758 508 2789 iacebat
530 2769 564 2790 o:
589 2759 671 2790 alter
691 2760 806 2791 consul
822 2761 861 2792 L.
878 2761 942 2792 Do-

84 2810 196 2842 mitius
229 2810 289 2841 hac
317 2810 415 2851 plaga
449 2811 594 2842 concidit
624 2815 655 2842 et
689 2812 943 2844 existimationis

84 2872 160 2894 suae
183 2863 342 2894 iacturam
365 2863 557 2902 gravissime
580 2863 722 2895 dolebat.

127 2917 146 2956 ξ
169 2917 199 2947 3.
221 2916 400 2956 Postquam
423 2915 518 2953 dixit,
533 2915 590 2956 qui
606 2915 705 2947 fuerit
719 2916 851 2948 habitus
868 2927 943 2948 con-

84 2970 195 3001 sulum
216 2974 289 3010 post
311 2968 497 3009 pactionem
519 2969 692 3009 prolatam,
715 2979 804 3000 nunc
826 2971 944 3003 transit

84 3024 125 3054 ad
146 3024 347 3055 candidatos.

1013 1158 1146 1190 Caesari
1167 1159 1345 1199 displicere.
1370 1161 1411 1191 In
1434 1161 1542 1192 verbis
1565 1162 1767 1202 refingendis
1790 1173 1866 1203 pau-

1006 1212 1074 1243 lum
1091 1213 1224 1244 discessi
1247 1224 1265 1244 a
1286 1214 1494 1246 Mommseno
1518 1215 1540 1245 l.
1554 1225 1580 1246 0.
1603 1226 1632 1256 p.
1650 1215 1700 1248 70.
1723 1216 1751 1247 E
1774 1217 1867 1248 codd.

1004 1270 1138 1297 notatur
1159 1268 1190 1296 et
1219 1276 1254 1297 eo
1286 1266 1385 1306 »iussis
1412 1277 1494 1297 nuuc
1522 1267 1645 1299 cociace
1675 1268 1867 1300 dictaturam

1004 1317 1122 1360 (Med.)
1145 1318 1211 1349 coci
1234 1329 1289 1350 ace
1311 1319 1464 1350 (liciatum
1497 1319 1563 1361 (Z),
1595 1330 1612 1352 e
1642 1321 1763 1361 quibus
1795 1322 1867 1353 ulti-

1002 1381 1095 1402 mum
1117 1371 1255 1403 dicatum
1278 1373 1331 1404 vel
1355 1373 1508 1403 dictatum
1532 1374 1588 1404 alii
1612 1375 1685 1405 loco
1701 1385 1866 1407 reservan-

1000 1424 1079 1454 dum
1104 1429 1163 1456 est.
1186 1424 1417 1457 Adiunximus
1440 1426 1549 1463 verba,
1574 1436 1658 1467 quae
1675 1433 1868 1469 supererant

1000 1478 1034 1508 in
1058 1478 1076 1517 ξ
1100 1478 1128 1515 6,
1153 1488 1203 1518 ep.
1230 1479 1268 1509 16
1291 1478 1345 1519 qui
1366 1479 1429 1509 iam
1451 1479 1707 1521 intelliqebamus
1729 1487 1788 1519 cet,
1808 1493 1867 1523 pro

998 1542 1063 1572 quo
1086 1532 1149 1563 ZM
1171 1532 1295 1563 habent
1316 1533 1400 1574 quod
1420 1533 1492 1564 iam.
1529 1534 1728 1566 Emendatio
1751 1542 1863 1568 nostra

999 1584 1126 1615 nemini
1149 1585 1303 1615 audacior
1332 1586 1507 1617 videbitur.
1554 1586 1668 1625 Quum
1697 1590 1862 1620 sententia

999 1637 1117 1668 misere
1139 1637 1294 1669 distracta
1317 1645 1410 1676 esset,
1431 1640 1647 1680 perspicuitas
1663 1642 1859 1681 postulabat,

998 1694 1036 1721 ut
1058 1689 1195 1720 Memmii
1218 1700 1339 1721 nomen
1363 1692 1545 1729 adderetur,
1561 1693 1650 1732 quod
1666 1703 1685 1724 a
1701 1693 1861 1726 Cicerone

998 1743 1097 1774 scribi
1119 1753 1187 1774 non
1209 1749 1346 1785 poterat.
1368 1763 1407 1767 —
1432 1744 1607 1776 Caesarem
1629 1750 1726 1777 antea
1755 1747 1859 1778 Mem-

999 1798 1065 1829 mio
1088 1797 1207 1829 favisse
1228 1799 1381 1829 novimus
1405 1809 1447 1830 ex
1470 1809 1519 1840 ep.
1544 1800 1592 1836 16,
1617 1800 1635 1829 6
1659 1804 1692 1831 et
1714 1801 1762 1838 15,
1788 1801 1816 1833 7.

1039 1850 1116 1881 Eius
1146 1850 1302 1881 Domitius
1331 1851 1521 1891 competitor.
1557 1851 1646 1883 Ordo
1682 1853 1858 1884 verborum

997 1904 1185 1935 defenditur
1206 1905 1246 1935 iis
1269 1905 1359 1942 locis,
1384 1915 1466 1945 quos
1489 1905 1679 1945 Madvigius
1703 1905 1763 1946 Op.
1794 1906 1855 1937 Ac.

996 1967 1025 1996 p.
1049 1955 1109 1988 170
1127 1956 1293 1994 indicavit,
1316 1957 1419 1988 Arch.
1435 1958 1453 1987 6
1470 1957 1601 1988 Metello
1620 1957 1672 1988 illi
1689 1957 1856 1989 Numidico

996 2010 1026 2039 et
1049 2008 1116 2039 eius
1138 2009 1197 2040 Pio
1209 2009 1294 2049 filio,
1316 2011 1410 2041 Brut.
1433 2010 1472 2041 98
1494 2009 1620 2040 Servius
1638 2010 1749 2048 Galba,
1768 2010 1856 2041 cuius

997 2062 1071 2092 Caio
1090 2062 1168 2100 silio,
1193 2062 1323 2095 Cluent.
1357 2064 1395 2094 25
1427 2063 1561 2094 Aurium
1590 2065 1622 2094 et
1652 2063 1720 2094 eius
1746 2065 1854 2095 (Iccium

983 2115 1102 2154 filium.
1132 2115 1262 2154 Quibus
1285 2116 1435 2147 addimus
1458 2116 1502 2147 N.
1524 2116 1565 2147 D.
1588 2117 1655 2147 III.
1678 2118 1718 2148 39
1741 2117 1801 2148 Iuo
1823 2119 1854 2148 et

994 2168 1061 2199 eius
1083 2168 1298 2200 Palaemonem
1312 2169 1429 2209 filium,
1453 2170 1531 2201 ibid.
1559 2171 1600 2200 48
1629 2170 1705 2211 quid
1720 2170 1854 2201 Medeae

994 2221 1221 2261 respondebis?
1244 2241 1285 2244 —
1307 2221 1383 2262 quid
1403 2221 1496 2252 liuius
1518 2221 1652 2262 Absyrto
1665 2221 1801 2261 fratri?

1036 2276 1190 2306 Liberalis
1211 2276 1245 2306 in
1272 2276 1388 2316 populo
1418 2285 1445 2305 v.
1465 2275 1548 2315 fuit.
1578 2276 1714 2307 Frustra
1736 2277 1852 2308 Lamb.

994 2330 1073 2361 Ern.
1103 2329 1179 2361 Sch.
1209 2330 1243 2360 iu
1264 2331 1414 2370 populum
1446 2329 1643 2361 desiderant.
1687 2330 1853 2361 Absolute

993 2383 1059 2414 dici
1080 2388 1201 2424 potest:
1225 2383 1369 2414 Messala
1390 2382 1536 2414 liberalis
1559 2382 1629 2413 fuit.
1652 2383 1727 2413 Hoc
1745 2382 1852 2423 magis

993 2436 1157 2473 definitur,
1181 2436 1208 2467 si
1231 2436 1362 2467 additur
1379 2435 1421 2473 id,
1438 2435 1472 2466 in
1489 2445 1554 2476 quo
1571 2435 1751 2466 liberalitas
1765 2445 1852 2476 spec—

994 2494 1061 2520 tata
1084 2494 1140 2527 est,
1163 2489 1197 2520 iu
1216 2489 1339 2530 populo.
1377 2489 1427 2520 Cf.
1450 2488 1576 2520 Handii
1599 2490 1695 2520 Turs.
1725 2489 1790 2520 III.
1821 2499 1852 2530 p.

993 2544 1052 2573 291
1069 2552 1158 2584 seqq.
1173 2543 1323 2584 Seyffert.
1335 2543 1376 2574 ad.
1391 2543 1485 2574 Lael.
1500 2553 1531 2583 p.
1548 2542 1618 2580 273,
1635 2543 1693 2574 sed
1707 2543 1853 2575 maxime

992 2597 1141 2628 Kritzius
1163 2598 1204 2627 ad
1226 2596 1294 2627 Sal.
1318 2596 1388 2628 Cat.
1422 2597 1450 2633 9,
1481 2597 1509 2633 2,
1541 2596 1598 2636 qui
1626 2596 1852 2628 diversitatem

991 2651 1087 2682 liuius
1110 2650 1364 2682 constructionis
1387 2650 1428 2681 ab
1452 2650 1554 2681 altera
1576 2654 1671 2681 acute
1699 2650 1852 2681 ostendit.

992 2704 1033 2734 In
1057 2704 1218 2744 exemplis
1242 2704 1283 2734 ab
1305 2713 1343 2735 eo
1375 2703 1484 2734 allatis
1513 2707 1561 2734 est
1591 2712 1695 2733 unum
1724 2702 1852 2733 similli-

991 2768 1083 2788 mum
1106 2762 1219 2789 nostro
1243 2757 1316 2788 loco
1337 2758 1378 2788 de
1401 2756 1465 2789 Off.
1488 2757 1515 2787 I.
1538 2757 1596 2787 42:
1622 2755 1674 2797 qui
1695 2755 1772 2786 ciliis
1802 2766 1853 2786 no-

991 2815 1072 2851 cent,
1095 2815 1130 2843 ut
1151 2813 1186 2843 in
1208 2812 1284 2843 aliis
1306 2812 1454 2843 liberates
1469 2812 1543 2842 sint.
1567 2811 1728 2843 Usitatior
1742 2816 1851 2844 tamen

991 2872 1038 2899 est
1067 2867 1280 2905 accusativus,
1309 2876 1408 2908 quem
1437 2867 1517 2897 ibid.
1547 2867 1587 2897 52
1615 2875 1730 2897 omnes
1758 2867 1852 2897 codd.

991 2926 1125 2952 tuentur
1147 2921 1181 2952 in
1204 2921 1330 2952 verbis:
1346 2920 1497 2961 facultas
1517 2919 1569 2957 sit,
1591 2929 1653 2960 qua
1675 2918 1709 2949 in
1729 2920 1852 2950 nostros

990 2973 1085 3004 simus
1107 2973 1264 3005 liberales.

1038 3027 1125 3059 Certi
1147 3029 1239 3059 erant
1263 3027 1415 3058 consuler.
1448 3026 1505 3057 Ad
1528 3026 1569 3064 Q.
1598 3024 1637 3055 fr.
1666 3025 1731 3056 III.
1770 3025 1799 3062 2,
1829 3027 1848 3056 3

126 3076 288 3107 Memmius
310 3096 351 3100 —
378 3077 473 3117 plane
503 3076 677 3117 refrioeerat
707 3086 740 3107 o:
774 3091 787 3103 υ
797 3076 940 3109 Omnem
993 3080 1144 3112 Domitius
1166 3090 1233 3112 eum
1256 3079 1396 3111 Messala
1419 3081 1522 3110 certus
1544 3086 1610 3109 esse
1631 3077 1804 3109 videbatur.

84 3140 174 3171 spem
196 3131 387 3162 consulatus
410 3130 559 3171 potiundi
583 3130 769 3162 amiserat.”
793 3131 872 3162 Ern.

1035 3133 1174 3164 Tacitum
1201 3132 1359 3172 iudicium,
1395 3132 1483 3174 quod
1522 3141 1684 3172 nusquam
1719 3136 1846 3172 praeter
