2117 3533
681 177 791 219 LIB.
824 177 876 218 V.
910 177 996 219 ΕΡ.
1032 178 1104 218 11.
1141 179 1212 218 12.
1737 176 1819 216 227

64 314 167 356 nihil
199 313 359 354 dixeris.
392 314 543 369 Accepi
576 311 826 363 fasciculum,
860 312 904 353 in
938 327 1016 366 quo
1049 316 1134 353 erat
1167 310 1335 366 epistola
1368 310 1495 351 Piliae
1505 328 1517 361 3
1545 309 1709 360 abstuli,
1734 324 1824 364 ape-

64 388 140 437 rui,
173 387 252 441 legi
262 405 274 437 3
320 387 434 428 valde
469 387 616 441 scripta
649 391 709 426 est
753 385 1054 442 συμπαθῶς.
1107 384 1325 426 Brundisio
1371 399 1471 438 quae
1515 383 1592 424 tibi
1633 383 1824 438 epistolae

63 460 242 502 redditae
276 464 371 500 sunt
403 460 488 501 sine
520 474 621 510 mea,
657 463 744 499 tum
777 459 964 499 videlicet
996 459 1123 508 datas,
1159 472 1283 512 quum
1317 471 1390 511 ego
1422 472 1485 497 me
1518 472 1599 498 non
1626 456 1728 498 belle
1755 456 1825 497 ha-

63 532 211 574 berem.
255 533 362 573 Nam
393 532 503 572 illam
536 532 562 575 †
594 524 917 589 νομανὸρίαν
949 531 1248 572 excusationem
1281 545 1332 570 ne
1366 529 1578 584 acceperis.
1629 530 1735 571 Cura
1779 534 1825 570 ut

63 607 196 648 omnia
229 605 365 656 sciam,
401 605 470 647 sed
502 605 674 646 maxime
706 609 754 645 ut
785 604 931 646 valeas.

103 777 121 808 3
143 775 240 807 datae
260 794 302 800 -
323 777 343 806 4
364 777 381 815 †
401 771 658 821 νομανανδρίαν
699 792 729 796 -

63 938 94 959 v.
116 927 243 964 abstuli,
265 927 354 967 quod
376 926 522 957 malitiae
546 926 716 958 notionem
738 927 845 957 habet.
877 927 917 957 In
939 924 942 965 Ι
965 925 1067 955 eebat.
1111 923 1198 954 Nam
1220 923 1309 964 quod
1331 923 1365 954 in
1388 927 1541 964 promptu
1572 927 1621 954 est
1648 923 1825 954 rescribere

63 981 132 1012 cod.
156 980 245 1011 Med.
269 986 300 1011 et
321 979 417 1020 Hisp.
440 979 598 1019 scriptum
621 985 669 1011 est
691 979 798 1011 attuli.
828 980 919 1010 Num

63 1033 146 1065 forte
168 1032 363 1073 legendum:
388 1031 432 1062 ad
455 1030 620 1062 Tulliam?

105 1083 310 1131 συμπαθῶς,
339 1084 375 1115 Si
398 1084 485 1115 Pilia
506 1085 655 1116 dolorem
673 1094 770 1116 suum
785 1085 842 1115 alii
857 1085 919 1125 sig-

64 1140 227 1177 nificabat,
250 1139 318 1170 eius
341 1136 565 1182 συμπαθείαν
580 1138 742 1176 movebat,
757 1138 828 1179 ipsa
842 1148 920 1170 vero

64 1203 131 1224 non
154 1196 224 1223 erat
245 1188 447 1236 συμπαθής,
472 1191 529 1222 sed
550 1188 724 1236 ἐμπαθὴς,
750 1196 781 1222 et
803 1191 919 1223 scribe-

65 1245 119 1279 bat
141 1242 320 1289 ἐμπαθῶς.
344 1245 396 1275 Ita
417 1245 650 1284 corrigendum
672 1254 800 1276 censeo.

104 1300 177 1332 Tam
201 1301 344 1332 videlicet
367 1301 472 1331 datas.
506 1301 672 1332 Revocavi
702 1302 791 1333 Med.
822 1302 918 1342 scrip-

61 1359 175 1390 turam,
200 1353 259 1384 etsi
283 1352 398 1385 Cicero
420 1364 486 1384 non
511 1353 576 1384 alio
600 1353 672 1384 loco
703 1354 837 1394 antiqua
858 1354 919 1384 hac

60 1407 302 1438 constructione
333 1417 408 1437 usus
437 1407 575 1443 videtur,
614 1416 678 1447 qua
715 1407 918 1438 accusativus

60 1459 184 1500 regitur
206 1470 225 1490 a·
247 1460 349 1490 verbo
371 1458 486 1496 videre,
510 1459 599 1499 quod
621 1459 654 1489 in
677 1458 824 1490 videlicet
843 1470 919 1491 con-

59 1513 191 1545 tinetur.
213 1513 253 1544 Id
275 1512 443 1544 Gronovio
467 1518 499 1544 et
520 1511 662 1544 Graevio
685 1522 814 1554 quoque
850 1513 918 1555 pla-

664 1631 766 1672 XII.

965 977 1062 1007 dalae
1084 987 1152 1008 non
1174 976 1253 1008 facit
1287 977 1494 1008 tolerabilem
1523 976 1732 1014 sententiam,
1762 976 1826 1007 nisi

967 1031 1064 1062 addas
1086 1032 1170 1061 sunt.

1006 1077 1027 1121 †
1053 1078 1264 1127 νομανδρίαν
1290 1082 1533 1113 excusationem.
1565 1081 1680 1113 Posuit
1703 1081 1826 1119 Cicero,

966 1141 1092 1181 opinor,
1123 1141 1269 1181 aliquam
1299 1150 1415 1172 vocem
1444 1140 1613 1178 Graecam,
1644 1151 1728 1182 quae
1757 1141 1828 1172 vul-

966 1203 1089 1233 garem,
1113 1194 1276 1232 usitatam,
1301 1194 1557 1235 occupationum
1579 1195 1828 1226 excusationem

966 1245 1137 1277 indicaret.
1188 1245 1285 1278 Certe
1325 1256 1392 1277 non
1435 1247 1563 1287 scripsit
1599 1244 1825 1292 νομανὸρίαν,

970 1311 1030 1333 1166
1057 1302 1159 1332 ullam
1183 1312 1297 1334 vocem
1327 1313 1344 1333 a
1373 1303 1494 1334 criticis
1522 1304 1627 1335 adhuc
1657 1305 1828 1344 prolatam.

967 1352 1003 1384 Si
1034 1354 1203 1394 quaeritur
1238 1355 1372 1396 aliquid,
1411 1357 1499 1396 quod
1534 1357 1682 1397 intelligi
1717 1358 1828 1397 possit,

968 1407 1028 1437 etsi
1058 1407 1192 1447 longius
1225 1418 1243 1438 a
1281 1408 1433 1438 ductibus
1469 1409 1536 1439 illis
1574 1409 1745 1440 literarum
1782 1419 1828 1441 re-

968 1459 1062 1496 cedit,
1105 1460 1281 1491 scribatur:
1318 1460 1399 1491 Nam
1436 1460 1526 1492 illam
1547 1461 1694 1506 νομαίαν
1711 1459 1829 1508 τριβῆς

967 1516 1200 1548 exeusationem
1222 1528 1261 1548 ne
1282 1518 1452 1557 acceperis.

833 1633 898 1685 (A.
940 1632 985 1672 U.
1024 1633 1066 1673 c.
1105 1633 1221 1687 703.)

124 1757 163 1797 1.
198 1756 419 1811 Negotium
468 1771 658 1811 magnum
702 1761 762 1797 est
806 1757 993 1813 navigare
1038 1763 1157 1812 atque
1201 1758 1243 1799 id
1287 1773 1422 1801 mense
1471 1759 1661 1811 Quintili.
1708 1762 1827 1803 Sexto

59 1830 123 1871 die
158 1830 303 1871 Delum
336 1830 508 1871 Athenis
542 1830 743 1872 venimus.
778 1830 915 1872 Pridie
950 1832 1089 1873 Nonas
1123 1831 1298 1884 Quintil.
1333 1848 1355 1873 a
1388 1832 1553 1874 Piraeeo
1587 1833 1634 1874 ad
1668 1834 1828 1875 Zostera

60 1907 178 1944 vento
210 1903 392 1955 molesto,
428 1904 497 1958 qui
531 1918 605 1945 nos
638 1903 790 1945 ibidem
836 1904 968 1946 Nonis
1012 1905 1159 1946 tenuit.
1205 1908 1256 1947 A.
1290 1906 1330 1947 (1.
1365 1919 1464 1948 VIII.
1509 1906 1608 1949 Idus
1653 1907 1702 1948 ad
1748 1908 1827 1949 Ceo

59 1975 249 2017 iucunde.
294 1976 395 2018 Inde
429 1978 607 2033 Gyarum
641 1993 757 2019 saevo
793 1984 924 2029 vento,
959 1994 1041 2020 non
1075 1979 1255 2031 adverso,
1301 1979 1397 2021 hinc
1430 1981 1586 2035 Syrum,
1621 1980 1715 2021 inde
1749 1980 1827 2021 De·

60 2049 158 2100 lum,
201 2054 371 2108 utroque
419 2050 552 2101 citius,
609 2065 730 2105 quam
784 2051 989 2103 vellemus,
1041 2066 1202 2093 cursum
1260 2052 1516 2094 confecimus.
1581 2053 1668 2094 Iam
1720 2054 1826 2094 nosti

61 2118 300 2180 ἄφρακτα
334 2122 583 2164 Rhodiorum
593 2141 604 2174 3
651 2122 767 2175 nihil,
810 2123 917 2179 quod
962 2124 1095 2165 minus
1139 2124 1306 2166 fluctum
1347 2124 1447 2166 ferre
1487 2126 1627 2180 possit.
1683 2126 1826 2180 Itaque

61 2200 146 2237 erat
176 2196 220 2237 in
253 2195 385 2237 animo
418 2195 521 2236 nihil
554 2195 755 2246 festinare,
790 2211 864 2237 nec
898 2211 959 2237 me
994 2196 1094 2237 Delo
1129 2212 1300 2247 movere,
1335 2197 1413 2238 nisi
1448 2198 1582 2239 omnia
1615 2194 1825 2256 ἁκρωτη-

104 2370 121 2400 5
147 2370 272 2410 Scyrum
293 2388 334 2393 —
357 2371 376 2400 8
397 2370 478 2402 Delo
500 2380 556 2402 nec
577 2381 696 2403 movere
718 2390 759 2394 —

105 2528 124 2567 ξ
148 2527 176 2557 1.
210 2527 263 2558 Ad
296 2527 436 2565 Zostera,
471 2528 604 2561 Atticae
640 2531 918 2570 promontorium,

64 2579 149 2611 inter
175 2579 325 2611 Athenas
355 2587 387 2612 et
415 2580 568 2612 Sunium.
611 2582 702 2613 Hinc
733 2583 842 2624 pergit
880 2584 921 2614 ad.

64 2632 206 2663 insulam
242 2631 313 2670 Ceo,
348 2632 404 2664 Gr.
441 2633 528 2674 Κέω,
562 2634 638 2666 inde
669 2634 816 2676 Gyarum,
851 2640 921 2666 tum

64 2688 181 2729 Syrum.
211 2689 262 2720 Ita
284 2689 374 2720 enim
394 2689 574 2730 legendum
596 2700 673 2727 esse,
697 2701 764 2721 non
786 2690 922 2730 Scyrum,

64 2753 147 2783 quae
169 2742 277 2773 insula
305 2743 420 2783 procul
450 2743 491 2773 ab
520 2743 646 2775 oriente
674 2744 830 2775 Euboeae
859 2744 922 2775 sita

64 2797 244 2828 multorum
266 2796 394 2828 dierum
416 2797 590 2828 intervallo
613 2808 632 2828 a
653 2797 762 2838 Gyaro
785 2803 817 2829 et
838 2798 923 2829 Delo

65 2850 172 2888 distat,
195 2860 294 2882 nemo
317 2851 503 2882 admonitus
525 2852 674 2891 negabit.
694 2852 849 2883 Errorem
870 2853 923 2883 de-

66 2904 151 2936 texit
165 2905 328 2943 Moserus,
342 2904 459 2945 Symb.
475 2904 554 2936 Crit.
571 2905 604 2936 in
621 2905 725 2937 Cicer.
739 2906 782 2936 V.
798 2916 829 2946 p.
846 2906 861 2936 1
876 2915 922 2946 sq.

107 2957 251 2988 Fluctum
275 2957 379 2997 ferre.
414 2957 576 2989 Similiter
611 2958 703 2990 Caes.
735 2959 773 2989 B.
797 2958 835 2989 G.
859 2959 923 2989 ΠΙ.

68 3009 116 3047 13,
146 3011 164 3040 9
193 3010 320 3051 scripsit
349 3012 559 3051 tempestatem
584 3010 687 3050 ferre,
722 3011 800 3042 Tac.
831 3011 924 3042 Ann.

69 3063 115 3094 H.
137 3063 166 3100 6,
190 3073 288 3104 quem
311 3063 530 3096 Schneiderus
561 3064 607 3094 ibi
636 3064 791 3102 laudavit,
802 3064 924 3105 fluetus

67 3117 216 3149 tolerare.

966 2527 1054 2559 dices
1084 2533 1117 2559 et
1145 2527 1306 2558 editiones
1335 2532 1470 2565 veteres,
1501 2532 1614 2569 estque
1643 2529 1740 2570 plane
1771 2540 1826 2563 ne-

966 2582 1153 2613 cessarium.
1194 2581 1278 2619 Quis
1302 2582 1391 2612 enim
1414 2592 1534 2613 movere
1555 2583 1764 2616 intransitive
1786 2586 1827 2616 (16

963 2634 1189 2675 proficiscente
1206 2633 1314 2664 dixit?
1338 2633 1426 2671 Delo,
1444 2645 1462 2665 a
1477 2635 1619 2667 librariis
1639 2637 1724 2669 male
1752 2643 1828 2670 ante

966 2697 1022 2718 nec
1055 2687 1263 2724 collocatum,
1299 2687 1448 2719 Faernus
1489 2689 1619 2727 delevit,
1643 2690 1828 2723 Lambinus

967 2742 1177 2782 transposuit.
1216 2742 1294 2772 Vid.
1332 2741 1550 2783 Wesenberg.
1599 2744 1761 2776 Emendd.
1796 2756 1827 2787 p.

967 2795 1006 2825 38
1041 2804 1088 2834 sq.
1120 2794 1177 2835 qui
1206 2799 1292 2825 recte
1321 2795 1451 2826 videtur
1486 2805 1607 2836 negare
1636 2797 1718 2828 Delo
1753 2808 1828 2829 cum

966 2847 1075 2877 verbis
1104 2847 1187 2876 nihil
1199 2846 1363 2886 festinare
1385 2848 1543 2888 coniungi
1573 2859 1677 2889 posse.
1720 2851 1830 2883 Aliter

968 2900 1078 2931 visum
1100 2904 1170 2931 erat
1192 2901 1240 2931 Io.
1262 2900 1318 2931 Fr.
1340 2900 1521 2932 Gronovio.

1010 2950 1082 2981 Nisa·
1123 2951 1229 2982 omnia
1264 2949 1485 2997 ἀκρωτηρίων
1529 2949 1628 2999 οὔρια
1674 2955 1830 2987 vidissem.

971 3006 1145 3038 Vocabula
1173 3006 1298 3039 Graeca
1336 3013 1422 3040 recte
1459 3008 1693 3050 interpretatur
1730 3011 1831 3044 Erne-

973 3065 1057 3092 stu‘s:
1081 3060 1171 3100 siyna
1194 3060 1350 3092 secundae
1373 3063 1567 3102 tempestatis
1590 3074 1628 3094 ex
1650 3064 1777 3095 vatillis
1798 3065 1831 3096 in

963 3115 1113 3158 sastiyiis
1140 3115 1265 3147 navium
1301 3118 1333 3146 et
1371 3116 1538 3148 domorum.
1579 3119 1703 3150 Mureti
1736 3117 1785 3159 (V
1787 3131 1832 3151 ar.

111 3170 177 3201 Nec
198 3181 244 3202 me
265 3171 346 3203 Delo
366 3182 494 3203 movere.
518 3172 706 3220 Pronomen
729 3172 851 3204 habent
873 3182 923 3203 co·
973 3169 1064 3200 Lect.
1088 3168 1185 3199 XIV.
1211 3168 1275 3208 11),
1306 3169 1455 3200 Tin-nebi
1478 3170 1635 3209 (Advcrs.
1659 3172 1832 3203 XXVIII.

1558 3224 1647 3266 15÷÷
