2117 3533
695 156 803 197 LIB.
838 156 889 196 V.
922 157 1008 198 ΕΡ.
1043 157 1116 197 19.
1153 156 1224 197 20.
1755 155 1841 195 239

79 291 218 342 nuisti,
252 295 299 332 ut
321 290 552 346 gauderem.
585 291 692 332 Nam
715 290 816 331 mihi
839 290 883 331 in
903 294 1077 331 mentem
1097 305 1181 331 non
1203 292 1380 330 venerat.
1414 289 1510 330 Non
1532 287 1664 339 credo,
1688 286 1838 341 inquis.

81 365 138 406 Ut
169 365 292 416 libet3
327 364 395 406 sed
427 364 544 419 plane
578 363 747 418 gaudeo,
783 363 972 418 quoniam
995 361 1053 406 τὸ
1077 364 1291 420 νεμεσᾷν
1310 363 1477 403 interest
1499 362 1586 404 τοῦ
1604 360 1836 417 φθονεῖν.

80 553 171 585 fendi
193 562 260 584 non
282 557 398 593 potest.
435 551 471 583 Si
493 552 574 582 haec
598 561 640 582 ex
661 550 767 582 Attici
798 551 936 591 epistola

80 611 310 648 repeterentur,
335 606 450 637 Cicero
466 605 648 646 scripsisset
665 607 828 642 certasset,
846 615 935 635 1111110

80 662 120 692 (10
143 671 202 692 5110
225 661 347 691 addens
372 661 412 691 de
435 669 470 691 re
494 659 628 690 biennio
651 664 726 690 ante
750 658 834 690 facta
850 659 935 699 plus-

79 713 361 755 quamperfectum
389 712 561 743 indicativi
590 712 691 752 ponit.
725 711 774 743 Cf.
799 711 937 742 Wesen-

84 767 173 807 berg,
196 767 336 797 Emend.
363 776 395 806 p.
424 766 463 796 28
493 775 539 805 sq.
562 783 604 788 —-
625 764 749 795 Sor-oris
775 766 849 794 taae
868 763 938 804 filii

78 823 214 861 patruus
236 825 285 852 est
306 820 375 861 ipse
401 818 526 850 Cicero.
548 819 672 850 Iisdem
694 819 802 849 verbis
827 828 861 849 se
886 819 937 849 de-

83 873 196 904 scribit
218 873 280 904 VI.
294 874 322 910 8,
335 874 363 910 3,
385 877 418 903 et
431 872 501 912 pari
517 872 614 902 modo
630 871 713 901 ludit
730 870 827 901 XVI.
844 871 891 908 14,
907 872 938 901 4.

127 925 279 966 Quoniam
307 921 346 958 τὸ
373 924 516 970 νεμεσᾴν
546 922 678 953 ‘interest
708 924 768 955 τοῦ
797 922 936 968 φθονεῖν

83 992 116 1014 o:
139 982 297 1024 quoniam
321 981 504 1024 indignatio
526 981 624 1013 distat
639 981 680 1012 ab
695 981 829 1013 invidia.
853 979 937 1013 Gau-

982 551 1037 582 det
1059 550 1161 590 igitur
1182 550 1298 590 magis,
1322 549 1411 590 quod
1439 549 1544 580 honos
1574 558 1641 579 non
1671 548 1705 579 in
1735 547 1840 587 indig-

982 613 1064 634 num
1086 602 1225 633 collatus
1250 607 1327 639 erat,
1352 611 1451 642 quam
1475 601 1554 641 quia
1570 610 1613 631 ex
1627 600 1722 631 Hirri
1739 600 1842 640 aegri-

982 656 1096 686 tudine
1119 656 1327 696 voluptatem
1348 654 1560 695 percipiebat.
1584 652 1636 684 Cf.
1655 652 1841 693 Malaspina

983 710 1023 740 ad
1046 710 1078 740 h.
1101 710 1124 740 l.
1147 728 1189 732 —-
1211 709 1386 740 Praeterea
1409 708 1603 744 notandum,
1626 707 1714 748 quod
1736 717 1767 737 v.
1796 706 1843 736 ia-

982 764 1099 793 teresse
1139 772 1214 793 cum
1253 761 1396 793 secundo
1435 770 1512 791 casu
1548 759 1772 799 coniungitur,
1807 763 1844 790 ut

982 814 1098 846 Graeci
1132 815 1239 846 solent
1273 815 1381 846 dicere
1411 809 1580 858 διαφέρειν
1619 823 1723 852 τινος,
1754 814 1844 853 quod

982 876 1054 912 apte
1079 872 1280 912 comparavit
1301 871 1456 902 Handius
1479 871 1513 901 in
1536 870 1671 901 Euchir.
1694 870 1760 900 stili
1780 870 1841 900 La-

981 924 1043 955 tini
1066 935 1096 965 p.
1121 924 1190 956 147.
1212 924 1364 956 Fortasse
1389 923 1504 955 Cicero
1527 923 1656 964 scripsit
1681 918 1842 966 ὃιοὶφερει,

982 984 1013 1012 et
1035 980 1167 1011 interest
1190 980 1328 1012 debetur
1350 979 1531 1020 interpreti.

695 1099 785 1140 XX.
851 1099 917 1152 (A.
959 1098 1003 1140 U.
1043 1100 1084 1139 O.
1124 1099 1240 1153 703.)

149 1227 188 1266 1.
223 1224 502 1267 Saturnalibus
535 1240 650 1266 mane
678 1240 718 1265 se
741 1223 841 1265 mihi
865 1223 1162 1265 Pindenissitae
1187 1224 1442 1274 dediderunt,
1472 1224 1641 1279 septimo
1664 1230 1704 1266 et
1727 1225 1844 1280 quin-

82 1298 313 1353 quagesimo
347 1298 424 1349 die,
459 1303 671 1353 postquam
704 1312 935 1353 oppugnare
969 1313 1034 1339 eos
1069 1298 1287 1352 coepimus‘.
1321 1298 1418 1349 Qui,
1454 1297 1623 1339 malum!
1658 1298 1727 1339 isti
1749 1299 1844 1340 Pin-

81 1372 323 1413 denissitae?
358 1371 426 1424 11111
460 1371 578 1412 sunt}>
611 1370 790 1424 inquies:
826 1385 972 1411 nomen
1007 1370 1145 1411 audivi
1177 1386 1398 1424 nunquam.
1430 1370 1540 1422 Quid
1574 1386 1647 1425 ego
1670 1370 1845 1412 faciam?

81 1460 178 1487 num
210 1445 324 1501 potui
359 1444 541 1486 Ciliciam
574 1444 774 1484 Aetoliam
808 1448 877 1485 aut
910 1443 1193 1485 Macedoniam
1226 1443 1416 1485 reddere?
1450 1443 1540 1484 Hoc
1573 1444 1654 1484 iam
1687 1444 1743 1485 sic
1776 1444 1845 1485 ha-

80 1517 187 1569 beto,
221 1533 294 1559 nec
328 1518 402 1558 hoc
434 1517 612 1558 exercitu
647 1518 749 1571 (nec)
784 1517 849 1558 hic
873 1522 987 1558 tanta
1009 1517 1171 1572 negotia
1193 1517 1278 1571 geri
1295 1516 1484 1572 potuisse.
1519 1516 1632 1568 Quae
1651 1532 1845 1572 cognosce

84 1588 138 1635 ἐν
174 1588 393 1647 ἐπιτομῇ.
432 1590 497 1631 Sic
530 1590 637 1631 enim
671 1590 856 1631 concedis
889 1590 989 1630 mihi
1022 1589 1214 1645 proximis
1247 1589 1388 1631 literis.
1423 1589 1630 1645 Ephesum
1664 1593 1710 1630 ut
1730 1605 1846 1631 vene-

83 1665 157 1705 rim
191 1665 310 1715 nosti,
346 1663 415 1718 qui
448 1663 568 1704 etiam
602 1662 701 1704 mihi
734 1662 958 1717 gratulatus
992 1678 1032 1704 es
1066 1663 1175 1705 illius
1209 1662 1289 1704 diei
1324 1661 1611 1714 celebritatem,
1647 1677 1725 1718 qua
1743 1662 1846 1704 nihil

124 1829 143 1859 2
165 1828 301 1868 Septimo
323 1830 353 1858 et
376 1826 613 1869 quadr-aymam
636 1826 687 1857 die
709 1845 749 1849 —
773 1827 791 1857 6
814 1827 953 1858 excercitu
976 1827 1026 1857 bic
1049 1845 1089 1849 —-

124 1975 142 2014 ξ
166 1974 194 2004 1.
220 1973 456 2005 Saturnalibus,
479 1972 670 2004 Saturnalia
693 1978 770 2002 tunc
793 1971 935 2011 ageban-

81 2035 135 2061 tur
156 2030 197 2060 ab
220 2039 247 2060 a.
271 2029 301 2059 d.
324 2028 413 2059 XIV
437 2028 478 2058 ad
500 2027 573 2058 XII
596 2027 672 2057 Kal.
698 2027 769 2057 Ian.
793 2036 850 2067 per
873 2032 937 2057 tres

81 2083 168 2119 dies;
199 2082 235 2114 S.
264 2081 367 2122 prima
399 2086 557 2111 memorat
585 2079 702 2111 Livius
740 2079 857 2110 XXX.
887 2078 938 2116 36,

80 2134 218 2166 secunda
248 2133 315 2166 Cic.
346 2134 416 2165 Att.
447 2133 548 2163 XIII.
581 2133 629 2169 52,
661 2132 688 2169 1,
719 2131 816 2162 tertia
853 2131 938 2162 infra

81 2190 100 2229 ξ
122 2190 151 2219 5.
175 2188 355 2229 Postquam
377 2187 497 2218 Caesar
526 2196 651 2216 annum
680 2185 823 2216 correxit
845 2185 940 2216 duos-

81 2251 144 2282 que
166 2241 235 2272 dies
268 2240 374 2271 mensi
403 2239 578 2270 Decembri
608 2237 734 2274 adiecit,
765 2242 860 2268 sexto
887 2238 940 2268 de-

79 2295 166 2325 cimo
195 2295 252 2325 dic.
277 2293 437 2325 celebrari
466 2297 582 2333 coepta
612 2296 696 2322 sunt.
731 2290 807 2321 Vid.
837 2290 939 2321 Macr.

81 2347 150 2379 Sat.
174 2347 201 2378 Ι.
226 2347 274 2384 10,
298 2347 327 2377 2.
349 2365 390 2368 —
411 2345 461 2376 De
484 2343 674 2375 Pindenissi
692 2343 937 2384 oppugnatione

83 2400 135 2431 cfl'.
159 2400 315 2441 epistolae
338 2400 379 2430 ad
401 2398 551 2430 Caelium
575 2397 682 2438 (Fam.
705 2398 749 2427 II.
774 2397 821 2433 10,
846 2398 879 2435 3)
910 2402 941 2428 et

80 2455 121 2485 ad
145 2453 308 2485 Catonem
339 2452 434 2493 (ibid.
465 2452 545 2482 XV.
575 2453 604 2488 4,
635 2451 699 2492 10),
730 2451 786 2482 ubi
816 2450 940 2481 deditio

78 2511 131 2542 die
153 2509 286 2551 septimo
310 2508 559 2550 qainqaccyesinzo
583 2507 669 2538 faeta
692 2517 761 2538 esse
779 2512 939 2537 narratur.

79 2565 174 2596 Ideni
196 2564 258 2595 hoc
281 2564 353 2594 loco
378 2572 395 2594 e
420 2563 509 2593 Med.
534 2561 671 2598 restitui,
695 2571 796 2602 quum
817 2561 851 2591 in
868 2561 940 2591 aliis

78 2618 205 2658 septime
230 2619 259 2647 et
283 2616 522 2658 qaadraqesz'mo
551 2615 603 2646 die
632 2616 710 2646 urbs
740 2615 851 2646 dedita
880 2620 941 2646 tra-

79 2672 184 2702 datur.
221 2671 308 2701 Nam
338 2671 365 2701 si
395 2670 480 2700 illud
511 2669 668 2710 oppidum
698 2673 829 2709 captum
859 2678 886 2698 a.
910 2668 941 2698 d.

81 2725 179 2757 XIV.
202 2725 281 2755 Kal.
303 2725 375 2754 Ian.
398 2724 467 2754 dies
484 2723 623 2754 XLVII
638 2727 867 2763 oppugnatum
883 2726 939 2758 est,

80 2777 263 2818 oppugnari
279 2781 432 2816 coeptum
448 2781 496 2806 est
512 2776 616 2815 pridie
632 2775 708 2805 Kal.
725 2775 811 2805 Nov.
833 2774 941 2814 Atqui

80 2830 195 2862 Cicero
211 2840 238 2861 a.
255 2830 286 2860 d.
303 2830 358 2860 III
372 2830 422 2860 Id.
440 2828 511 2860 Oct.
526 2829 636 2859 hostes
652 2828 730 2858 vicit
745 2828 779 2858 in
795 2828 938 2865 Amano,

79 2885 111 2916 11.
135 2894 184 2925 01).
207 2884 225 2924 ξ
249 2885 278 2914 3.
310 2883 402 2914 Fam.
434 2882 514 2913 XV.
544 2884 573 2919 4,
606 2884 623 2912 S
657 2888 689 2913 et
718 2886 790 2922 post
819 2882 939 2922 quatri-

85 2939 187 2969 duum
210 2937 243 2967 in
267 2937 451 2977 diripiendo
475 2941 506 2967 et
535 2936 694 2966 vastando
722 2935 857 2966 Amano
886 2944 940 2975 po—

79 2991 189 3028 situm,
213 2996 249 3021 ut
273 2990 385 3020 scribit
407 2989 501 3020 Fam.
523 2989 545 3020 l.
568 2999 595 3019 c.
620 2989 638 3019 9
661 2988 715 3019 vel
744 2992 817 3028 post
846 2988 940 3028 quin-

80 3057 144 3088 que
167 3047 246 3084 dies,
276 3052 312 3078 ut
342 3046 456 3077 scribit
485 3046 526 3076 ad
555 3045 628 3076 Att.
659 3044 680 3075 1.
715 3054 752 3080 0.,
785 3054 819 3074 o:
851 3054 879 3074 a.
909 3044 940 3074 d.

80 3100 171 3132 XVI
193 3101 245 3131 vel
270 3100 339 3130 XV
361 3100 438 3130 Kal.
461 3099 547 3130 Nov.
577 3098 760 3129 exercituin
790 3098 830 3127 ad
862 3097 939 3127 Pin-

79 3153 247 3186 denissum
269 3152 416 3183 adduxit.
439 3151 578 3183 Diei-um
603 3150 693 3182 XIV
716 3150 769 3180 vel
790 3149 870 3186 XV,
885 3149 940 3190 qui

987 1971 1083 2002 illum
1105 1973 1193 2003 diem
1216 1982 1235 2003 a
1257 1972 1334 2002 Kal.
1356 1971 1443 2009 Nov,
1467 1976 1628 2012 separant,
1649 1972 1742 2002 nulla
1758 1981 1847 2003 men-

987 2026 1033 2056 tio
1055 2027 1092 2057 fit
1114 2036 1175 2058 1100
1198 2026 1231 2056 111
1255 2026 1373 2057 itinere
1396 2025 1545 2056 consumi
1574 2032 1763 2066 potuerunt.
1799 2027 1847 2057 At

987 2079 1014 2109 si
1043 2078 1282 2119 oppugnationi
1313 2078 1505 2109 tribuuntur
1533 2079 1602 2109 dies
1630 2079 1744 2115 LVII,
1777 2079 1846 2109 eius

986 2132 1119 2163 initium
1143 2132 1259 2163 incidit
1281 2132 1314 2163 in
1339 2142 1367 2162 a.
1391 2133 1423 2163 d.
1450 2132 1522 2163 XII
1544 2133 1621 2163 Kal.
1643 2133 1729 2163 Nov.
1754 2138 1785 2163 et
1801 2142 1847 2163 re-

987 2194 1059 2214 rum
1082 2194 1193 2215 cursus
1224 2184 1347 2225 optime
1377 2185 1535 2225 procedit.
1573 2184 1738 2216 Similiter
1767 2184 1846 2215 iudi-

987 2239 1080 2270 cabat
1101 2238 1271 2270 Gruberus
1294 2239 1315 2269 1.
1338 2249 1366 2269 0.
1389 2249 1420 2279 p.
1444 2239 1492 2270 12.

1028 2292 1158 2324 Malam.
1188 2293 1247 2323 Est
1280 2293 1479 2324 exclamatio
1508 2293 1712 2333 indignantis
1742 2292 1844 2332 (Gall.

979 2347 1117 2386 pestes),
1147 2356 1232 2386 quae
1253 2346 1322 2377 vim
1354 2346 1443 2377 addit
1473 2346 1669 2387 quaestioni.
1702 2345 1751 2378 Cf.
1784 2345 1847 2378 Off.

986 2399 1032 2430 II.
1057 2400 1106 2429 53.
1130 2399 1226 2430 Verr.
1250 2399 1277 2429 I.
1301 2401 1328 2436 5,
1353 2400 1382 2429 4.
1406 2399 1563 2430 Aliorum
1587 2399 1785 2439 scriptorum
1804 2399 1847 2429 lo-

986 2463 1040 2484 005
1063 2453 1230 2493 congessit
1252 2452 1441 2484 Ochsnerus
1465 2453 1498 2483 in
1522 2452 1593 2483 Eel.
1617 2453 1708 2483 Tull.
1728 2463 1758 2493 p.
1776 2452 1848 2485 377.

1031 2504 1115 2545 Quid
1134 2516 1189 2546 eqo
1202 2504 1357 2545 faciam?
1391 2505 1549 2535 Ernestus
1573 2509 1605 2535 et
1626 2504 1782 2535 Handius
1813 2505 1846 2535 in

987 2559 1080 2590 Turs.
1105 2559 1152 2589 II.
1175 2569 1206 2599 p.
1228 2558 1289 2591 457
1313 2559 1477 2589 scribunt:
1505 2557 1589 2598 Quid
1609 2558 1711 2599 eryo?
1740 2559 1848 2589 deleto

977 2613 1112 2653 jaciam.
1135 2613 1201 2644 Sed
1223 2613 1308 2643 nihil
1331 2613 1529 2643 mut-andum
1551 2617 1614 2649 est;
1634 2612 1769 2652 vulgata
1786 2612 1847 2652 sig-

987 2667 1113 2698 nificat:
1142 2678 1213 2697 mam
1243 2678 1310 2698 mea
1339 2667 1431 2707 calpa
1461 2666 1537 2697 est?
1574 2666 1736 2697 Similiter
1771 2676 1848 2697 usus

988 2725 1035 2750 est
1058 2720 1230 2761 Vergilius
1254 2719 1396 2751 faciendi
1419 2719 1520 2751 verbo
1543 2719 1577 2749 in
1601 2719 1672 2749 Eel.
1696 2719 1724 2749 I.
1748 2729 1778 2749 v.
1797 2720 1847 2749 41.

991 2772 1078 2809 Quid
1088 2773 1261 2813 facerem?

1028 2827 1093 2857 Nec
1115 2828 1172 2857 boe
1193 2826 1334 2857 exercita
1357 2835 1413 2856 nee
1441 2825 1501 2856 bie.
1530 2825 1686 2856 Alterum
1715 2834 1772 2854 aec
1801 2824 1847 2854 in-

987 2880 1074 2911 serui
1093 2889 1110 2910 e
1125 2884 1213 2910 certa
1227 2878 1430 2910 correctione
1448 2877 1689 2917 Wesenberg—ii,
1708 2877 1849 2907 Emend.

986 2943 1017 2973 1).
1050 2932 1110 2962 113
1140 2942 1187 2972 sq.
1214 2931 1317 2962 Tanta
1341 2941 1373 2961 o:
1406 2935 1530 2971 quanta
1560 2930 1641 2960 olim
1670 2929 1848 2959 maioribus

988 2976 1187 3016 exercitibus
1210 2984 1245 3015 in
1267 2982 1404 3015 Aetolia
1426 2987 1458 3014 et
1481 2982 1514 3013 in
1538 2981 1734 3013 Macedonia
1758 2985 1850 3022 gesta

987 3044 1074 3070 sunt.

1031 3091 1219 3122 Gratulatus
1247 3101 1280 3122 es
1304 3109 1343 3114 —-
1367 3090 1589 3121 celebritatem.
1626 3089 1717 3121 Ante
1746 3088 1848 3120 Mala-

987 3146 1116 3187 spinam
1139 3145 1278 3178 edebant
1301 3144 1494 3182 celebritate,
1519 3144 1608 3185 quod
1631 3148 1678 3175 est
1701 3144 1734 3174 in
1758 3143 1846 3175 Med.
