2117 3533
734 189 841 230 LIB.
875 189 950 230 IV.
986 188 1071 230 ΕΡ.
1109 190 1179 228 16.
1750 185 1834 224 195

80 327 188 368 niam
220 324 263 366 in
295 323 465 378 singulis
497 323 610 364 libris
644 326 735 363 utor
767 322 994 377 prooemiis,
1028 327 1074 363 ut
1108 321 1344 363 Aristoteles
1376 320 1420 361 in
1452 320 1517 371 iis,
1552 332 1651 374 quos
1674 314 1836 369 ἐξωτε-

81 393 249 456 ρικοὺς
281 399 410 446 vocat,
445 395 597 450 aliquid
631 395 798 444 efficere,
844 399 891 435 ut
923 410 1003 435 non
1038 395 1123 435 sine
1165 409 1285 435 causa
1329 393 1452 434 istum
1493 392 1754 447 appellarem3
1796 390 1838 431 id

81 469 186 525 quod
219 467 400 521 intelligo
433 467 510 508 tibi
553 467 722 522 placere.
778 467 944 507 Utinam
988 467 1107 508 modo
1148 471 1290 508 conata
1332 467 1484 507 efficere
1525 465 1692 521 possim!
1739 465 1839 505 Rem

80 543 200 592 enim,
235 540 341 594 quod
374 545 413 581 te
446 555 528 581 non
563 539 681 594 fugit,
717 554 903 594 magnam
936 540 1167 595 complexus
1201 554 1289 580 sum
1323 543 1363 579 et
1394 553 1555 593 gravem
1596 542 1636 578 et
1676 536 1839 593 plurimi

79 614 165 664 otii,
200 628 277 668 quo
310 627 382 667 ego
416 612 586 653 maxime
619 627 731 666 egeo.
768 614 809 652 3.
844 612 963 663 Quod
996 612 1039 652 in
1072 611 1122 652 iis
1155 610 1284 663 libris,
1320 625 1418 664 quos
1450 609 1605 661 laudas,
1631 626 1839 666 personam

81 686 282 727 desideras
316 686 542 737 Scaevolae,
577 701 658 727 non
692 700 779 726 eam
812 689 959 726 temere
993 685 1144 726 dimovi
1154 703 1165 736 3
1201 684 1269 725 sed
1303 684 1398 725 fecit
1419 683 1526 724 idem
1549 683 1592 724 in
1615 681 1840 743 πολιτείᾳ

79 759 178 800 deus
211 759 278 799 1110
310 763 445 800 noster
478 759 608 800 Plato.
659 759 796 810 Quum
830 759 873 799 in
906 758 1117 800 Piraeeum
1151 759 1332 799 Socrates
1375 756 1550 798 venisset
1593 756 1643 798 ad
1687 756 1841 811 Cepha-

79 833 176 883 lum,
209 831 447 887 locupletem
481 836 521 873 et
554 832 738 872 festivum
776 846 924 882 senem,
948 831 1079 886 quoad
1102 831 1254 886 primus
1276 830 1343 871 ille
1368 845 1495 871 sermo
1517 828 1704 880 habetur,
1729 829 1842 870 adest

80 906 122 946 in
155 904 397 960 disputando
431 920 565 956 seneX,
601 904 745 946 deinde
779 920 903 959 quum
936 905 1021 960 ipse
1056 920 1214 959 quoque
1248 902 1567 945 commodissime
1600 902 1760 943 locutus
1784 917 1841 942 es-

80 982 153 1029 set,
188 978 238 1020 ad
270 993 352 1019 rem
386 977 564 1020 divinam
599 978 699 1019 dicit
732 994 772 1019 se
806 978 905 1019 velle
924 977 1127 1019 discedere
1145 993 1275 1032 neque
1298 981 1436 1033 postea
1452 976 1679 1018 revertitur.
1713 975 1842 1016 Credo

79 1051 288 1093 Platonem
320 1051 387 1093 vix
419 1056 579 1107 putasse
614 1051 710 1092 satis
744 1066 966 1093 consonum
1000 1051 1097 1102 fore,
1134 1051 1167 1092 si
1201 1051 1405 1092 hominem
1437 1049 1480 1090 id
1514 1050 1655 1091 aetatis
1688 1049 1731 1090 in
1760 1053 1843 1090 ‘tam

79 1125 199 1180 longo
233 1139 410 1166 sermone
444 1125 598 1166 diutius
631 1125 878 1167 retinuisset.
925 1124 1058 1166 Multo
1092 1140 1165 1179 ego
1199 1125 1327 1179 magis
1360 1124 1436 1165 hoc
1477 1122 1578 1164 mihi
1620 1121 1843 1163 cavendum

81 1199 220 1254 putavi
252 1198 295 1239 in
329 1198 530 1248 Scaevola,
566 1198 635 1252 qui
670 1203 709 1239 et
743 1202 873 1240 aetate
906 1202 947 1238 et
980 1197 1211 1239 valetudine
1245 1201 1330 1238 erat
1363 1211 1422 1247 ea,
1459 1211 1537 1250 qua
1578 1210 1662 1237 esse
1706 1194 1844 1236 memi-

78 1270 188 1321 nisti,
224 1275 264 1311 et
295 1270 345 1311 iis
378 1268 614 1320 honoribus,
650 1274 696 1310 ut
730 1270 795 1311 vix
837 1269 933 1311 satis
975 1269 1163 1310 decorum
1206 1269 1410 1310 videretur
1454 1284 1545 1309 eum
1584 1268 1719 1324 plures
1760 1267 1845 1307 dies

76 1359 159 1384 esse
192 1343 235 1384 111
270 1343 402 1384 Crassi
435 1341 677 1383 Tusculano.
725 1343 779 1383 Et
813 1347 898 1383 erat
930 1342 1049 1397 primi
1082 1341 1176 1383 libri
1211 1356 1338 1383 sermo
1372 1356 1453 1382 non
1487 1341 1641 1382 alienus
1675 1356 1697 1381 a
1731 1342 1845 1381 Scae-

77 1416 189 1458 volae
225 1416 384 1457 studiis.
434 1415 594 1470 Reliqui
625 1414 720 1456 libri
752 1431 801 1458 τε
802 1413 1086 1475 χνολογίαν
1120 1414 1286 1465 habent,
1321 1419 1368 1455 ut
1400 1414 1491 1456 scis.
1535 1414 1646 1455 Huic
1679 1414 1706 1457 †
1738 1414 1846 1454 iocu-

79 1489 246 1530 latorem
280 1502 415 1529 senem
448 1487 576 1538 illum,
610 1491 656 1528 ut
688 1503 819 1538 noras,
853 1488 1045 1529 interesse
1079 1503 1173 1529 sane
1207 1487 1334 1528 nolui.
1379 1490 1420 1528 4.
1444 1487 1504 1528 De
1526 1502 1567 1528 re
1586 1486 1714 1528 Piliae
1739 1486 1845 1542 quod

115 1655 136 1684 4
157 1647 397 1697 Ἀριστοτέλης
419 1673 459 1677 —-
481 1655 499 1685 6
513 1654 583 1695 feci
625 1654 716 1693 idem,
746 1654 828 1696 quod
848 1654 880 1685 in
904 1665 944 1687 π.
970 1674 1009 1678 -
1032 1656 1051 1686 8
1074 1654 1242 1685 haberetur
1271 1673 1287 1677 -
1342 1654 1381 1685 12
1413 1653 1518 1685 Multo
1545 1655 1562 1691 †
1592 1663 1646 1693 eqo
1676 1653 1779 1685 satius
1808 1671 1849 1675 —

75 1709 114 1741 16
135 1710 341 1741 ioculatorem
364 1710 434 1741 sine
464 1710 586 1741 indicio
608 1711 823 1751 corruptelae.

118 1844 249 1882 Conata,
286 1854 352 1875 non
390 1844 530 1880 conatus,
575 1843 775 1884 scripserunt
807 1843 962 1893 Caesar&

75 1897 258 1934 Cornelius,
282 1896 432 1927 Velleius
456 1896 536 1926 loeis
559 1896 700 1927 laudatis
724 1897 758 1927 in
791 1897 867 1928 adn.
897 1898 937 1927 ad

1029 1844 1209 1876 Consonum.
1231 1845 1306 1876 Hoc
1329 1855 1396 1876 uno
1420 1844 1494 1875 1000
1513 1844 1547 1875 111
1566 1843 1736 1875 Ciceronis
1753 1843 1849 1883 scrip-

961 1919 963 1937 ,
987 1900 1028 1931 tis
1051 1910 1109 1940 pro
1142 1910 1190 1937 eo,
1220 1900 1308 1940 quod
1338 1904 1452 1940 aptum
1482 1903 1531 1930 est
1563 1903 1595 1930 ct
1624 1898 1727 1936 (10001,
1758 1897 1849 1929 inve-

74 1949 213 1989 Reisigii
235 1948 372 1981 Scholas
398 1949 468 1980 133.

116 2002 134 2041 ξ
158 2002 188 2032 3.
210 2000 297 2032 Fecit
320 2000 401 2031 idem
416 2001 450 2031 in
468 1996 625 2033 πολιτεία
636 2019 677 2023 -
692 2000 799 2032 Plato.
815 2000 939 2042 Scripsi

75 2056 263 2087 admonitus
286 2066 304 2087 a
328 2056 516 2087 Buchelero
546 2056 648 2096 (Mus.
677 2057 785 2088 Rhen.
816 2056 880 2088 XI.
908 2067 938 2098 p.
962 2062 964 2070 ¹

78 2109 166 2148 519).
188 2109 230 2140 In
253 2109 344 2140 Med.
368 2113 417 2140 est
430 2108 501 2149 feci
523 2109 614 2146 idem,
640 2110 729 2149 quod
758 2115 795 2141 ut
823 2109 939 2141 retine-

77 2168 150 2194 rent
171 2162 312 2194 editores
337 2162 547 2194 inseruerunt
570 2163 660 2204 quod.
692 2163 840 2194 Facilius
874 2174 941 2194 una

78 2215 173 2246 litera
196 2224 215 2245 T
238 2215 414 2252 intercidit,
440 2225 541 2256 quani
564 2216 766 2246 vocabulum
788 2215 877 2257 quod.

118 2267 204 2298 Deus
225 2267 282 2298 ille
306 2269 411 2298 noster
434 2267 541 2298 Plato.
576 2268 728 2299 Audacia
751 2268 942 2309 appellatio-

79 2324 131 2355 nis
153 2323 325 2364 mitigatur
347 2324 387 2355 de
409 2324 452 2355 N.
476 2324 515 2355 D.
540 2325 586 2355 Π.
609 2326 649 2355 32
672 2325 838 2356 audiamus
864 2324 942 2355 Pla.

78 2379 190 2414 tonem,
212 2376 302 2418 quasi
325 2378 477 2419 quendam
492 2378 592 2409 Deum
602 2378 868 2419 philosophorum.
891 2378 941 2410 Cf.

79 2431 226 2462 Ellendt.
249 2432 290 2461 ad
313 2430 380 2462 Cic.
403 2433 443 2463 (10
467 2431 558 2464 Orat.
582 2433 609 2463 I.
636 2433 706 2463 106.

125 2483 238 2523 Quoad
258 2502 298 2506 —
320 2483 461 2522 hahetur,
483 2484 583 2515 adest.
619 2485 660 2516 In
683 2485 812 2526 scriptis
835 2486 942 2517 editis-

80 2546 144 2577 que
178 2537 271 2567 libris
301 2541 349 2568 est
379 2537 556 2575 haberetur,
587 2538 676 2578 quod
705 2543 868 2578 repugnat
896 2549 943 2569 ra—

81 2590 164 2620 tioni
186 2596 218 2621 et
240 2590 315 2621 usui
338 2590 509 2622 sermonis.
534 2590 584 2622 Cf.
608 2592 648 2622 (10
671 2591 753 2631 Leg.
777 2592 843 2622 ΙΙΙ.
867 2593 887 2622 4
909 2592 945 2622 z‘d

79 2643 113 2673 in
137 2653 171 2674 re
186 2654 222 2683 p.
244 2645 354 2674 nostra
378 2645 509 2675 maxime
531 2644 643 2682 valuit,
666 2645 770 2686 quoad
799 2645 828 2675 ee]
857 2656 944 2686 reyn-

82 2752 136 2781 vat
160 2769 199 2773 ——
221 2750 343 2788 debeat,
366 2752 405 2782 (10
429 2750 492 2783 Off.
515 2752 543 2782 I.
566 2752 586 2782 2
608 2751 730 2782 tamdiu
752 2752 833 2783 velle
854 2752 945 2783 debe-

82 2803 138 2842 biS,
160 2803 264 2846 quoad
285 2806 315 2834 te
338 2823 378 2828 ——-
400 2815 462 2836 non
477 2805 662 2845 poenitebit.

129 2858 226 2898 Quum
255 2877 296 2881 —
325 2858 565 2890 commodissime
594 2859 717 2889 locutus
739 2861 819 2890 esset
842 2868 876 2890 o:
901 2860 947 2891 ita

85 2912 222 2949 locutus,
245 2916 282 2942 ut
305 2916 478 2953 oporteret.
502 2911 557 2943 Sic
580 2913 620 2943 de
643 2912 698 2943 Or.
729 2912 757 2943 1.
787 2913 846 2943 231
878 2913 947 2943 lau-

86 2965 179 2996 datur
207 2965 360 2996 commode
395 2965 513 3006 scripta
544 2966 657 3002 oratio,
694 2975 777 3006 quae
808 2971 877 2998 erat
906 2967 947 2997 acl

86 3028 217 3050 causam
239 3025 323 3061 apta,
348 3020 444 3051 Verr.
477 3019 541 3050 IV.
570 3020 608 3050 95
641 3020 762 3051 Siculis
793 3020 949 3051 tribuitur

87 3073 214 3113 aliquid
243 3074 345 3105 facete
375 3079 406 3105 et
435 3074 590 3104 commode
618 3073 733 3104 dicere.
767 3074 807 3104 In
848 3074 948 3106 Corn.

87 3125 171 3166 Nep.
193 3127 293 3167 praef.
315 3127 439 3158 saltare
463 3125 614 3158 commode
637 3131 684 3158 est
707 3130 780 3166 apte
810 3126 851 3158 ad
881 3136 948 3157 mo-

87 3177 146 3208 dos
168 3178 310 3210 musicos
331 3178 468 3210 moveri.

962 1988 964 2002 k
988 1954 1087 1984 nitur.

1028 2005 1132 2036 Multo
1154 2023 1196 2028 —
1218 2005 1327 2046 maqis.
1361 2005 1401 2035 In
1426 2005 1497 2035 cod.
1519 2004 1616 2044 Hisp.
1638 2008 1675 2034 ut
1697 2004 1731 2034 in
1760 2003 1850 2034 Med.

988 2068 1006 2089 a
1028 2069 1076 2099 pr.
1098 2068 1199 2089 manu
1223 2063 1271 2089 est
1299 2057 1390 2088 satis.
1427 2057 1498 2088 Nec
1526 2056 1628 2087 satius
1657 2066 1718 2088 1100
1742 2055 1850 2096 potius

988 2111 1195 2151 probandum
1217 2116 1280 2147 est,·
1296 2111 1353 2141 sed
1365 2110 1542 2150 requiritur
1557 2109 1665 2148 massis,
1682 2109 1849 2149 quoniam,

989 2169 1026 2195 ut
1048 2169 1135 2196 recte
1158 2165 1311 2195 observat
1332 2163 1593 2203 Wesenbergius
1626 2163 1700 2193 Em.
1729 2163 1790 2203 Ep.
1818 2173 1851 2203 p.

989 2218 1029 2249 39
1052 2227 1118 2248 non
1142 2218 1182 2248 de
1206 2217 1378 2254 electione,
1402 2217 1460 2248 sed
1475 2216 1515 2248 de
1532 2216 1762 2256 magnitudine
1776 2226 1850 2247 cau-

988 2270 1088 2301 tionis
1111 2270 1230 2309 agitur.

1031 2324 1047 2361 †
1069 2322 1279 2353 Ioculatorem
1294 2331 1408 2353 senem.
1432 2322 1473 2360 Q.
1489 2321 1640 2352 Mucium
1655 2321 1849 2353 Scaevolam

990 2385 1159 2416 augurem,
1196 2375 1235 2406 L.
1266 2375 1375 2406 Crassi
1408 2384 1567 2412 socerum,
1597 2375 1637 2406 (10
1666 2385 1731 2415 quo
1761 2385 1850 2406 nunc

990 2438 1097 2460 sermo
1121 2433 1177 2465 est,
1201 2428 1302 2459 fuisse
1325 2437 1438 2459 senem
1460 2438 1479 2458 a
1501 2428 1581 2458 iocis
1603 2438 1671 2458 non
1705 2428 1851 2458 alienum

991 2485 1151 2515 conficere
1174 2484 1251 2515 licet
1274 2493 1290 2514 e
1313 2484 1438 2520 Laelio,
1465 2483 1491 2521 1,
1515 2483 1572 2513 ubi
1597 2483 1714 2515 Cicero
1743 2487 1852 2514 narrat

992 2539 1060 2570 eius
1083 2548 1117 2569 se
1140 2538 1238 2568 multa
1261 2537 1395 2568 breviter
1425 2539 1455 2568 et
1487 2538 1640 2568 commode
1670 2537 1755 2568 diota
1788 2547 1852 2568 lne-

992 2592 1116 2623 moriae
1145 2592 1329 2622 mandasse.
1370 2590 1419 2622 Cf.
1451 2600 1583 2631 quoque
1611 2592 1652 2622 (10
1685 2590 1776 2623 Orat.
1807 2591 1854 2621 II.

967 2664 968 2685 1
993 2646 1063 2677 269.
1087 2646 1126 2676 (10
1149 2644 1224 2675 Fin.
1248 2645 1275 2675 Ι.
1299 2646 1326 2675 9.
1350 2644 1440 2676 Orat.
1461 2645 1531 2675 149.
1554 2645 1782 2675 Nihilominus
1799 2645 1854 2675 (111-

81 2696 123 2726 Zz's
138 2698 285 2736 potestas
301 2696 457 2737 praeficit.
479 2697 550 2728 Att.
574 2697 603 2728 Ι.
626 2697 675 2735 16,
700 2698 738 2728 13
770 2697 874 2739 quoad
902 2698 944 2727 vi·
967 2694 969 2699 ’

997 2698 1062 2729 bito
1086 2708 1126 2728 an
1149 2696 1353 2728 ioculatorem
1377 2707 1453 2728 011111
1475 2707 1494 2728 a
1524 2696 1683 2728 Cicerone
1713 2697 1854 2737 appella-

995 2756 1066 2782 tum
1089 2751 1246 2788 dicamus,
1270 2751 1359 2790 quod
1375 2759 1496 2781 nomen
1513 2760 1675 2790 nusquam
1690 2755 1855 2790 repertum

995 2805 1094 2836 nimis
1117 2810 1244 2845 pugnat
1266 2814 1343 2835 011111
1366 2804 1414 2842 iis,
1445 2814 1529 2845 quae
1560 2805 1658 2834 modo
1688 2805 1728 2834 de
1760 2803 1855 2835 Scae—

995 2858 1088 2888 volae
1111 2862 1227 2894 aetate,
1250 2856 1450 2893 valetudine,
1468 2856 1649 2887 honoribus
1665 2856 1751 2887 dieta
1768 2860 1854 2893 sunt,

969 2953 971 2956 .
995 2916 1026 2942 ct
1047 2911 1185 2941 omnino
1207 2921 1273 2942 non
1306 2910 1466 2941 Latinum
1496 2911 1634 2941 videtur.
1673 2910 1772 2940 Recte
1804 2909 1855 2940 Ci-

995 2975 1069 2996 cero
1104 2964 1299 2996 Scaevolam
1328 2965 1469 2995 removit
1498 2974 1517 2994 a
1544 2963 1764 3004 disputatione
1795 2963 1857 3004 spi-

995 3018 1134 3054 nosiore,
1158 3026 1241 3057 quae
1264 3017 1297 3046 in
1328 3016 1527 3056 exponenda
1556 3021 1624 3046 arte
1655 3015 1856 3052 versabatur,

995 3076 1092 3110 atque
1115 3070 1166 3100 illi
1189 3069 1286 3101 aetati
1310 3075 1342 3100 et
1364 3069 1518 3109 gravitati
1544 3079 1610 3099 non
1630 3068 1857 3100 conveniebat.

995 3123 1061 3155 Sed
1084 3132 1142 3153 cur
1163 3122 1368 3153 ioculatorem
1391 3121 1547 3152 interesse
1578 3121 1684 3152 noluit
1716 3122 1860 3162 disputa-

995 3176 1078 3207 tioni
1101 3177 1141 3207 (10
1165 3176 1244 3206 iocis
1268 3175 1301 3205 in
1325 3178 1474 3206 extremo
1502 3174 1587 3205 libro
1614 3174 1785 3206 secundo?
1809 3174 1860 3204 Ne

1585 3228 1671 3269 131θ

1865 991 1899 1017 10

1867 1354 1900 1380 15
