2117 3533
676 169 783 211 LIB.
818 170 892 211 IV.
927 171 1011 211 ΕΡ.
1049 172 1120 211 14.
1158 171 1229 211 15.
1752 175 1836 212 189

83 304 305 346 mehercule
337 303 437 345 mihi
469 309 627 360 gratum
661 308 721 345 est
754 304 1023 358 Eutychidem
1057 310 1167 346 tuam
1202 320 1295 359 erga
1318 320 1380 346 me
1404 305 1724 347 benevolentiam
1748 321 1838 361 cog-

84 392 211 428 nosse,
245 392 358 418 suam
389 377 499 418 illam
532 378 575 418 in
607 392 694 417 meo
728 375 862 417 dolore
887 375 1215 434 συμπάθειαν
1242 392 1371 431 neque
1395 383 1483 418 tum
1505 378 1606 419 mihi
1630 378 1839 420 obscuram

83 464 210 503 neque
242 454 333 504 post
363 449 561 503 ingratam
594 448 729 489 fuisse.
768 451 807 490 52.
846 449 928 489 Iter
961 450 1187 490 Asiaticum
1220 454 1336 490 tumn
1370 454 1466 504 puto
1498 450 1573 491 tibi
1618 451 1837 507 suscipien-

83 521 179 562 dum
211 521 347 562 fuisse.
382 522 605 576 Nunquam
634 521 742 561 enim
774 526 821 561 tu
855 521 939 562 sine
972 522 1193 562 iustissima
1225 537 1345 563 causa
1377 527 1458 562 tam
1492 523 1609 578 longe
1629 539 1651 563 a
1670 528 1731 564 tot
1756 524 1839 564 tuis

82 598 122 634 et
153 593 384 635 hominibus
417 599 457 635 et
489 594 608 635 rebus
641 594 856 635 carissimis
890 600 930 635 et
963 595 1210 636 suavissimis
1243 594 1381 636 abesse
1414 595 1621 637 voluisses.
1664 597 1741 637 Sed
1765 596 1838 638 hu-

82 666 314 707 manitatem
346 671 458 708 tuam
493 682 744 720 amoremque
778 668 821 707 in
854 672 945 708 tuos
978 667 1131 708 reditus
1165 668 1346 708 celeritas
1379 667 1613 708 declarabit.
1664 669 1741 710 Sed
1775 685 1839 711 ve-

81 753 180 789 reor,
214 754 263 779 110
296 738 428 794 lepore
462 755 533 780 suo
568 739 746 780 detineat
780 741 848 793 (te)
882 739 1036 780 diutius
1070 740 1204 781 rhetor
1237 739 1402 781 Clodius
1435 744 1476 781 et
1519 740 1637 781 homo
1682 757 1839 797 pereru-

82 811 205 862 ditus,
238 816 285 852 ut
317 812 444 862 aiunt,
479 818 519 853 et
552 828 659 853 nunc
693 812 855 867 quidem
889 812 1050 853 deditus
1096 814 1261 855 Graecis
1300 813 1427 854 literis
1471 814 1701 855 Pituanius.
1747 816 1839 867 Sed,

83 885 115 926 si
148 885 207 925 vis
240 885 358 926 1101110
392 902 490 937 0550,
524 887 654 941 recipe
688 892 726 927 te
761 886 811 927 ad
844 902 930 937 1105,
977 886 1026 927 ad
1069 887 1175 941 quod
1218 892 1377 942 tempus
1426 888 1683 929 confirmasti.
1738 890 1840 931 Cum

81 956 160 997 illis
192 961 340 1008 tamen,
376 974 501 1013 quum
534 959 632 1000 salvi
666 959 862 1009 venerint,
897 959 1045 1000 Romae
1079 959 1209 1000 vivere
1241 959 1394 1001 licebit.
1443 962 1483 1001 3.
1518 962 1646 1001 Avere
1679 967 1719 1002 te
1748 963 1841 1003 scri-

82 1028 143 1070 bis
178 1030 355 1084 accipere
390 1031 543 1086 aliquid
577 1048 598 1073 a
632 1047 693 1072 me
727 1031 954 1083 literarum,-
997 1031 1104 1082 dedi,
1140 1047 1184 1072 ac
1228 1032 1366 1073 multis
1411 1033 1572 1087 quidem
1618 1034 1666 1075 (10
1707 1034 1840 1086 rebus,

80 1096 405 1161 ημερολεγὸὸν
437 1105 656 1159 perscripta
690 1105 837 1154 omnia,
882 1104 950 1145 sed
988 1105 1050 1159 [ut
1084 1105 1272 1160 coniicio]
1310 1106 1499 1160 quoniam
1532 1106 1632 1148 mihi
1665 1124 1745 1149 non
1785 1109 1841 1149 vi-

82 1174 186 1215 deris
218 1175 262 1215 111
292 1177 415 1231 Epiro
449 1177 520 1218 diu
552 1178 687 1227 fuisse,
722 1177 898 1219 redditas
931 1178 1008 1219 tibi
1040 1194 1122 1220 non
1161 1178 1344 1220 arbitror.
1398 1180 1536 1220 Genus
1570 1185 1703 1221 autem
1737 1197 1841 1223 mea-

82 1262 169 1288 rum
203 1248 252 1288 ad
284 1253 324 1289 te
358 1249 520 1303 quidem
553 1250 758 1291 literarum
792 1250 989 1292 eiusmodi
1031 1251 1111 1292 fere
1156 1256 1228 1302 est,
1274 1257 1320 1292 ut
1360 1267 1443 1293 non
1485 1252 1610 1294 libeat
1653 1255 1840 1308 cuiquam

83 1319 189 1371 dare,
223 1321 301 1362 nisi
335 1321 383 1362 de
417 1337 495 1376 quo
529 1323 777 1378 exploratum
812 1323 864 1364 sit
896 1323 972 1364 tibi
1005 1339 1095 1365 eum
1128 1324 1395 1366 redditurum.
1432 1328 1472 1366 4.
1495 1326 1618 1366 Nunc
1642 1327 1841 1370 Romanas

81 1408 143 1434 res
176 1394 325 1450 accipe.
370 1396 418 1436 A.
451 1395 492 1436 d.
526 1408 596 1437 111.
631 1396 740 1436 Non.
788 1395 932 1447 Quint.
978 1395 1147 1438 Sufenas
1188 1402 1229 1437 013
1269 1397 1369 1438 Cato
1411 1397 1598 1449 absoluti,
1644 1399 1842 1442 Procilius

125 1557 142 1588 1
165 1557 240 1589 mihi
257 1561 394 1599 qratiam,
417 1559 445 1589 si
467 1559 656 1600 Eutychides
675 1577 717 1582 —
740 1561 903 1599 coquo-§cet
925 1561 955 1591 et
978 1569 1067 1590 suam
1089 1578 1128 1582 —
1152 1559 1170 1592 7
1193 1561 1297 1602 lepore
1319 1563 1350 1592 te
1370 1570 1426 1593 suo
1447 1581 1489 1585 —
1512 1563 1550 1594 12
1573 1566 1608 1595 ut
1630 1564 1761 1596 coniieio
1782 1585 1823 1590 —

84 1716 250 1746 mimis-sus
272 1716 319 1746 M.
342 1714 546 1755 Pomponius
565 1713 744 1753 Dionysius
765 1718 812 1744 est
824 1712 938 1750 factus,
964 1720 966 1753 1
986 1715 1057 1746 (11115
1081 1722 1112 1746 et
1135 1716 1309 1747 Pituanius
1330 1717 1365 1748 in
1387 1717 1469 1748 Asia
1491 1723 1563 1749 tum
1585 1723 1686 1749 erant.
1716 1719 1752 1750 Si
1776 1729 1842 1751 non

82 1769 189 1800 fuerat
211 1777 324 1799 servus
346 1767 531 1798 communis
554 1766 601 1796 M.
623 1766 729 1796 Tullii
744 1770 775 1796 et
790 1766 829 1796 T.
844 1766 940 1796 Pom·
964 1756 965 1811 1
987 1771 1103 1811 lepide2
1134 1773 1191 1803 sed
1220 1777 1329 1813 aperte
1358 1773 1498 1804 scribere
1529 1774 1696 1811 voluisset,
1727 1774 1842 1806 Cicero

78 1824 186 1865 p011ii3
223 1823 356 1854 alterius
397 1831 598 1863 praenomen
636 1821 768 1861 accepit,
804 1820 940 1852 alterius
964 1832 965 1870 1
986 1825 1167 1866 scripsisset
1191 1826 1320 1857 Graecis
1341 1827 1563 1867 scriptionibus
1586 1833 1641 1859 aut
1655 1828 1842 1860 rationibus.

82 1886 214 1907 nomen.
964 1872 965 1911 1
986 1877 1092 1908 Paulo
1115 1884 1192 1909 ante
1214 1881 1244 1908 te
1267 1879 1301 1909 in
1324 1880 1412 1910 Med.
1436 1880 1595 1911 omissum
1624 1881 1742 1912 Bosius
1772 1887 1844 1922 post

119 1928 217 1960 Valde
229 1929 402 1960 mehercule
414 1928 489 1959 mihi
497 1929 622 1968 yralum
633 1927 886 1967 estEutyclzz'dem
900 1946 942 1950 —
964 1921 966 1983 1
986 1931 1092 1971 lepore
1115 1932 1249 1969 addidit,
1273 1942 1335 1973 ego
1359 1933 1518 1964 collocavi
1541 1939 1614 1974 post
1636 1934 1788 1966 detineat.

81 1992 237 2023 coynosse.
259 1982 382 2023 Scripsi
397 1983 437 2013 de
452 1981 629 2013 Bucheleri
644 1981 832 2012 coniectura
843 1981 940 2012 valde
1027 1984 1208 2016 Pituanius.
1243 1985 1379 2017 Frustra
1414 1987 1448 2017 in
1482 1987 1545 2017 hoc
1582 1989 1716 2019 nomine
1745 1989 1844 2020 multi

82 2037 254 2078 probabili.
277 2037 390 2076 Vulgo
415 2036 536 2076 exigua
560 2035 721 2066 librorum
744 2035 941 2076 scriptorum
963 2039 965 2059 1
984 2037 1131 2069 haerent.
1170 2039 1357 2071 Romanum
1390 2050 1512 2071 nomen
1548 2040 1647 2072 fuisse
1674 2042 1794 2074 scimus
1825 2053 1842 2075 e

82 2090 274 2121 auctoritate
297 2089 420 2120 editur:
438 2108 479 2111 —
498 2088 638 2124 Gratum,
654 2087 682 2117 si
698 2087 941 2128 Eutychides*
963 2117 965 2134 1
985 2093 1093 2124 Taciti
1115 2094 1207 2124 Ann,
1230 2095 1275 2125 Π,
1299 2095 1349 2125 32,
1388 2095 1487 2133 Quod
1516 2105 1621 2126 unum
1651 2097 1756 2134 nobis,
1785 2099 1843 2129 uhi

83 2146 255 2186 coynoscet.
284 2143 350 2175 Sed
382 2143 483 2174 verba
519 2143 665 2173 nondum
703 2147 815 2173 sanata
854 2147 940 2173 sunt.
984 2145 1024 2175 de
1046 2145 1182 2177 homine
1204 2147 1320 2186 ignoto
1346 2157 1452 2178 sermo
1475 2155 1533 2185 est,
1547 2149 1675 2179 sufficit.
1699 2149 1842 2181 Orellius

82 2198 170 2228 Nam
198 2198 277 2238 quid
305 2206 425 2238 quaeso
461 2197 617 2227 intererat
647 2196 814 2228 Ciceronis
844 2196 940 2227 illum
985 2199 1042 2238 qui
1065 2200 1145 2230 olim
1169 2201 1223 2231 hic
1246 2211 1316 2232 voc.
1339 2201 1501 2233 Graecum
1524 2203 1635 2240 latere,
1665 2205 1842 2245 omniaque

82 2251 252 2282 hominem
274 2250 477 2291 cognovisse,
507 2250 658 2280 Atticum
682 2248 834 2280 Ciceroni
857 2250 941 2280 bene
963 2241 964 2275 1

82 2304 193 2336 velle?
217 2310 247 2336 et
270 2314 327 2335 cur
349 2303 591 2335 benevolentiam
615 2303 709 2340 dixit,
732 2312 835 2344 quum
859 2313 941 2333 amo-

82 2371 145 2392 rem
167 2362 274 2392 dicere
296 2359 453 2392 deberet?
492 2359 663 2390 Praeclare
685 2358 871 2390 Gronovius
894 2359 939 2389 vi-

82 2414 131 2444 dit
152 2424 211 2454 pro
233 2416 317 2444 tuam
339 2423 415 2454 erya
437 2422 483 2443 me
505 2413 715 2443 scribendum
744 2421 814 2443 esse
843 2422 939 2442 meam

81 2478 157 2508 erya
179 2477 223 2498 se.

125 2521 143 2561 ξ
167 2522 196 2552 2.
219 2520 287 2552 Iter
310 2521 484 2552 Asiaticum
507 2526 567 2552 eet.
591 2520 651 2560 Ep.
675 2520 723 2556 16,
741 2521 778 2550 15
795 2520 843 2561 (9)
860 2519 938 2550 ami-

83 2585 158 2606 cum
182 2575 342 2615 obiurgat,
367 2576 455 2615 quod
476 2575 511 2605 in
533 2574 652 2605 Asiam
675 2574 764 2604 abiit.
799 2574 939 2604 Interim

82 2627 215 2659 Atticus
236 2637 294 2669 per
315 2628 426 2658 literas
449 2637 482 2658 50
504 2631 711 2668 purgaverat.
739 2626 846 2657 Paulo
867 2632 938 2667 post

82 2693 158 2714 cum
179 2683 259 2713 Ern.
281 2682 381 2712 verba
404 2681 449 2712 sic
472 2681 677 2712 emendanda
699 2681 825 2711 iudico:
850 2691 869 2710 a
892 2682 938 2710 {ot
960 2670 962 2704 1

82 2736 146 2767 tuis
175 2738 206 2767 et
229 2735 399 2766 hominibus
437 2734 611 2766 carissimis
639 2736 670 2765 et
699 2734 789 2765 rebus
819 2733 938 2764 suavis-

81 2789 177 2821 simis.

122 2843 241 2873 Rhetor
265 2841 400 2872 Clodius.
432 2840 500 2878 Qui
522 2840 648 2880 legerit,
672 2849 756 2880 quae
778 2840 818 2870 de
839 2839 937 2870 huius
961 2863 962 2868 ,

81 2896 224 2927 hominis
256 2894 427 2925 dicacitate
457 2892 634 2924 Suetonius
663 2892 762 2923 refert
791 2893 831 2923 de
860 2892 937 2922 clar.

83 2951 111 2987 5,
140 2949 262 2980 ironice
292 2947 382 2988 loqui
412 2946 606 2977 Ciceronem
635 2945 769 2976 videbit.
820 2945 937 2986 Neque

82 3003 175 3033 aliter
198 3001 387 3042 accipienda
408 3004 493 3036 sunt,
518 3008 601 3039 quae
623 2999 663 3029 de
686 2998 844 3029 Pituanio
863 2998 936 3029 affe-

82 3061 206 3086 runtur.
238 3055 311 3095 Ego
343 3057 429 3084 certe
461 3052 599 3082 Graecas
635 3051 747 3082 literas
777 3061 843 3081 non
872 3052 938 3082 dici

82 3113 159 3150 puto
180 3109 290 3140 literas
311 3108 472 3149 politioris
494 3106 719 3143 humanitatis,
737 3106 794 3136 sed
810 3106 937 3136 chartas

82 3161 282 3202 pertinentes
304 3161 344 3191 ad
367 3159 509 3200 negotia,
533 3168 673 3199 quoium
695 3167 791 3189 causa
814 3162 845 3189 et
865 3157 938 3189 Clo-

984 2253 1025 2283 ad
1053 2264 1158 2284 unum
1188 2254 1266 2285 Sex.
1301 2255 1456 2286 Clodium
1491 2256 1662 2288 referenda
1696 2260 1841 2298 putabat,

963 2298 965 2341 1
985 2310 1095 2345 postea
1119 2308 1317 2338 sententiam
1340 2309 1491 2340 mutavit.
1524 2309 1658 2341 Praeter
1687 2310 1842 2342 Clodium

985 2358 1125 2388 alterum
1148 2360 1313 2390 nominari
1335 2361 1453 2392 debere
1467 2362 1611 2402 plurales
1632 2364 1760 2395 numeri
1774 2375 1840 2396 eum

962 2406 963 2452 J
984 2411 1052 2441 illis
1074 2416 1105 2442 et
1126 2412 1210 2443 salvi
1231 2415 1418 2446 ostendunt.

1025 2463 1059 2493 Si
1080 2464 1127 2494 vis
1149 2465 1235 2496 homo
1258 2476 1334 2498 esse.
1359 2467 1408 2499 Cf.
1432 2469 1472 2499 ad
1493 2469 1540 2500 II.
1563 2470 1591 2507 2,
1615 2471 1645 2501 2.

1028 2515 1098 2546 Cum
1121 2517 1189 2547 illis
1212 2520 1317 2549 tamen
1339 2524 1399 2550 cet.
1421 2530 1455 2551 a:
1479 2522 1540 2552 etsi
1562 2532 1651 2553 nunc
1673 2523 1769 2554 citius
1785 2533 1840 2555 eos

984 2569 1161 2610 relinques,
1186 2576 1295 2601 tamen
1319 2577 1380 2603 cet.
1402 2573 1492 2604 Male
1515 2574 1689 2607 ediderunt
1703 2578 1766 2606 tum,
1781 2586 1840 2616 pro

983 2625 1096 2654 tamen.

1031 2677 1049 2716 ξ
1071 2678 1101 2708 3.
1126 2676 1185 2717 [Ut
1208 2677 1367 2718 condicio]
1388 2679 1509 2711 Merito
1532 2682 1659 2721 quaerit
1672 2683 1751 2714 Ern.
1767 2685 1839 2724 quis

983 2734 1070 2763 dicat
1098 2734 1133 2761 ut
1155 2731 1286 2763 coniicio
1308 2751 1350 2756 —
1370 2744 1431 2764 non
1459 2734 1607 2766 arbitror.
1634 2737 1710 2767 Non
1747 2738 1839 2768 dubi-

986 2786 1055 2816 tavi
1075 2785 1185 2826 inepta
1207 2786 1307 2817 verba
1328 2791 1365 2817 ut
1387 2787 1497 2827 spuria
1520 2793 1642 2820 notare.

1026 2839 1043 2878 §
1066 2839 1097 2867 4.
1120 2838 1159 2868 A.
1182 2838 1213 2868 d.
1229 2839 1285 2869 III
1299 2838 1380 2870 Non.
1399 2839 1505 2879 Quint.
1528 2842 1699 2874 Manutius
1715 2843 1839 2875 fallitur

983 2892 1071 2921 hunc
1105 2890 1205 2922 fuisse
1235 2892 1323 2922 diem
1351 2892 1515 2924 nefastum
1544 2900 1669 2934 putam,
1699 2896 1838 2937 ideoque

984 2945 1037 2974 III
1061 2953 1077 2974 e
1101 2944 1155 2974 IV
1182 2950 1371 2985 corruptum
1399 2947 1589 2978 coniiciens.
1626 2949 1666 2979 In
1696 2951 1839 2990 antiquis

985 2997 1189 3029 Calendariis
1212 2998 1265 3028 hic
1287 2999 1357 3029 dies
1386 3004 1520 3030 notatur
1547 3001 1628 3038 NP„
1662 3012 1727 3042 qua
1755 3005 1839 3045 sigla

983 3051 1052 3081 dies
1075 3050 1247 3081 intercisus
1270 3052 1339 3082 sive
1361 3053 1481 3092 partim
1504 3053 1604 3086 fastus
1634 3057 1752 3096 partim
1786 3069 1839 3091 ne-

983 3103 1084 3133 fastus
1108 3103 1279 3134 indicatur.

1025 3156 1160 3196 aS'nfenas
1181 3159 1213 3187 et
1242 3156 1318 3188 Fato
1340 3158 1487 3190 absoluti.
1521 3160 1571 3192 De
1604 3161 1726 3195 Sufena
1756 3165 1839 3196 nihil

1865 980 1898 1006 10

1865 1340 1898 1366 15
