2117 3533
282 145 366 184 :306

693 144 769 183 MP.
807 142 880 182 AT)
913 143 958 181 T.
998 141 1341 181 POMPONIVM
1377 139 1619 180 ATTIFFM

278 277 509 332 adoptatum
543 277 756 331 patricium
790 292 811 315 a
844 275 1014 329 plebeio,
1051 274 1296 314 Gaditanum
1334 290 1355 314 a,
1410 274 1664 327 Mytilenaeo,
1711 280 1749 313 et
1780 272 1945 312 Labieni
1982 272 2039 312 ‹li-

278 351 396 391 vitiae
429 356 468 390 et
501 350 728 390 Mamurrae
763 349 921 403 placent
962 355 1001 388 et
1046 347 1161 387 Balbi
1205 347 1311 387 liorti
1352 353 1391 387 et
1435 346 1721 387 Tusculanum.
1777 345 1852 385 Sed
1897 345 2038 385 horum

281 423 457 463 omnium
492 422 580 463 fons
613 437 718 462 unus
752 426 824 462 est.
859 420 1066 461 Imbecillo
1097 420 1362 460 resistendum
1385 420 1464 460 fuit
1473 438 1483 470 ;
1519 423 1558 459 et
1582 418 1623 458 id
1647 423 1731 458 erat
1755 417 1884 457 facile.
1920 418 2041 457 Nunc

281 496 456 549 legiones
490 508 568 545 XL,
603 494 805 548 equitatus
838 498 990 542 tantus,
1015 497 1209 546 quantum
1236 492 1353 541 volet,
1397 490 1686 545 Transpadani,
1712 489 1848 544 plebes
1873 488 2039 537 urbana,

243 578 257 601 5
282 572 342 608 tot
374 565 528 607 tribuni
562 566 631 620 pl.,
674 571 755 605 tam
792 564 946 619 perdita
979 564 1181 613 iuventus,
1216 569 1328 604 tanta
1363 562 1599 604 auctoritate
1635 561 1730 611 dux,
1776 567 1888 602 tanta
1922 561 2040 602 auda-

283 641 356 681 cia.
391 640 491 681 Cum
526 638 602 678 hoc
636 642 705 677 aut
739 635 1052 691 depugnandum
1088 640 1149 676 est
1183 640 1253 675 aut
1285 634 1470 675 habenda
1504 651 1523 673 e
1556 634 1642 688 lege
1676 634 1790 674 ratio.
1854 634 1891 673 7.
1933 634 2041 683 „De-

282 711 463 767 pugna,”
497 710 646 764 inquis,
689 709 853 764 llpotius
887 723 1007 762 quam
1041 708 1233 748 servias.’'
1276 709 1331 748 st
1364 707 1487 762 quid?
1522 708 1553 747 si
1588 707 1717 747 victus
1751 707 1841 756 eris,
1876 707 2042 761 proscri-

282 785 403 826 bare?
449 784 481 825 si
515 783 670 832 viceris,
722 788 853 822 tamen
905 781 1077 821 servias?

1134 780 1275 831 UQuid
1321 779 1460 834 ergo‚''
1504 780 1653 833 inquis,
1706 807 1724 828 ss
1738 784 1900 819 acturus
1945 779 2042 820 esiW

282 858 396 899 Idem
430 857 537 912 quod
570 855 758 911 pecudes,
795 870 894 908 quae
929 853 1130 908 dispulsae
1165 853 1227 894 sui
1260 853 1416 907 generis
1451 861 1673 907 sequuntur
1706 866 1858 906 greges.
1893 853 1950 892 I't
1972 851 2043 893 bos

225 941 256 967 10
283 935 474 980 armenta,
511 929 567 970 sic
600 943 673 982 ego
707 927 833 968 bonos
866 927 970 967 viros
1005 932 1074 966 aut
1108 942 1187 975 eos,
1231 926 1458 980 quicunque
1504 925 1687 966 dicentur
1732 924 1840 974 boni,
1886 940 2041 979 sequar,

283 1003 439 1043 etiamsi
472 1006 603 1042 ruent.
639 1000 748 1051 Quid
784 1000 835 1040 sit
870 1000 1063 1054 optimum
1102 999 1202 1039 male
1237 999 1453 1039 contractis
1487 998 1603 1039 rebus
1637 998 1752 1052 plane
1788 997 1916 1038 video,
1963 999 2042 1038 Ne-

285 1074 383 1114 mini
417 1079 476 1114 est
509 1073 615 1113 enim
649 1072 912 1126 exploratum,
949 1086 1073 1125 quum
1107 1071 1156 1111 ad
1191 1086 1298 1112 arma
1333 1076 1493 1111 ventum
1529 1076 1602 1121 est,
1638 1070 1734 1124 quid
1759 1070 1938 1111 futurum
1968 1072 2041 1121 sit;

285 1153 326 1188 at
356 1146 457 1187 illud
492 1144 693 1195 omnibus,
729 1144 761 1184 si
795 1143 890 1183 boni
924 1143 1020 1183 victi
1056 1143 1151 1192 sint,
1187 1158 1259 1183 nec
1294 1143 1334 1183 in
1360 1142 1478 1183 caede
1503 1143 1728 1197 principum
1754 1142 2050 1183 clementiorem

285 1221 391 1260 hunc
426 1219 522 1269 fore,
558 1233 677 1272 quam
712 1217 842 1258 Cinna
877 1216 1010 1266 fuerit,
1045 1231 1119 1256 nec
1153 1215 1457 1256 moderatiorem
1493 1230 1611 1269 quam
1646 1215 1755 1255 Sulla
1789 1215 1831 1255 in
1867 1215 2047 1269 pecuniis

231 1308 260 1333 15
285 1292 560 1348 locupletium.
612 1287 1070 1348 Συμπολιῖεύομαί
1095 1303 1175 1331 σοι
1209 1288 1460 1339 iamdudum,
1495 1294 1535 1329 et
1569 1289 1735 1329 facerem
1771 1289 1938 1338 diutius,
1973 1289 2050 1329 nisi

286 1382 347 1407 me
380 1365 544 1406 lucerna
578 1365 789 1406 desereret.
826 1364 888 1404 Ad
924 1379 1133 1413 summam,
1170 1376 1243 1403 DIC
1278 1363 1336 1403 M.
1373 1363 1523 1403 Tva.

288 1439 391 1495 peio,
425 1438 467 1478 id
502 1444 575 1488 est,
617 1439 664 1478 Τ.
699 1437 934 1492 Pomponio.
988 1435 1159 1485 Alexim,

1582 1362 1789 1403 Assentior
1823 1362 1897 1402 Cn.
1933 1362 2050 1402 Pom-

1206 1435 1541 1476 humanissimum
1587 1450 1767 1489 puerum,
1818 1435 1895 1475 nisi
1936 1434 2051 1483 forte,

290 1513 387 1553 dum
420 1527 493 1566 ego
527 1511 682 1560 absum,
717 1509 947 1550 adolescens
981 1508 1110 1548 factus
1152 1513 1211 1547 est
1247 1532 1301 1535 —
1338 1506 1377 1546 id
1413 1507 1518 1547 enim
1565 1522 1678 1560 agere
1725 1506 1934 1547 videbatur
1981 1532 2051 1556 —-,

292 1586 441 1627 salvere
475 1584 615 1626 iubeas
648 1583 781 1624 velim.

330 1737 367 1767 15
405 1731 670 1780 ὲμπολιτεύομαι
700 1749 741 1753 —

288 1875 447 1906 magnum
471 1871 503 1896 et
524 1865 558 1895 in
583 1869 630 1894 tot
653 1873 756 1894 annos
781 1862 912 1894 Caesari
935 1863 1060 1893 datum.
1096 1862 1146 1892 Ci-

288 1929 362 1950 cero
395 1918 586 1958 respondet:
618 1916 730 1947 ,Placet
761 1916 859 1956 ifflur
888 1915 982 1945 etiam
1019 1920 1079 1945 eet.
1117 1924 1148 1944 a:

289 1983 354 2003 non
378 1972 484 2011 magis
513 1971 575 2001 hoc
606 1970 687 2000 mihi
718 1970 833 2010 placet,
864 1979 963 2009 quam
994 1968 1149 1999 exsilium

292 2034 405 2056 meum
427 2029 485 2055 cet.

334 2077 523 2108 Gaditanum
556 2087 575 2107 a
607 2076 797 2113 Mitylenaeo
828 2086 860 2106 o:
893 2076 932 2106 L.
958 2075 1151 2107 Cornelium

292 2131 435 2162 Balbum
458 2131 650 2170 adoptatum
674 2139 692 2159 a
715 2129 917 2169 Theophane
937 2130 1150 2169 Mytilenaeo,

291 2193 390 2224 quein
434 2182 612 2222 Pompeius
655 2182 787 2212 civitate
831 2183 978 2212 donarat.
1029 2181 1078 2212 (Τ.
1123 2193 1152 2221 p.

294 2237 389 2266 Balb.
413 2235 461 2267 57.
915 2232 919 2236 “

336 2288 464 2319 Labieni
493 2288 634 2318 divitiae.
671 2288 719 2318 De
750 2288 788 2318 iis
818 2287 981 2318 Corradus
1011 2288 1152 2319 conferri

295 2341 388 2372 iussit
411 2340 504 2372 Caes.
528 2342 567 2371 B.
592 2340 629 2371 C.
652 2341 680 2370 I.
703 2341 752 2376 15,
776 2340 874 2370 Dion.
898 2340 993 2370 XLI.
1016 2342 1046 2370 4.
1077 2340 1153 2370 Gra-

319 2395 380 2425 iter
402 2399 512 2425 autem
534 2393 683 2424 Catullus
706 2404 806 2424 earm.
830 2394 868 2424 29
892 2394 1084 2433 indignatur

361 2446 550 2477 Mamurram.
572 2446 703 2483 habere,
727 2446 815 2486 quod
840 2445 978 2476 Comata
999 2446 1107 2476 Gallia

359 2500 513 2531 Habebat
535 2504 609 2529 aute
632 2503 663 2529 et
687 2499 804 2528 ultima
826 2499 1009 2529 Britannia.

340 2554 389 2585 De
418 2554 511 2583 Balbi
545 2552 644 2584 hortis
678 2553 742 2583 vid.
778 2553 847 2583 Att.
885 2553 948 2583 IX.
979 2554 1027 2590 13,
1058 2555 1086 2589 8,
1115 2555 1155 2584 de

300 2607 446 2638 eiusdem
472 2605 648 2636 Tusrnlano
671 2616 715 2635 or.
741 2616 769 2645 p.
795 2606 901 2635 Balbo
925 2606 943 2645 ξ
967 2606 1014 2636 56.

907 2713 1028 2753 VIII.

1240 1863 1257 1901 ξ
1281 1862 1307 1894 7.
1337 1862 1374 1892 Ut
1397 1861 1500 1903 quid?
1534 1862 1569 1892 Si
1593 1862 1690 1892 lectio
1721 1871 1809 1898 sana,
1847 1862 1881 1890 ul
1911 1867 2056 1900 repeten-

1197 1918 1276 1947 dum
1300 1922 1347 1947 est
1369 1918 1409 1947 ad
1433 1928 1463 1947 v.
1479 1917 1679 1956 proscribam
1703 1921 1733 1946 et
1755 1917 1886 1946 servias.
1910 1916 1995 1946 Vide
2013 1921 2057 1946 ta-

1198 1981 1273 2001 men
1298 1981 1339 2001 ne
1363 1971 1573 2002 scribendum
1597 1971 1654 2001 sit:
1688 1970 1798 2010 Quid?
1829 1973 1870 2006 ut,
1901 1970 1928 1999 si
1959 1970 2058 2000 violas

1173 2040 1175 2045 ·
1198 2025 1270 2061 eris,
1291 2025 1516 2064 proscribam?
1539 2032 1599 2055 cet.

1244 2078 1339 2118 Quum
1363 2078 1408 2108 acl
1427 2089 1514 2108 arma
1538 2080 1659 2108 venfum
1685 2080 1741 2108 esi.
1764 2078 1953 2108 Perfectum
1976 2077 2056 2108 indi-

1201 2130 1299 2161 cativi
1323 2131 1355 2160 iu
1378 2131 1439 2161 hae
1461 2131 1623 2161 sententia
1645 2130 1801 2160 vitiosum
1824 2140 1893 2161 esse
1915 2131 2058 2160 concedo

1201 2183 1356 2219 Muliero,
1387 2184 1426 2213 de
1456 2184 1488 2213 h.
1519 2184 1540 2213 1.
1573 2183 1754 2223 disputanti
1795 2183 1828 2213 iu
1869 2182 2058 2222 Philologo,

1174 2254 1176 2264 ι
1203 2237 1302 2267 XIX.
1326 2248 1355 2277 p.
1381 2238 1450 2268 624.
1474 2222 1602 2277 Reponi
1625 2238 1721 2268 debet
1744 2237 1802 2268 fut.
1820 2243 1976 2268 exactum
1991 2247 2060 2266 ven-

1203 2293 1266 2320 {um
1290 2290 1360 2320 erit.

1252 2337 1544 2384 Συμπολιτεὺομαὶ
1573 2351 1640 2379 σοι,
1667 2342 1706 2371 de
1728 2350 1794 2381 rep.
1812 2347 1919 2371 tecum
1935 2340 2060 2380 loquor.

1203 2395 1358 2434 Ineptum
1381 2398 1438 2429 est,
1458 2394 1547 2433 quod
1561 2394 1662 2432 vulgo
1678 2395 1783 2425 editur
1799 2390 2061 2439 ἐμπολιτεὺομαί

1205 2457 1271 2478 σοι.
1305 2446 1457 2477 Correxit
1481 2446 1535 2476 Fr.
1559 2447 1760 2477 Buchelerus
1784 2447 1815 2477 iu
1841 2448 1926 2478 Mus.
1954 2447 2059 2478 Rheu.

1205 2502 1306 2533 XIII.
1329 2513 1358 2542 p.
1383 2503 1452 2534 587.

1246 2556 1287 2586 Id
1310 2566 1403 2596 assere
1424 2556 1594 2594 videbatur,
1618 2562 1653 2587 ut
1675 2557 1864 2588 adolescens
1887 2558 1993 2588 fieret:
2007 2557 2061 2586 lia-

1206 2608 1300 2638 bebat
1322 2614 1422 2639 tectas
1445 2610 1547 2649 prima
1572 2610 1729 2649 lanugine
1752 2610 1864 2640 malas.

1094 2713 1143 2765 (A
1186 2714 1230 2754 U.
1269 2714 1311 2755 O.
1351 2716 1453 2754 7041.

371 2826 409 2868 l.
444 2823 552 2879 Quid
586 2842 684 2882 opus
735 2838 793 2867 est
827 2824 875 2868 de
924 2825 1114 2882 Dionysio
1159 2835 1240 2870 tam
1286 2828 1398 2871 valde
1444 2830 1661 2872 affirmare?
1706 2845 1755 2871 an
1796 2830 1894 2872 mihi
1939 2836 2060 2871 nutus

307 2909 399 2943 tuus
432 2917 514 2943 non
547 2901 693 2941 faceret
726 2901 870 2941 fidem?
905 2902 1180 2955 Suspicionem
1215 2909 1346 2944 autem
1382 2920 1427 2945 eo
1461 2905 1559 2945 mihi
1595 2905 1783 2945 maiorem
1808 2904 2059 2945 taciturnitas

347 3069 365 3108 ξ
388 3069 417 3098 1.
439 3066 486 3097 De
510 3063 669 3105 Dionysio.
698 3063 829 3094 Atticus
858 3062 1011 3093 liberarat
1033 3064 1155 3104 Diony·
1179 3076 1181 3110 1
1207 3066 1340 3107 eiusque
1370 3067 1560 3099 defensione
1593 3067 1707 3099 Cicero
1741 3066 1926 3106 acquiescit.
1967 3064 2060 3095 (ons.

305 3122 389 3151 ¹<ium
421 3119 538 3158 ingrati
570 3118 601 3147 in
635 3117 826 3146 viem-onem
855 3116 957 3145 animi
988 3117 1092 3156 culpa,
1124 3118 1155 3146 in

321 3182 337 3200 v}

1282 3120 1297 3130 ⁶
1339 3122 1344 3149 l

1180 3149 1181 3154 ,
1208 3129 1256 3158 ΘΙ).
1286 3136 1307 3156 ι,
1356 3144 1361 3149 .
