2117 3533
221 952 255 977 10

223 1314 255 1340 15

225 1685 258 1709 20

273 148 358 189 250
675 149 759 189 ΕΡ.
795 148 869 188 AD
902 148 947 187 T.
983 146 1331 188 POMPONIUM
1367 145 1630 187 ATTICUM.

272 299 342 326 ivs
375 298 429 325 ex
465 297 566 324 ILLA
602 295 869 323 erGnAPHA
904 295 1103 322 1116611111.
1148 283 1217 321 12.
1252 280 1447 321 Cohorrui
1482 281 1609 335 primo
1619 299 1630 332 3
1666 282 1814 323 etenim
1848 286 1932 322 erat
1963 282 2022 323 in-

272 359 414 400 teritus
448 356 632 397 civitatis.
666 355 836 410 Reperio
870 355 950 395 duo
985 359 1146 395 senatus
1181 355 1362 395 consulta
1395 353 1537 395 iisdem
1561 353 1792 395 consulibus
1815 353 1863 394 de
1888 353 2022 394 eadem

275 429 510 485 syngrapha.
546 428 753 469 Salaminii
787 443 911 482 quum
944 428 1093 468 Romae
1126 442 1328 468 versuram
1361 426 1489 468 facere
1522 426 1682 476 Vellent,
1717 441 1797 467 non
1826 430 2023 480 poterant,

275 503 381 558 quod
414 502 477 542 lex
512 499 687 542 Gabinia
720 499 891 541 vetabatv
937 500 1039 540 Tum
1071 500 1120 540 iis
1155 500 1271 540 Bruti
1316 500 1542 549 familiares,
1588 498 1679 539 freti
1721 499 1849 552 gratia
1894 499 2024 549 Bruti,

274 576 366 616 dare
400 573 587 615 volebant
631 573 848 627 quaternis,
895 573 927 613 si
972 572 1049 613 sibi
1093 577 1255 614 senatus
1299 573 1480 614 consulto
1521 577 1740 613 caveretur.
1795 572 1862 613 Fit
1900 572 2028 626 gratia

294 648 391 689 {ruti
425 651 585 688 senatus
619 646 861 697 consultum,
907 660 960 686 v'r
993 660 1106 687 NEVE
1139 647 1418 696 SALAMINHS,
1450 659 1563 686 NEVE
1595 658 1673 690 QVI
1707 658 1772 686 1115
1807 659 2026 696 1160155111,

275 733 440 763 FRAVDI
473 733 613 760 ESSET.
649 719 867 760 Pecuniam
900 724 1176 760 numerarunt.
1214 721 1303 774 [Et]
1339 723 1476 774 postea
1509 719 1619 759 venit
1651 719 1692 759 111
1726 722 1900 759 mentem
1923 718 2028 759 fene-

274 793 472 836 ratoribus
505 792 607 834 nihil
641 808 681 833 56
714 793 850 833 iuvare
884 792 985 833 illud
1020 797 1181 833 senatus
1215 792 1458 842 consultum,
1492 791 1599 846 quod
1634 806 1682 831 ex
1715 790 1938 845 syngrapha
1965 791 2029 831 ius

275 866 355 907 dici
387 866 450 906 lex
484 864 659 906 Gabinia
693 868 854 905 vetaret.
889 865 991 904 Tum
1024 865 1069 905 fit
1102 869 1264 906 senatus
1298 864 1539 915 consultum,
1574 878 1628 905 VT
1662 878 1718 906 EX
1748 878 1802 905 EA
1837 877 2029 904 SYNGRA-

274 937 478 980 PHA÷÷÷÷÷÷
522 942 625 978 esset
673 953 792 992 quam
826 942 992 988 ceterae,
1028 938 1095 979 sed
1128 942 1175 979 ut
1207 937 1360 979 eodem.
1420 938 1555 989 Quum
1599 937 1697 978 haec
1741 935 2029 986 disseruissem,

276 1008 432 1050 seducit
463 1024 525 1049 1116
560 1008 758 1063 Scaptius,
802 1008 858 1049 ait
892 1024 931 1049 se
965 1009 1067 1049 nihil
1101 1014 1239 1050 contra
1272 1009 1416 1059 dicere,
1464 1008 1532 1049 sed
1565 1009 1654 1050 illos
1696 1014 1837 1063 putare
1881 1008 2030 1049 talenta

276 1097 340 1124 66.
376 1098 415 1123 56
449 1081 606 1132 debere,
652 1097 697 1122 ea
731 1097 771 1122 se
805 1082 904 1122 velle
944 1082 1135 1135 accipere,
1182 1081 1325 1123 debere
1358 1086 1490 1123 autem
1528 1081 1651 1136 [illos]
1698 1081 1832 1136 paullo
1874 1081 2030 1131 minus;

276 1161 404 1211 rogat,
439 1160 485 1196 ut
518 1171 584 1196 eos
617 1154 666 1196 ad
709 1169 769 1196 66.
811 1154 1041 1210 perducam.
1090 1154 1331 1209 ssOptime,”
1365 1154 1544 1209 inquam.
1589 1154 1699 1195 Voco
1743 1154 1833 1195 illos
1876 1153 1925 1194 ad
1968 1168 2031 1194 me

278 1234 429 1271 remoto
464 1229 638 1284 Scaptio.
688 1229 829 1280 JJQUffl
875 1230 971 1270 vos?
1016 1233 1226 1283 quantum,
1267 1228 1446 1283 inquam,
1493 1227 1702 1269 debetis?'’
1757 1226 2030 1281 Respondent,

279 1317 366 1345 cvr.
422 1302 564 1344 Refero
598 1302 647 1342 ad
683 1302 899 1356 Scaptium.
954 1302 1087 1342 Homo
1122 1301 1304 1341 clamare.

284 1403 303 1427 ,s
314 1375 487 1416 rationes
534 1374 745 1415 conferatis
753 1373 792 1414 .'’

1365 1300 1505 1351 UQuid
1550 1315 1650 1354 opus
1693 1299 1809 1341 est?'’
1851 1299 2031 1352 inquam,

836 1373 1047 1424 Assidunt,
1083 1372 1338 1423 subducunt3
1374 1372 1423 1413 ad
1456 1387 1625 1413 numum
1658 1371 1858 1412 convenit.
1892 1371 1959 1412 Illi
1992 1386 2032 1411 56

277 1462 484 1490 numerare
517 1447 630 1498 velle,
666 1461 819 1501 ingere,
855 1451 901 1487 ut
934 1447 1142 1501 acciperet.
1194 1445 1377 1500 Scaptius
1410 1460 1472 1485 me
1504 1460 1641 1485 rursus
1682 1443 1837 1484 seducit
1847 1461 1858 1496 ς
1903 1448 2030 1498 rogat,

277 1527 324 1563 ut
356 1537 439 1562 rem
473 1521 529 1562 516
561 1521 800 1575 relinquam.
856 1520 961 1561 Dedi
993 1520 1149 1560 veniam
1183 1519 1336 1559 homini
1369 1518 1622 1573 impudenter
1654 1517 1822 1571 petenti.
1867 1516 2031 1557 Graecis

279 1593 552 1649 querentibus,
586 1598 633 1634 ut
664 1594 707 1634 in
740 1593 832 1634 fano
867 1592 1111 1647 deponerent
1143 1591 1455 1647 postulantibus,
1489 1605 1571 1631 non
1604 1589 1795 1630 concessi.
1854 1588 2033 1629 Clamare

279 1684 414 1709 omnes
448 1667 517 1721 qui
551 1667 717 1707 aderant
748 1664 850 1706 nihil
881 1664 1159 1720 impudentius
1194 1665 1368 1719 Scaptio,
1411 1663 1480 1717 qui
1513 1662 1740 1703 centesimis
1773 1676 1864 1702 cum
1898 1666 2032 1702 anato-

279 1742 401 1783 cismo
435 1744 648 1781 contentus
680 1754 762 1780 non
795 1743 921 1789 esset,
957 1738 1039 1789 alii,
1073 1737 1175 1779 nihil
1210 1737 1388 1778 stultius.
1423 1737 1529 1777 Mihi
1563 1740 1695 1776 autem
1719 1734 1931 1790 impudens
1954 1750 2034 1775 ma-

321 1917 338 1947 9
361 1918 377 1954 †
400 1924 441 1946 vr
464 1924 511 1946 Ex
534 1924 579 1945 EA
601 1922 810 1945 SYNGRAPnA
834 1922 935 1945 ESSET
957 1922 1054 1949 QVAM
1076 1914 1314 1944 CETERAE***
1339 1932 1378 1935 —
1408 1914 1445 1944 21
1469 1916 1485 1952 †
1507 1912 1668 1952 impudens
1691 1930 1731 1935 —

322 2075 340 2114 ξ
364 2075 412 2105 12.
451 2073 615 2104 Versaram
629 2072 754 2112 fizcere.
786 2071 877 2110 Quid
906 2072 947 2102 sit
975 2071 1071 2102 docui
1095 2071 1135 2102 ad

280 2127 323 2158 V.
346 2128 373 2164 l,
398 2128 426 2157 2.

321 2181 387 2211 Lea·
411 2179 542 2211 Gabinia
566 2190 594 2210 a.
617 2190 647 2210 u.
672 2179 732 2209 686
757 2179 821 2209 lata
848 2178 987 2214 vetabat,
1006 2187 1047 2209 ne
1063 2177 1136 2217 quis

279 2238 403 2268 Rornae
427 2234 684 2274 provincialibus
706 2233 879 2274 pecuniam
903 2238 1051 2263 mutuam
1081 2232 1134 2262 da-

281 2295 344 2325 ret,
375 2289 403 2318 si
432 2288 505 2328 quis
535 2287 685 2323 dedisset,
716 2296 757 2317 ne
787 2295 828 2316 ex
864 2285 1052 2325 syngrapha
1086 2285 1160 2320 1115Ι

280 2343 480 2374 redderetur.

326 2395 362 2424 Ul
394 2404 468 2424 neve
498 2412 537 2415 —-
556 2392 674 2433 fraudi
703 2394 783 2422 asset
814 2402 846 2422 o:
878 2396 913 2422 ut
942 2401 983 2422 ne
1017 2392 1137 2422 damno

1181 2072 1261 2103 SCti
1290 2081 1369 2108 esse,
1403 2072 1459 2102 sed
1482 2070 1661 2102 Ciceronis.
1706 2070 1841 2109 Integer
1870 2069 1961 2099 106115
1993 2068 2037 2098 ita

1181 2124 1248 2155 fere
1270 2134 1304 2155 se
1326 2124 1458 2154 habuit:
1484 2123 1556 2153 Tam
1568 2122 1613 2162 fit
1636 2122 1755 2158 SCtum,
1778 2124 1813 2152 ut
1835 2132 1873 2152 er
1902 2131 1938 2151 ea
1967 2130 2037 2161 syn-

1178 2177 1302 2218 yrapha
1324 2176 1373 2206 ius
1394 2175 1562 2212 diceretur,
1586 2185 1647 2205 non
1669 2177 1703 2205 ‘ab
1726 2174 1792 2205 alio
1816 2174 1884 2204 iure
1907 2183 1942 2203 ea
1968 2183 2037 2214 Syn-

1157 2249 1159 2252 ·
1180 2230 1302 2269 yraplca
1327 2231 1417 2266 esset,
1441 2239 1529 2269 quam
1554 2230 1678 2258 ceterae
1699 2226 1907 2268 synymphae,
1929 2224 1985 2256 sed
2003 2226 2036 2254 ut

1183 2281 1298 2313 eodem.
1340 2282 1417 2312 Non
1455 2285 1579 2321 poterat
1613 2280 1712 2320 igitur
1745 2279 1895 2319 Scaptius
1930 2287 1973 2309 ex
2001 2286 2038 2308 ea

1185 2335 1373 2376 syngrapha
1409 2339 1583 2375 quaternas
1620 2333 1815 2365 centesimas
1849 2337 1967 2373 petere,
2011 2330 2038 2361 si

1186 2390 1270 2420 illud
1293 2390 1386 2420 senus
1410 2389 1516 2420 edicto
1537 2388 1695 2419 tralatitio
1717 2392 1785 2418 erat
1804 2386 1955 2417 vetitum.

1233 2443 1328 2483 Quum
1352 2443 1429 2473 llaec
1462 2441 1677 2471 disseruissent
1705 2451 1739 2470 οι
1768 2450 1869 2480 quum
1896 2442 2036 2469 mentem

1188 2503 1219 2528 et
1233 2497 1429 2529 sententiam
1444 2496 1523 2527 soti
1539 2495 1762 2536 exposuissem
1776 2499 1874 2534 atque
1885 2493 2038 2525 ostendis-

1162 2584 1164 2597 Α
1188 2562 1256 2583 56111
1279 2553 1414 2582 modum
1437 2561 1611 2581 usurarum
1635 2559 1673 2580 eo
1691 2559 1757 2580 non
1774 2558 1842 2579 esse
1858 2547 2039 2578 definitum.
2065 2584 2073 2593 .

1230 2603 1359 2635 Seducit
1382 2614 1412 2634 o:
1439 2613 1586 2633 seorsum
1613 2602 1711 2638 ducit,
1734 2606 1771 2632 ut
1792 2611 1868 2631 cum
1891 2609 1943 2631 me
1971 2599 2039 2630 solo

1190 2658 1386 2697 loqueretur.
1418 2655 1468 2687 Cf.
1490 2656 1583 2686 Fam.
1606 2656 1632 2685 I.
1656 2655 1683 2691 9,
1708 2654 1757 2685 19.
1780 2653 1836 2686 Or.
1859 2654 1885 2684 Ι.
1908 2653 1977 2684 239.

282 2457 376 2486 esset,
401 2455 543 2480 noceret.
568 2448 617 2479 Cf.
641 2446 741 2478 Gron.
765 2448 805 2478 ad
828 2447 920 2477 Fani.
944 2447 971 2477 1.
995 2448 1044 2483 5a,
1068 2447 1088 2476 4
1104 2445 1136 2475 in

283 2503 387 2534 Lectt.
411 2502 500 2532 Tull.
524 2512 554 2541 p.
578 2501 626 2531 12.

329 2554 399 2584 Tum
424 2554 468 2593 fit
495 2554 615 2590 smum,
646 2555 679 2582 ut
710 2563 748 2582 ex
778 2562 814 2582 ea
843 2551 1020 2592 syngsraphtc
1043 2569 1083 2572 ———
1105 2552 1139 2580 ut

285 2607 397 2638 eodem.
420 2606 657 2646 Supplenieuta
679 2605 802 2641 Ursini,
830 2604 916 2644 quod
939 2614 958 2633 a
982 2603 1139 2634 Schutzio

285 2665 451 2699 receptum
473 2658 623 2699 probavit
646 2657 834 2696 Savignius,
860 2660 891 2687 et
910 2655 1067 2686 Lambini
1083 2655 1141 2685 mi-

285 2714 373 2744 nime
397 2713 536 2753 placent.
560 2711 685 2742 SCtum
702 2710 821 2740 factum
839 2710 872 2740 in
889 2710 1030 2749 gratiam
1047 2708 1142 2739 Bruti
1165 2708 1166 2744 ἶ

286 2766 368 2805 legis
393 2764 553 2796 Gabiniae
577 2764 645 2794 vim
669 2763 847 2798 coercebat,
871 2762 1030 2801 iussitque
1045 2761 1145 2801 igitur
1166 2788 1168 2795 ,

288 2818 371 2848 nihil
396 2817 496 2853 aliud,
519 2816 583 2846 nisi
607 2818 640 2846 ul
665 2826 704 2846 erc
727 2825 761 2844 ea
785 2814 965 2855 synffluphcc
987 2813 1035 2843 ius
1064 2813 1144 2844 clice-

286 2873 373 2901 retm-
401 2871 463 2907 vel,
494 2875 528 2900 ut
557 2880 652 2909 supra
684 2868 810 2908 scripsit
841 2870 883 2904 ut,
913 2867 965 2907 qui
1002 2866 1169 2912 Ciliciam¹

287 2922 449 2959 obtineret,
472 2922 521 2953 ius
544 2933 581 2952 ea?
604 2922 661 2952 illa
685 2922 862 2962 synyraplta
887 2921 1016 2951 diceret.
1055 2921 1146 2951 Toti-
1168 2914 1169 2935 l

288 2977 362 3006 (16111
385 2976 492 3006 verbis
516 2976 576 3005 hoc
595 2981 729 3006 testatur
746 2975 859 3006 Cicero
877 2975 938 3004 VI.
957 2975 984 3011 2,
999 2974 1026 3006 7.
1052 2974 1146 3011 Quae

288 3028 410 3059 ihideni
434 3029 539 3059 addit:
564 3028 655 3058 Nunc
677 3028 739 3058 isla
760 3028 851 3057 habet
868 3027 947 3057 iuris
962 3026 1050 3063 idem,
1067 3027 1148 3067 quod
1169 3053 1170 3058 ,

289 3084 423 3118 velt-rae,
447 3082 529 3112 nihil
546 3082 708 3120 praeripui
731 3082 807 3112 satis
829 3082 1057 3112 demonstrant
1072 3081 1102 3110 h.
1126 3081 1146 3110 l.
1169 3066 1171 3100 l

290 3136 386 3166 verba
420 3138 498 3165 esse!
529 3146 616 3174 quam
648 3138 780 3173 veterae,
810 3135 866 3165 scas
887 3137 919 3164 ul
951 3134 1052 3164 eodem
1080 3137 1171 3173 non}

1231 2710 1283 2739 Ad
1304 2719 1425 2739 mmmm
1450 2707 1601 2739 convenit.
1626 2708 1732 2738 Usum
1754 2715 1861 2746 praep.
1885 2705 1928 2735 ad
1940 2705 1974 2735 in
1989 2704 2040 2734 (16-

1190 2763 1334 2793 finienda
1370 2762 1527 2802 pecuniae
1555 2770 1683 2791 summa
1713 2759 1874 2799 exemplis
1904 2758 2041 2788 illustrat·

1166 2806 1168 2858 *j
1191 2816 1343 2846 Handius
1366 2816 1400 2845 in
1424 2816 1519 2845 Turs.
1542 2815 1569 2844 1.
1592 2824 1622 2854 p.
1645 2814 1714 2843 103.

1234 2869 1344 2909 Boyat,
1367 2871 1402 2898 ut
1424 2879 1486 2898 rem
1509 2867 1555 2897 sic
1576 2867 1748 2907 relinquam
1773 2880 1785 2890 u
1797 2865 1872 2905 quia
1893 2862 2041 2903 sperabat

1193 2922 1345 2953 Ciceroni
1367 2922 1511 2961 aliquem
1533 2929 1760 2951 successurum
1774 2918 1881 2949 minus
1899 2915 1975 2946 iusti
1989 2915 2042 2945 ob-

1169 3009 1170 3013 *
1193 2980 1388 3010 servantem,
1413 2984 1429 3003 a
1453 2983 1518 3013 quo
1542 2982 1575 3004 re
1598 2973 1725 3011 integra
1746 2972 1941 3011 impetraret,
1957 2966 2043 3008 quod

1194 3028 1326 3058 vellet.'“
1349 3027 1546 3057 Gronovius.

1239 3081 1276 3110 Ul
1300 3081 1330 3110 2⁴72
1345 3081 1430 3119 simo
1452 3080 1650 3119 dqumerenl.
1675 3078 1817 3115 Quando
1838 3075 1977 3106 creditor
1995 3082 2043 3113 pc-

1196 3132 1327 3162 cuniam
1351 3142 1367 3162 a
1390 3131 1536 3162 debitore
1559 3130 1706 3170 accipere
1728 3133 1864 3164 recusat,
1887 3127 1938 3158 hic
1969 3125 2044 3156 libe-
