2117 3533
215 163 299 202 160
602 157 687 198 ΕΡ.
722 157 797 197 AD
829 155 875 195 Τ.
910 151 1259 194 POMPONIUM
1293 150 1557 191 ATTICUM.

213 293 436 336 nominavit
468 296 508 333 et
541 290 590 332 ad
624 289 758 331 omnia
789 303 852 329 me
886 287 1055 329 alterum
1088 300 1128 326 se
1161 284 1243 326 fore
1287 283 1403 325 dixit.
1458 282 1608 337 Legem
1651 281 1833 323 consules
1876 295 1968 322 con-

215 367 471 421 scripserunt,
507 378 584 417 qua
617 361 808 416 Pompeio
844 375 912 416 per
946 358 1268 413 quinquennium
1302 356 1430 397 omnis
1463 359 1639 410 potestas
1672 355 1730 396 rei
1753 354 1970 395 frumenta-

215 440 294 480 riae
327 443 412 479 toto
445 436 538 478 orbe
582 440 778 477 terrarum
822 432 984 474 daretur
993 450 1004 483 3
1055 431 1219 472 alteram
1263 429 1451 478 Messius,
1495 427 1565 481 qui
1608 427 1736 468 omnis
1778 426 1971 481 pecuniae

216 512 284 552 dat
315 514 552 566 potestatem
583 513 623 549 et
655 506 840 561 adiungit
881 505 1046 546 classem
1087 508 1126 544 et
1166 502 1383 544 exercitum
1426 505 1465 542 et
1505 500 1634 541 maius
1676 499 1887 554 imperium
1928 498 1972 538 in

181 604 193 627 5
215 583 444 639 provinciis,
480 597 599 637 quam
632 581 684 623 sit
717 594 868 630 eorum,
903 578 973 633 qui
1005 593 1070 619 eas
1105 575 1328 617 obtineant.
1378 574 1454 615 Illa
1485 578 1622 615 nostra
1654 573 1718 614 lex
1752 570 1972 612 consularis

216 672 322 697 nunc
354 655 534 697 modesta
566 654 737 704 videtur,
772 653 870 693 haec
902 650 1044 692 Messii
1076 663 1158 690 non
1190 647 1366 689 ferenda.
1407 645 1623 701 Pompeius
1655 645 1766 686 illam
1798 644 1898 685 velle
1932 658 1972 685 se

217 729 329 780 dicit,
363 728 575 770 familiares
624 726 743 767 hanc.
787 723 1026 766 Consulares
1075 722 1176 762 duce
1224 720 1400 761 Favonio
1444 719 1642 770 fremunt3
1684 733 1756 759 nos
1795 722 1973 758 tacemus

217 807 257 843 et
289 818 334 843 eo
366 802 507 855 magis,
543 798 649 853 quod
683 798 731 839 de
765 797 881 838 domo
913 800 1049 837 nostra
1087 794 1191 835 nihil
1240 792 1371 834 adhuc
1414 792 1622 847 pontifices
1662 789 1970 845 responderunt.

219 875 300 927 Qui
333 874 366 916 si
399 872 636 915 sustulerint
678 870 925 925 religionem,
971 882 1102 909 aream
1150 865 1390 921 praeclaram
1432 863 1684 914 habebimus,
1726 862 1973 918 superficiem

166 964 198 989 10
220 948 402 989 consules
434 962 483 987 ex
516 948 677 986 senatus
710 942 893 984 consulto
927 938 1216 981 aestimabunt:
1253 937 1315 978 sin
1349 937 1477 987 aliter,
1520 936 1545 980 †
1579 935 1858 986 demolientur,
1901 948 1973 974 suo

219 1021 380 1062 nomine
412 1017 617 1068 locabunt,
651 1031 734 1057 rem
765 1020 893 1056 totam
926 1011 1210 1055 aestimabunt.
1247 1014 1287 1051 8.
1321 1010 1385 1051 Ita
1418 1014 1513 1051 sunt
1544 1024 1606 1050 res
1638 1013 1817 1050 nostrae:
1852 1012 1900 1048 ut
1930 1007 1974 1047 in

221 1092 406 1134 secundis
438 1093 581 1141 fluxae,
615 1095 661 1130 ut
703 1089 746 1130 in
790 1087 965 1129 adversis
1009 1085 1151 1127 bonae.
1196 1085 1245 1126 In
1279 1100 1320 1125 re
1354 1083 1540 1125 familiari
1581 1082 1694 1124 valde
1734 1096 1886 1131 sumus,
1930 1084 1976 1120 ut

220 1167 311 1217 scis,
345 1163 581 1221 perturbati.
614 1163 824 1204 Praeterea
858 1165 952 1202 sunt
985 1158 1180 1214 quaedam
1214 1157 1443 1207 domestica,
1478 1171 1578 1210 quae
1610 1155 1737 1196 literis
1766 1169 1847 1195 non
1870 1168 1975 1194 com-

221 1239 350 1279 mitto.
385 1237 585 1289 Quintum
617 1235 793 1285 fratrem,
826 1232 978 1287 insigni
1010 1231 1173 1286 pietate,
1207 1230 1370 1280 virtute,
1405 1228 1481 1269 fide
1515 1228 1740 1283 praeditum
1774 1227 1830 1268 sic
1871 1241 1973 1277 amo,

168 1330 199 1355 15
220 1316 267 1352 ut
300 1310 439 1351 debeo.
482 1311 536 1351 Te
576 1313 760 1364 exspecto
794 1312 834 1348 et
867 1321 948 1356 oro,
982 1309 1029 1346 ut
1060 1309 1234 1345 matures
1266 1302 1400 1343 venire
1434 1317 1558 1356 eoque
1592 1302 1724 1343 animo
1757 1300 1906 1351 venias,
1931 1304 1975 1340 ut

221 1400 283 1425 me
315 1389 386 1425 tuo
420 1383 585 1424 consilio
618 1396 732 1436 egere
765 1395 847 1421 non
880 1379 1001 1420 sinas.
1035 1378 1212 1418 Alterius
1245 1376 1348 1417 vitae
1376 1374 1575 1429 quoddam
1598 1374 1761 1415 initium
1782 1373 1974 1414 ordimur.

220 1457 307 1497 Iam
340 1455 518 1511 quidam,
553 1455 622 1510 qui
654 1469 727 1495 nos
761 1452 944 1494 absentes
979 1450 1257 1499 defenderunt,
1291 1449 1493 1504 incipiunt
1523 1446 1799 1503 praesentibus
1821 1446 1974 1488 occulte

219 1529 350 1579 irasci,
385 1533 518 1586 aperte
551 1527 744 1569 invidere.
778 1525 1045 1567 Vehementer
1077 1529 1117 1565 te
1150 1522 1404 1577 requirimus.

258 1706 298 1737 10
319 1705 526 1738 demolientur
547 1723 589 1728 —

214 1867 334 1897 habere
363 1875 430 1897 non
461 1865 589 1901 licebat,
619 1862 684 1894 nisi
714 1865 798 1893 esset
826 1870 845 1890 a
873 1858 1070 1898 magistratu
1118 1854 1139 1884 l.
1162 1864 1191 1894 p.
1216 1853 1254 1886 77
1278 1853 1311 1884 in
1336 1853 1408 1884 loco
1422 1854 1592 1894 desperato
1606 1852 1794 1884 vehementi
1812 1851 1977 1883 medicina

214 1920 321 1951 curuli
344 1919 396 1950 vel
420 1918 553 1949 tribuno
575 1916 681 1957 plebis
703 1915 889 1955 productus.

256 1973 274 2011 ξ
298 1971 326 2004 7.
349 1970 494 2006 Messius,
518 1969 669 2000 tribunus
692 1968 735 2007 pl.
758 1964 909 2005 Pompeii
932 1962 1069 1994 familia-

213 2027 267 2057 ris.
291 2026 390 2057 VIII.
415 2026 451 2055 11
476 2024 526 2061 D.‚
558 2024 586 2054 2.
625 2022 709 2053 Mox
739 2020 850 2051 scribit
879 2019 1009 2049 classem
1038 2017 1069 2046 et

212 2078 391 2114 exercitum,
414 2086 512 2117 quem
534 2075 684 2106 ordinem
707 2082 834 2113 semper
854 2072 1070 2102 observarunt

212 2132 363 2164 Romani.
387 2130 436 2162 Cf.
459 2130 530 2161 Att.
553 2128 617 2159 IX.
641 2129 668 2165 2,
692 2128 720 2163 3,
744 2126 862 2156 classes
884 2125 1010 2164 loquens
1040 2123 1069 2150 et

212 2184 379 2215 emer-citus.
420 2183 513 2214 Fam.
550 2183 577 2212 Ι.
615 2181 643 2218 7,
680 2182 709 2217 4,
747 2189 813 2209 eum
846 2177 947 2207 classe
976 2177 1069 2216 alque

211 2237 360 2268 exercitu.

253 2290 319 2319 Illa
342 2290 451 2319 nostra
473 2287 526 2318 lex
547 2296 630 2317 cons.
663 2284 821 2315 Nostram·
841 2283 921 2313 dicit
949 2282 1066 2321 legem,

211 2353 309 2384 quani
332 2342 483 2373 consules
507 2351 548 2372 ex
572 2339 659 2371 SCto
682 2339 722 2369 ad
744 2347 836 2369 suam
866 2335 1065 2367 sententiam

210 2396 294 2426 facto
317 2395 587 2434 conscripserant.

252 2448 411 2478 Fremant.
434 2446 484 2478 Cf.
506 2447 548 2476 ad
571 2446 616 2475 II.
640 2444 667 2481 7,
691 2445 720 2474 3.

256 2500 318 2537 Qui
341 2499 370 2529 si
391 2497 588 2534 sustulerint,
612 2501 671 2528 cet.
705 2496 862 2527 Poterant
883 2493 1062 2535 pontificeS,

211 2564 292 2595 quos
316 2558 447 2584 senatus
468 2552 530 2582 hac
552 2552 592 2582 de
615 2560 649 2582 re
672 2549 872 2586 consulebat,
888 2549 1062 2579 decernere

211 2617 319 2638 aream
343 2617 361 2637 a
383 2606 501 2638 Clodio
523 2606 593 2636 sine
616 2605 687 2635 iure
709 2603 872 2634 Libertati
895 2611 963 2633 esse
987 2611 1061 2632 con-

209 2666 384 2696 secratam3
412 2669 477 2700 quo
507 2658 594 2689 facto
623 2658 692 2697 ipsa
717 2666 791 2688 area
822 2655 972 2687 Ciceroni
1000 2663 1062 2685 res-

209 2715 382 2745 titueretur
403 2722 478 2744 cum
500 2716 591 2743 tanta
612 2711 768 2752 pecuniae
791 2719 928 2746 summa,
949 2707 1063 2749 quanti

209 2768 325 2797 domus
348 2766 456 2796 diruta
477 2775 495 2795 a
518 2763 634 2795 Clodio
657 2763 725 2794 sive
755 2762 933 2802 sfqierficies
962 2760 1062 2792 Fuisse

209 2821 451 2855 aestimaretur;
476 2823 532 2848 aut
553 2817 642 2848 illius
657 2816 769 2847 sacelli
784 2815 979 2854 religionem
994 2814 1062 2844 vin-

209 2874 332 2909 dicare;
356 2878 426 2902 tum
453 2880 532 2902 vero
555 2869 704 2901 consules
726 2878 792 2899 non
816 2871 965 2908 poterant
980 2867 1064 2897 illud

211 2926 371 2962 demoliri,
395 2926 450 2956 sed
473 2933 584 2955 curare
607 2923 778 2958 debebant,
801 2926 837 2951 ut
859 2921 893 2951 in
911 2920 975 2951 alia
989 2929 1063 2950 area

212 2978 343 3018 publice
371 2987 458 3007 nova
489 2977 605 3007 domus
639 2974 792 3006 Ciceroni
827 2977 1062 3004 exstrueretur.

212 3031 278 3063 Sed
300 3036 463 3071 postrema
484 3029 665 3062 sententiae
693 3037 767 3069 pars
796 3026 1002 3058 demolientur
1023 3043 1064 3047 ——

212 3082 422 3114 aestimabunt
451 3083 485 3113 in
514 3083 603 3113 hunc
632 3081 768 3112 modum
803 3078 961 3120 explicari
996 3087 1063 3108 non

215 3142 329 3178 potest.
352 3136 462 3175 Quare
480 3140 629 3176 corrupta
643 3134 781 3165 videtur.
804 3132 997 3163 'I‘unstallus
1013 3140 1064 3170 op.

1117 1917 1195 1938 usus
1218 1907 1276 1937 illa
1298 1907 1398 1938 verba
1419 1907 1507 1938 delet
1533 1912 1565 1937 et
1586 1911 1658 1946 post
1679 1905 1728 1935 sin
1758 1905 1856 1936 aliter
1884 1905 1974 1945 ellip-

1116 1961 1166 1992 sin
1190 1961 1312 1997 statuit,
1336 1960 1381 1991 ita
1404 1960 1470 1991 fere
1492 1960 1724 2000 supplendam:
1746 1960 1848 1988 actum
1868 1960 1914 1988 est
1932 1958 1972 1988 (le

1116 2013 1212 2043 nobis.
1248 2013 1333 2043 Mihi
1355 2013 1450 2052 plura
1471 2012 1525 2042 hic
1548 2012 1709 2043 excidisse
1738 2011 1902 2047 videntur,
1931 2011 1972 2041 de

1116 2066 1234 2106 quibus
1257 2075 1273 2096 e
1296 2075 1363 2105 seq.
1387 2065 1524 2105 epistola
1546 2070 1576 2095 et
1599 2074 1642 2095 ex
1671 2075 1717 2095 or.
1745 2074 1776 2104 p.
1804 2064 1903 2094 domo
1931 2064 1972 2092 44

1115 2120 1277 2151 coniicere
1300 2120 1385 2150 licet.
1428 2119 1567 2159 Aliquid
1590 2119 1713 2149 dictum
1743 2122 1821 2158 puto
1849 2118 1889 2148 (le
1918 2117 1971 2147 de-

1108 2174 1288 2205 ·molitione
1316 2175 1434 2204 domus
1465 2173 1654 2210 Clodianae,
1684 2174 1725 2204 de
1761 2172 1970 2203 restitutione

1114 2227 1258 2267 porticus
1282 2226 1400 2264 Catuli,
1423 2227 1463 2258 de
1486 2226 1712 2257 aestimatione
1724 2226 1840 2256 domus
1857 2224 1922 2254 alio
1936 2224 1969 2254 in

1114 2279 1186 2310 loco
1209 2280 1389 2320 ponendae.

1155 2334 1173 2373 ξ
1196 2335 1225 2364 8.
1263 2334 1300 2364 Ut
1327 2333 1360 2364 z'n
1388 2332 1532 2364 secundis
1551 2333 1674 2374 sturae,
1703 2334 1737 2362 ‘at
1767 2331 1800 2362 in
1826 2330 1970 2362 adversis

1111 2385 1217 2417 bonae.
1254 2386 1366 2417 Verba
1388 2387 1514 2417 efficere
1537 2390 1761 2416 tetra-metrum
1791 2384 1968 2414 iambicum

1111 2445 1142 2471 et
1159 2449 1176 2470 6
1192 2439 1303 2470 fabula
1320 2440 1492 2479 desumpta
1509 2439 1612 2470 videri
1629 2438 1759 2468 monuit
1772 2437 1826 2468 Fr.
1842 2437 1968 2468 Biiche-

1110 2492 1197 2523 lerus
1220 2492 1254 2522 in
1276 2492 1362 2522 Mus.
1385 2492 1491 2522 Rhen.
1513 2490 1576 2521 XL
1599 2501 1630 2531 p.
1654 2490 1723 2521 512.
1764 2489 1967 2526 Formulam,

1111 2554 1176 2584 qua
1199 2544 1241 2581 id,
1270 2544 1357 2584 quod
1385 2544 1537 2574 universe
1566 2543 1692 2573 dictum
1720 2548 1769 2573 est
1790 2543 1905 2583 fluxae
1926 2560 1967 2564 —

1110 2596 1216 2633 bonae,
1239 2601 1327 2627 certa
1348 2596 1538 2626 conditione
1560 2595 1780 2635 restringitur,
1804 2594 1966 2634 exemplis

1110 2648 1288 2680 illustravit
1310 2649 1428 2679 Matth.
1452 2658 1500 2688 ep.
1524 2649 1581 2679 sel.
1603 2659 1633 2688 p.
1656 2648 1707 2678 46.

1154 2703 1314 2743 Quaedam
1336 2702 1505 2733 domestica
1528 2708 1588 2734 cet.
1625 2702 1676 2734 Cf.
1707 2711 1791 2742 quae
1820 2702 1966 2733 dicemus

1111 2756 1151 2786 ad
1174 2765 1222 2796 ep.
1246 2765 1311 2796 seq.
1336 2757 1354 2796 ξ
1377 2755 1404 2788 7.

1155 2806 1193 2837 Ut
1216 2810 1353 2838 matures
1375 2808 1481 2838 venire
1503 2817 1536 2838 οι
1561 2813 1598 2838 ut
1620 2807 1684 2838 cito
1713 2807 1835 2838 venias.
1872 2806 1964 2836 Fam.

1109 2859 1153 2890 X.
1176 2860 1225 2896 21,
1250 2862 1266 2889 5
1282 2860 1424 2900 petierat
1445 2862 1480 2889 ut
1502 2862 1690 2890 malurarem
1707 2859 1823 2890 venire.
1845 2859 1964 2889 Exem—

1109 2914 1162 2954 pla
1184 2924 1214 2944 v.
1234 2916 1394 2944 maturare
1409 2924 1484 2944 cum
1500 2914 1665 2945 infinitivo
1681 2913 1844 2953 congessit
1859 2913 1962 2943 Kritz.

1109 2969 1149 2998 ad
1172 2967 1238 2998 Sal.
1262 2968 1332 3000 Cat.
1355 2968 1404 3005 36,
1428 2969 1456 2998 3.
1480 2968 1554 3008 Ing.
1577 2968 1626 3004 36,
1652 2968 1678 2997 1.

1152 3021 1292 3052 Alterius
1315 3022 1400 3052 vitae
1421 3021 1573 3062 quoddam
1595 3020 1718 3050 initium
1734 3018 1880 3049 ordimur.
1903 3019 1962 3050 Re-

1108 3074 1214 3105 ditum
1236 3075 1278 3105 ab
1300 3074 1420 3106 exsilio
1436 3073 1521 3105 infra
1535 3073 1597 3104 VI.
1613 3073 1640 3109 6,
1654 3074 1674 3102 4
1696 3068 1962 3115 παλιγγενεσίαν

1086 3154 1088 3159 .
1109 3139 1201 3160 suam
1223 3134 1326 3160 VOCRY.
