2117 3533
255 145 339 185 339
652 144 734 185 ΕΡ.
770 144 846 184 AD
878 144 924 183 T.
959 143 1307 184 POMPONIL'M
1341 142 1602 184 ATTmUM.
1653 122 1656 125 ’

251 277 430 318 fraudem
458 277 582 328 tulit.
643 277 765 318 Plane
809 291 913 326 611111,
959 276 1024 316 6111
1070 281 1204 316 noster
1244 276 1411 317 alterum
1456 277 1707 319 consulatum
1753 278 1924 321 deferret
1966 285 2006 321 et

250 348 498 403 triumphum
532 372 588 378 —-
624 354 664 389 at
696 347 844 402 quibus
877 347 1027 389 verbis!
1077 364 1192 403 'spro
1224 349 1328 390 tuis
1370 349 1520 391 rebus
1558 352 1722 405 gestis
1758 353 2004 408 amplissi-

250 421 367 462 mis''
402 446 458 451 -—
492 421 702 462 inimicum
735 420 880 462 habere
912 420 1134 462 nolueram.
1168 422 1255 475 Ego
1288 422 1370 463 scio
1402 428 1443 463 61
1465 438 1583 478 quem
1622 430 1799 466 metuam
1821 429 1862 466 et
1883 440 2004 480 quam

246 494 296 535 ob
331 509 427 535 rem.
462 493 533 535 Sin
567 494 643 535 erit
675 493 841 544 bellum,
874 499 921 549 ut
953 493 1070 534 video
1100 493 1197 544 fore,
1231 500 1363 549 partes
1396 510 1507 536 meae
1539 511 1621 537 non
1652 496 2004 542 desiderabuntur.

213 587 226 611 ε,
247 569 287 607 3.
322 566 382 607 De
417 567 502 608 HS.
534 564 599 607 Ξῖ.
632 567 819 608 Τ61611113
850 567 928 609 11111
960 567 1178 623 rescripsit.
1212 568 1419 624 Dionysio,
1455 569 1552 610 dum
1584 570 1860 613 existimabam
1883 587 2004 627 vagos

246 655 317 681 nos
350 639 446 689 fore,
480 640 593 681 nolui
626 640 818 681 molestus
852 656 951 682 esse.
984 640 1077 682 Tibi
1111 646 1244 682 autem
1278 641 1416 684 crebro
1449 643 1499 684 ad
1533 659 1595 684 me
1630 644 1821 686 scribenti
1845 644 1894 686 de
1917 645 2004 686 eius

245 713 373 753 officio
406 712 510 754 nihil
543 712 744 768 rescripsi,
779 712 887 767 quod
922 713 1028 754 diem
1062 729 1110 754 ex
1144 713 1209 755 die
1243 714 1537 770 exspectabam,
1571 723 1617 758 ut
1650 722 1880 769 statuerem,
1905 717 2003 772 quid

245 790 349 826 esset
382 784 622 826 faciendum.
665 786 803 836 Nunc,
837 791 883 826 ut
915 786 1046 837 video,
1080 787 1194 841 pueri
1228 793 1333 829 certe
1368 788 1410 829 in
1444 789 1657 831 Formiano
1690 790 1878 831 videntur
1920 789 2004 831 hie-

245 857 406 898 maturi.
460 858 514 898 Et
547 858 646 911 ego?
680 858 842 899 Nescio.
895 858 936 899 Si
970 858 1075 899 enim
1109 859 1185 900 erit
1218 858 1382 910 bellum,
1417 876 1506 902 cum
1552 862 1743 917 Pompeio
1782 877 1866 904 esse
1911 877 2002 903 con-

190 951 226 976 10
245 931 374 972 stitui.
419 930 539 981 Quod
573 929 730 971 habebo
766 931 879 981 certi,
914 930 1057 972 faciam
1090 938 1136 972 ut
1169 933 1283 973 scias.
1328 934 1415 987 Ego
1450 933 1599 975 bellum
1633 934 1907 976 foedissimum
1942 934 2003 975 fu-

243 1009 378 1044 turum
412 1008 525 1058 puto,
560 1004 638 1044 nisi
672 1004 756 1058 qui,
792 1009 838 1045 ut
870 1010 915 1044 111
950 1005 975 1046 Ἰ·
1008 1005 1100 1055 scis,
1136 1005 1349 1047 Parthicus
1383 1022 1498 1048 casus
1532 1007 1745 1048 exstiterit.

243 1198 311 1228 dem
333 1197 419 1228 tulit.
455 1197 555 1229 Recte
578 1199 669 1229 Man.
693 1199 926 1240 intelpretatnr
947 1201 988 1232 de
1019 1200 1104 1232 Cati·
1149 1201 1295 1231 scientw
1331 1199 1434 1232 Orell.
1482 1200 1591 1238 Quem
1626 1199 1741 1232 Cicero
1778 1200 1864 1232 dieat
1897 1210 2002 1231 casum

244 1252 331 1282 linae
353 1251 580 1283 coniuratione
603 1263 765 1294 oppressa,
786 1263 934 1294 quaeres
950 1254 1102 1286 Ciceroni
1127 1247 1128 1251 ¹
1148 1252 1343 1291 Parthicum,
1378 1254 1460 1284 bene
1490 1253 1656 1284 intellexit
1689 1252 1874 1290 Schutzius,
1910 1254 2003 1285 cuius

242 1305 422 1345 perniciem
444 1305 564 1336 attulit.
588 1306 654 1336 Pro
677 1308 828 1337 mercede
852 1308 953 1348 reipb.
972 1318 1101 1340 conser-
1123 1330 1125 1353 Ι,
1148 1307 1227 1337 11366
1250 1307 1351 1337 verba.
1372 1311 1464 1337 sunt:
1491 1321 1504 1332 υ
1514 1312 1551 1337 ut
1572 1306 1699 1347 opinor,
1729 1306 1861 1346 respicit
1889 1315 2002 1347 repen-

243 1364 338 1389 vatae
359 1358 437 1389 tulit
459 1359 609 1390 exilium.
1123 1360 1253 1391 xtinum
1289 1360 1386 1391 illum
1427 1365 1458 1391 et
1492 1360 1695 1400 insperatum
1727 1359 1926 1390 Parthorum
1959 1368 2002 1390 ex

284 1411 302 1450 ξ
326 1412 353 1442 3.
378 1410 466 1441 Diem
489 1421 528 1441 ea·
543 1411 594 1442 die
608 1411 833 1451 exspectabam.
855 1412 971 1445 Graeci
985 1414 1101 1445 dicunt
1147 1412 1262 1443 Bibuli
1283 1413 1455 1453 provincia
1475 1412 1665 1449 discessum,
1689 1418 1727 1443 ut
1748 1412 1849 1443 dicat:
1872 1412 1947 1448 nisi,
1965 1415 2004 1442 ut

242 1460 279 1502 ἐξ
306 1461 433 1509 ἡμέρας
459 1460 491 1501 ἐς
518 1462 646 1508 ἡμέραν
669 1460 937 1509 ἀναβάλλεσθαι
960 1465 1100 1506 (Herod.
1146 1465 1279 1503 Bibulo,
1302 1466 1347 1497 sic
1369 1465 1529 1506 Pompeio
1551 1466 1723 1497 Parthicus
1745 1475 1839 1496 casus
1869 1465 2002 1496 exstite-

243 1520 306 1551 IX.
329 1520 373 1560 S),
394 1520 507 1551 Latini
531 1521 630 1551 etiam
652 1521 732 1552 diem
755 1531 795 1552 esc
816 1522 869 1552 die
885 1522 994 1561 (Caes.
1009 1524 1048 1554 B.
1060 1522 1099 1554 G.
1146 1519 1198 1556 rit,
1222 1524 1259 1550 ut
1281 1519 1401 1550 Caesar
1428 1519 1564 1550 dimisso
1595 1519 1755 1559 Pompeio
1784 1519 1831 1549 sic
1860 1519 1894 1549 in
1927 1517 2002 1549 Gal-

244 1573 270 1603 1.
296 1573 348 1613 16)
371 1572 450 1604 diem
472 1572 511 1603 de
532 1573 584 1603 die
604 1573 734 1615 dzjfferre
753 1574 842 1614 (Liv.
858 1574 973 1605 XXV.
990 1576 1040 1613 25,
1053 1577 1099 1617 4).
1146 1573 1225 1605 liam
1243 1575 1368 1611 redeat,
1390 1580 1427 1604 ut
1448 1573 1562 1604 Parthi
1584 1573 1714 1604 infectis
1748 1572 1844 1604 rebus
1865 1572 2002 1603 domum

245 1625 311 1657 Sed
333 1627 372 1657 sle
393 1626 445 1657 die
466 1626 499 1656 2⁸72
522 1626 601 1657 diem
626 1627 800 1658 barbarum
823 1634 882 1659 est.
917 1627 965 1659 Cf.
989 1629 1100 1659 Hand.
1146 1627 1322 1658 redierunt.
1359 1626 1468 1657 Locus
1505 1631 1553 1657 est
1581 1626 1771 1657 simillimus
1801 1625 1883 1656 VII.
1911 1625 1939 1661 1,
1971 1625 2000 1655 2.

246 1679 278 1709 in
302 1679 398 1709 Turs.
422 1679 468 1709 II.
491 1689 521 1719 p.
544 1678 615 1711 207.
1036 1684 1040 1685 ⁷
1152 1678 1265 1710 Videre
1287 1679 1365 1709 enim
1390 1678 1464 1708 mila·
1487 1677 1604 1715 videor,
1619 1682 1680 1709 cet.
1703 1678 1803 1708 Addo
1819 1686 1868 1718 ep.
1884 1677 1904 1708 2
1920 1681 2004 1708 extr.

286 1731 357 1762 Nisi
377 1732 437 1773 qni,
461 1735 495 1762 ut
517 1735 551 1762 lu
573 1734 589 1768 †
610 1731 681 1769 scir,
704 1732 875 1764 Parthicus
897 1744 989 1765 casus
1003 1734 1100 1765 exsti·
1146 1732 1215 1769 Sed,
1243 1734 1277 1763 ut
1308 1731 1391 1762 nihil
1419 1741 1603 1773 naa-qnopere
1632 1732 1774 1769 metuam,
1809 1730 1926 1761 Parthi
1945 1730 2002 1771 fa-

244 1786 330 1816 terit.
354 1800 366 1811 υ
377 1786 496 1816 Malim
518 1788 553 1816 ut
575 1788 610 1816 tu
631 1785 752 1817 scribis·
781 1785 837 1818 Sic
858 1797 956 1828 supra
977 1798 1036 1828 pro
1057 1788 1102 1819 ad
1147 1786 1242 1824 ciunt,
1283 1785 1335 1827 qm·
1367 1788 1494 1825 repente
1537 1785 1677 1815 Bibulum
1719 1783 1894 1815 semivivum
1931 1783 2002 1815 reli-

244 1849 288 1869 ‘me
309 1838 456 1870 scribenti
479 1840 568 1871 Med.
590 1846 622 1871 et
645 1838 755 1870 Oxon.
776 1846 802 1890 ψ
830 1841 954 1872 habent
983 1842 1027 1872 ad
1055 1852 1102 1872 me
1147 1841 1291 1879 qum-mn.
