2117 3533
394 180 502 223 ΠΒ.
536 180 617 222 ΠΙ.
651 180 735 221 ΕΡ.
772 182 844 221 26.
881 181 952 221 27.
989 205 1044 210 ’-
1078 179 1186 221 LIB.
1220 179 1296 220 IV.
1329 179 1414 220 ΕΡ.
1451 180 1491 219 1.
1734 178 1815 219 157

68 317 185 358 terita
213 331 300 357 mea
330 315 373 356 in
405 319 444 355 te
479 313 743 363 observantia,
778 314 947 355 nimium
981 315 1023 355 in
1058 313 1240 354 custodia
1270 313 1410 354 salutis
1433 327 1542 354 meae
1566 311 1822 367 diligenteim

69 390 318 443 eundemque
351 393 404 439 te,
450 388 520 442 qui
561 388 700 442 primis
743 387 991 442 temporibus
1034 387 1177 428 erroris
1222 387 1348 427 nostri
1393 390 1462 427 aut
1502 386 1637 441 potius
1681 383 1825 425 furoris

68 464 265 519 particeps
298 466 338 502 et
370 460 459 502 falsi
490 460 644 501 timoris
678 460 808 502 socius
840 460 996 508 fuisses,
1033 459 1285 501 acerbissime
1321 459 1534 499 discidium
1557 462 1739 499 nostrum
1761 461 1824 497 tu-

68 536 159 577 lisse
194 533 488 589 plurimumque
522 547 676 587 operae,
712 532 850 583 studii,
886 532 1133 586 diligentiae,
1168 530 1316 572 laboris
1351 531 1400 571 ad
1434 531 1726 572 conficiendum
1768 545 1825 571 re-

69 608 197 648 ditum
229 621 361 647 meum
395 604 625 646 contulisse.
674 607 713 645 2.
748 605 890 659 Itaque
924 604 999 645 hoc
1042 603 1119 644 tibi
1162 619 1251 645 vere
1285 604 1435 644 affirmo
1468 603 1511 643 in
1543 603 1716 644 maxima
1748 603 1826 643 lae-

68 679 159 720 titia
192 684 231 719 et
264 678 563 733 exoptatissima
595 677 862 732 gratulatione
896 693 1023 718 unum
1069 677 1118 718 ad
1165 676 1451 718 cumulandum
1498 676 1691 730 gaudium
1735 690 1827 715 con-

69 755 249 806 spectum
283 756 352 792 aut
385 752 517 806 potius
552 751 801 806 complexum
835 751 935 791 mihi
979 756 1093 791 tuum
1136 750 1322 800 defuisse,
1366 764 1484 803 quem
1525 748 1645 790 semel
1685 752 1828 789 nactus

70 825 102 866 si
136 839 313 879 unquam
346 824 532 865 dimisero
579 840 623 865 ac
666 824 745 865 nisi
789 825 908 865 etiam
949 824 1246 879 praetermissos
1287 822 1440 864 fructus
1483 826 1576 863 tuae
1621 820 1829 862 suavitatis

70 896 272 951 praeteriti
305 896 495 951 temporis
529 912 665 937 omnes
699 911 878 951 exegero,
924 896 1100 951 profecto
1134 895 1209 936 hac
1250 895 1504 936 restitutione
1545 894 1727 935 fortunae
1766 908 1829 933 me

69 970 153 1024 ipse
186 984 267 1010 non
301 969 397 1010 satis
431 968 599 1023 dignum
632 968 834 1009 iudicabo.
871 970 912 1009 3.
947 970 1033 1009 Nos
1067 967 1198 1009 adhuc
1231 968 1275 1008 in
1307 972 1443 1008 nostro
1477 971 1599 1018 statu,
1625 965 1731 1020 quod
1755 965 1830 1006 dif-

70 1042 243 1083 ficillime
276 1042 501 1097 recuperari
535 1057 648 1097 posse
682 1041 865 1082 arbitrati
899 1057 1050 1092 sumus,
1086 1041 1336 1097 splendorem
1359 1044 1541 1081 nostrum
1563 1039 1679 1080 illum
1701 1038 1830 1079 foren-

70 1130 152 1155 sem
185 1119 225 1155 et
255 1115 298 1155 in
333 1118 474 1155 senatu
507 1114 786 1155 auctoritatem
820 1119 860 1155 et
893 1114 999 1169 apud
1033 1115 1138 1155 viros
1172 1113 1297 1155 bonos
1331 1113 1500 1168 gratiam
1533 1113 1675 1168 magis,
1711 1127 1830 1166 quam

71 1192 268 1242 optamus,
303 1187 508 1227 consecuti
552 1202 703 1228 sumus.
749 1187 798 1227 In
839 1202 880 1227 re
925 1191 1058 1228 autem
1102 1185 1301 1236 familiari,
1349 1201 1449 1239 quae
1494 1185 1830 1240 quemadmodum

72 1260 194 1301 fracta
228 1259 421 1314 dissipata
454 1258 608 1314 direpta
642 1259 707 1309 sit,
742 1274 823 1299 non
856 1259 1030 1313 ignoras,
1067 1258 1180 1299 valde
1213 1257 1439 1299 laboramus
1469 1262 1709 1313 tuarumque
1750 1274 1831 1299 non

71 1337 153 1373 tam
186 1331 437 1381 facultatum,
480 1346 577 1384 quas
611 1346 684 1386 ego
716 1336 872 1372 nostras
906 1347 990 1373 esse
1024 1330 1174 1382 iudico,
1218 1346 1336 1384 quam
1372 1331 1628 1372 consiliorum
1661 1332 1711 1372 ad
1753 1332 1831 1373 col-

69 1404 251 1459 ligendas
284 1408 324 1444 et
357 1404 659 1445 constituendas
692 1404 881 1458 reliquias
904 1409 1060 1445 nostras
1088 1403 1331 1459 indigemus.
1369 1407 1409 1445 4.
1433 1405 1570 1454 Nunc,
1594 1404 1669 1445 etsi
1698 1404 1832 1445 omnia

111 1567 129 1601 7
152 1578 237 1609 quem
259 1578 284 1599 s.
307 1578 338 1598 n.
361 1577 516 1609 uunquam
538 1567 684 1599 dimisero
692 1581 701 1604 ;
725 1578 763 1599 ac
785 1587 826 1592 ——
849 1569 887 1600 13
910 1571 1089 1609 optaramus
1111 1587 1152 1592 —

70 1725 144 1767 plus
166 1735 265 1767 quam
287 1725 431 1768 perfecto
453 1735 627 1767 coquorum.
664 1724 798 1757 Similes
818 1735 930 1767 quere-

72 1781 120 1812 las
143 1780 226 1818 fudit
247 1781 281 1811 in
306 1790 355 1821 ep.
379 1781 427 1818 15,
450 1781 471 1810 4
494 1784 524 1811 et
547 1779 574 1817 7,
599 1780 676 1811 libri
698 1780 764 1811 III.
798 1780 931 1821 Mitiga-

68 1840 123 1866 tur
145 1839 254 1866 autem
284 1834 547 1875 exprobrationis
578 1834 736 1865 acerbitas
766 1834 814 1871 iis,
846 1844 930 1875 quae

69 1888 179 1919 statim
201 1888 291 1919 addit
313 1889 353 1919 de
376 1897 475 1929 opera
496 1888 537 1918 ab
559 1887 673 1919 Attico
696 1889 737 1918 ad
759 1898 856 1919 suum
882 1898 929 1920 re·
949 1909 950 1920 1

68 1940 173 1971 ditum
196 1940 440 1971 conficiendum
462 1940 590 1971 collata.
614 1940 705 1980 Ergo
729 1950 795 1971 non
820 1950 927 1971 assen-

68 1994 131 2025 tior
160 1993 317 2026 Schutzio
345 1994 425 2026 haec
455 1994 627 2035 glossatori
658 1995 833 2026 tribuenda
861 2005 926 2026 sus-

68 2047 200 2088 picanti,
223 2057 328 2088 neque
351 2048 453 2088 probo
476 2046 638 2080 Orellium
670 2058 726 2078 neo
758 2048 927 2079 secluden-

69 2105 135 2132 tem
157 2106 213 2131 aut
234 2100 464 2131 Hofmannum
486 2110 542 2130 neo
563 2100 597 2130 in
624 2110 669 2130 me
692 2105 885 2131 mutantem.

110 2153 172 2184 Pro
187 2153 367 2193 praeterita
390 2164 457 2184 mea
480 2153 513 2183 iu
536 2155 566 2183 te
587 2153 796 2184 observantia.
828 2153 927 2192 Quod

68 2206 157 2238 Med.
180 2208 236 2237 dat
250 2208 382 2247 propter
404 2216 501 2237 meam
523 2206 557 2236 ia
572 2208 602 2236 te
616 2206 844 2237 observantiam
858 2217 926 2238 non

68 2269 161 2301 posse
183 2259 314 2300 probari
337 2259 524 2299 Malaspina
546 2264 577 2290 et
593 2259 776 2290 Lambinus
793 2269 926 2290 monue-

69 2322 156 2346 runt.
180 2316 309 2347 Vitiosa
331 2315 491 2355 scriptura
512 2315 583 2345 cod.
598 2315 735 2346 Memm.
744 2317 926 2355 propterea,

68 2370 140 2400 cod.
168 2369 270 2399 Torn.
292 2368 474 2409 propterita
504 2369 736 2400 commendant
765 2369 807 2406 id,
839 2369 927 2409 quod

69 2422 188 2454 Bosius
211 2422 347 2453 invenit.
379 2421 492 2460 Quum
515 2432 532 2453 e
555 2422 749 2462 compendio
772 2432 833 2462 pro
856 2424 926 2462 pte-

68 2475 132 2507 rila
156 2476 281 2507 librarii
303 2475 456 2507 fecissent
476 2475 655 2515 propterila
685 2480 716 2506 et
742 2477 922 2516 propterea,

68 2530 205 2570 scriptor
233 2530 303 2560 cod.
332 2529 421 2560 Med.
450 2529 582 2559 ultimas
612 2528 723 2559 literas
754 2529 864 2560 omisit
894 2534 925 2559 et

68 2593 161 2614 casus
183 2583 356 2613 nominum
378 2582 611 2623 praepositioni
637 2584 770 2622 propter
800 2592 923 2613 accom-

68 2637 225 2668 modavit.

109 2688 304 2729 Eandemque
327 2690 358 2718 le
379 2697 412 2718 οι
437 2693 468 2718 et
491 2688 589 2719 simul
611 2697 791 2728 cognoram
813 2693 844 2720 te
864 2692 925 2719 eet.

67 2742 229 2774 Similiter
249 2743 392 2784 idemque
414 2742 549 2783 ponitur
571 2742 638 2773 111.
663 2743 710 2779 12,
735 2743 763 2774 1.

110 2797 128 2835 ᾗ
150 2797 178 2827 2.
205 2795 298 2837 Quem
320 2814 362 2818 -
383 2796 412 2826 sz'
434 2806 565 2836 unquam
581 2795 738 2833 dimisero,
756 2805 794 2826 ac
809 2795 872 2826 nisi
884 2814 925 2818 —-

66 2849 359 2891 exeqerosprofeeto
374 2848 577 2879 -z'udz'cab0.
591 2849 632 2879 In
649 2849 739 2880 Med.
753 2848 923 2889 quumini-

68 2902 114 2933 tio
137 2901 292 2941 scriptum
316 2905 400 2932 esset
422 2903 485 2930 tum
505 2911 595 2941 quam
618 2899 774 2938 dimisero,
798 2910 922 2932 correc-

68 2962 136 2988 tum
159 2961 207 2987 est
228 2966 382 2996 nunquam.
404 2954 562 2985 dimisero.
594 2955 672 2986 Non
695 2960 836 2996 apparet,
865 2965 923 2986 cur

70 3009 184 3041 Cicero
197 3018 262 3039 non
280 3007 458 3048 scripserit:
473 3017 627 3048 nunquam
642 3007 805 3039 dimittam.
829 3008 920 3039 Mad-

71 3061 176 3102 vigius
198 3061 231 3091 in
265 3060 431 3101 praeclara
458 3059 541 3100 disp.
569 3060 610 3091 de
641 3059 818 3090 formarum
845 3070 920 3101 qua-

70 3114 209 3145 rundam
231 3113 324 3145 verbi
346 3112 442 3144 latini
464 3116 581 3144 natura
603 3116 634 3144 et
656 3122 717 3143 usu
741 3112 775 3143 in
802 3110 921 3154 opusc.

69 3165 130 3196 Ac.
154 3166 200 3196 II.
222 3176 252 3205 p.
276 3166 314 3196 95
338 3176 384 3206 sq.
408 3165 517 3196 docuit
535 3165 568 3196 in
585 3164 694 3196 futuro
711 3170 825 3196 exacto
842 3175 920 3196 non·
943 3189 944 3202 1

974 1735 1146 1767 nunquam
1168 1726 1275 1759 inesse
1297 1726 1474 1759 celeritatis
1497 1732 1530 1760 et
1557 1731 1664 1760 certae
1693 1728 1831 1759 affirma-

973 1780 1072 1811 tionis
1094 1780 1172 1818 vim,
1196 1781 1253 1812 sed
1275 1790 1342 1811 non
1366 1781 1475 1812 attulit
1489 1781 1630 1813 alterum
1645 1782 1831 1822 negationis

971 1838 1174 1865 asseveratae
1205 1834 1397 1875 exemplum
1432 1844 1449 1866 e
1486 1833 1656 1866 Ciceronis
1693 1835 1831 1876 scriptis.

971 1886 1018 1916 At
1041 1886 1153 1917 onmia
1175 1887 1298 1927 optime
1324 1887 1507 1927 procedunt
1536 1892 1567 1919 et
1597 1887 1754 1918 facillime
1783 1888 1830 1918 in-

970 1939 1169 1979 telliguntur
1191 1945 1319 1981 recepta
1342 1940 1553 1978 correctione,
1577 1951 1676 1981 quam
1705 1941 1830 1972 Meutz-

970 2002 1069 2024 nerus
1092 1994 1260 2034 proposuit
1282 1994 1315 2025 in
1338 1994 1431 2026 Ann.
1466 1994 1588 2026 Philol.
1619 1996 1668 2033 89,
1699 2006 1728 2037 p.
1760 1995 1829 2034 170,

970 2050 1095 2076 mutata
1117 2047 1216 2077 simul
1239 2047 1462 2078 distinctione.

1012 2099 1183 2131 Praeteriti
1206 2101 1362 2140 temporis.
1396 2102 1536 2133 Temere
1558 2102 1718 2133 Ernestus
1740 2107 1829 2143 puta-

970 2153 1024 2183 bat
1046 2153 1133 2184 idem
1156 2154 1263 2184 inesse
1297 2154 1330 2184 in
1360 2160 1443 2195 part.
1471 2155 1722 2195 praetermissos.
1765 2156 1829 2186 Ne-

970 2207 1095 2238 minem
1117 2208 1197 2238 haec
1220 2207 1426 2240 offenderent
1438 2208 1484 2239 sic
1495 2209 1680 2240 enuntiata:
1704 2209 1828 2241 fructus

969 2259 1181 2290 suavissimae
1204 2264 1277 2291 tuae
1307 2261 1565 2298 consuetudinis,
1596 2271 1677 2302 quos
1706 2266 1828 2302 praete-

969 2312 1031 2342 rito
1065 2317 1210 2353 tempore
1248 2323 1364 2354 parum
1403 2314 1577 2345 aestimans
1613 2315 1828 2356 praetermisi.

969 2365 1074 2406 Atqui
1096 2365 1158 2396 hoc
1180 2366 1268 2397 idem
1290 2366 1355 2397 alio
1387 2368 1486 2397 modo
1516 2377 1604 2398 nunc
1633 2368 1827 2399 declaratur.

969 2418 1118 2459 Duplicis
1147 2419 1287 2459 genitivi
1322 2421 1363 2450 ab
1391 2430 1459 2451 uno
1489 2421 1625 2452 nomine
1653 2422 1827 2462 pendentis

967 2471 1180 2503 Hofmannus
1203 2473 1374 2514 adscripsit
1395 2474 1604 2505 simillimum
1634 2475 1827 2515 exemplum

967 2535 984 2556 e
1007 2525 1099 2556 Fam.
1122 2525 1187 2556 IX.
1211 2527 1240 2563 8,
1263 2527 1291 2563 2,
1307 2527 1497 2566 superiorum
1514 2530 1679 2568 temporum
1686 2527 1826 2568 fortuna

966 2578 1173 2618 reipublic-affl
1198 2589 1258 2610 nec
1287 2580 1447 2612 dissimile
1477 2584 1534 2618 est,
1563 2581 1652 2621 quod
1682 2581 1825 2621 legimus

967 2630 1054 2661 Phil.
1079 2631 1159 2661 VII.
1183 2632 1237 2662 152
1262 2632 1350 2662 euius
1373 2631 1535 2674 (Antonii)
1558 2635 1592 2663 ut
1615 2633 1754 2664 omittam
1780 2633 1825 2664 in·

968 2682 1175 2713 numerabilia
1198 2684 1319 2715 scelera
1341 2685 1455 2716 urbani
1478 2686 1662 2717 consulatus
1684 2696 1717 2717 o:
1741 2696 1825 2728 quae

967 2736 1024 2767 ille
1047 2737 1161 2767 consul
1184 2737 1218 2768 in
1242 2738 1323 2769 urbe
1346 2739 1519 2770 commisit.

1009 2790 1027 2829 ξ
1050 2791 1078 2820 3.
1103 2789 1209 2830 Mayz's
1230 2802 1320 2833 quam
1341 2794 1492 2833 optamus,
1514 2793 1589 2824 Non
1613 2793 1741 2834 scripsit
1762 2804 1824 2824 ma-

962 2843 1014 2883 qi's
1041 2854 1130 2884 quam
1158 2854 1326 2884 speratum,
1356 2847 1443 2886 quod
1472 2851 1573 2877 esset:
1604 2851 1733 2886 praeter
1768 2856 1823 2878 ex-

966 2896 1201 2935 spectationem
1244 2902 1401 2929 nostram.
1446 2897 1512 2929 Sed
1554 2898 1684 2938 optandi
1723 2899 1824 2930 verbo

965 2948 1109 2979 decla-rat
1144 2958 1178 2980 se
1208 2954 1362 2987 metuere,
1397 2959 1439 2981 ne
1468 2950 1526 2981 illa
1555 2951 1715 2982 invidiam
1744 2961 1823 2982 non-

965 2999 1135 3030 nullorum
1157 3002 1342 3041 potentium
1365 3002 1399 3032 in
1422 3012 1456 3033 se
1486 3003 1677 3034 excitarent.
1723 3003 1822 3042 Quod

964 3055 1113 3095 plerique
1143 3056 1283 3088 editores
1306 3063 1499 3098 receperunt
1528 3060 1717 3098 optaramus,
1748 3069 1824 3090 con-

964 3109 1108 3140 iecturae
1132 3109 1271 3142 debetur
1298 3121 1363 3142 non
1388 3112 1503 3143 bonae.

1009 3165 1135 3196 Fracta.
1167 3165 1216 3197 (ff.
1248 3167 1329 3198 Hor.
1353 3166 1420 3199 Sat.
1445 3168 1488 3199 ΙΙ.
1514 3169 1542 3205 3,
1568 3169 1615 3198 18.
1657 3168 1822 3210 Postquam

1866 615 1880 639 5

1852 986 1885 1013 10

1853 1345 1886 1371 15
