2117 3533
229 947 263 971 10

228 1306 262 1334 15

287 142 307 183 7
318 143 339 182 O
684 140 767 180 ΕΡ.
802 140 878 180 ΑΙ)
910 139 955 179 Τ.
991 138 1340 180 ΡΟΜΡΟΝΙΕΜ
1372 140 1636 181 ATTICUM.

284 280 433 330 quanto
468 280 558 315 ante
593 274 641 315 de
675 273 817 314 iisdem
853 273 971 314 rebus
1017 274 1167 314 Graece
1210 274 1308 314 item
1350 275 1544 330 scriptum
1587 274 1736 316 librum
1777 276 1825 318 L.
1861 278 2042 319 Cossinio

284 347 333 388 ad
366 352 405 388 te
438 346 717 403 perferendum
749 346 920 388 dedisse.
955 348 1076 399 Nam,
1111 347 1145 388 si
1178 362 1250 402 ego
1282 352 1400 390 tuum
1433 354 1525 390 ante
1557 350 1754 404 legissem,
1777 351 1952 392 furatum
1978 366 2041 392 me

283 421 353 462 abs
387 426 425 461 te
459 434 542 460 esse
577 420 741 461 diceres.
784 420 1038 474 Quamquam
1070 424 1142 461 tua
1170 420 1240 461 illa
1275 447 1331 452 —-
1364 421 1445 475 legi
1478 422 1585 462 enim
1617 422 1789 464 libenter
1824 448 1881 453 —
1915 422 2041 463 horri-

284 495 378 535 dula
410 493 511 535 mihi
544 497 663 547 atque
696 493 899 547 incompta
932 492 1017 533 visa
1050 497 1166 543 sunm
1202 493 1270 534 sed
1310 498 1443 535 tamen
1485 499 1598 535 erant
1642 500 1781 536 ornata
1823 496 1899 536 hoc
1938 495 2040 550 ipso,

283 566 390 621 quod
423 570 655 608 ornamenta
687 565 958 620 neglexerant,
993 569 1033 605 et
1065 568 1111 605 ut
1142 565 1328 607 mulieres
1361 566 1451 607 ideo
1493 566 1594 608 bene
1640 567 1757 619 olere,
1803 568 1898 622 quia
1937 568 2042 609 nihil

285 640 459 690 olebant,
493 638 748 680 videbantur.
783 638 901 678 Meus
935 642 1069 678 autem
1102 636 1203 678 liber
1235 642 1366 679 totum
1397 640 1566 680 Isocrati
1583 639 1902 699 μυροθήκιον
1924 644 2042 695 atque

286 728 422 754 omnes
455 712 540 753 eius
574 710 862 766 discipulorum
896 710 1049 751 arculas
1083 726 1128 751 ac
1171 711 1357 752 nonnihil
1400 712 1521 753 etiam
1566 713 1798 754 Aristotelia
1839 713 2045 768 pigmenta

287 784 555 840 consumpsit,
599 799 717 838 quem
750 788 797 824 tu
839 783 1046 838 Corcyrae,
1088 788 1136 823 ut
1175 783 1275 824 mihi
1321 784 1409 825 aliis
1449 785 1576 826 literis
1619 785 1832 839 significas,
1877 787 2047 828 strictim

286 859 470 915 attigisti,
505 860 596 913 post
629 860 777 906 autem,
812 860 858 896 ut
892 854 1075 906 arbitror,
1111 871 1133 896 a
1166 856 1349 897 Cossinio
1373 857 1563 912 accepisti
1573 875 1584 908 3
1621 872 1739 911 quem
1760 857 1837 899 tibi
1863 873 1936 914 ego
1962 873 2044 900 non

285 948 411 975 essem
445 945 565 973 ausus
598 929 769 979 mittere,
804 928 884 969 nisi
917 944 1009 969 eum
1042 929 1149 970 lente
1184 944 1229 970 ae
1262 929 1467 971 fastidiose
1501 930 1784 985 probavissem.
1821 934 1862 972 2.
1895 931 2045 982 Quam-

285 1019 404 1058 quam
439 1004 488 1044 ad
508 1019 570 1045 me
590 1003 793 1058 rescripsit
814 1002 894 1043 iam
918 1001 1061 1042 Rhodo
1084 1002 1340 1053 Posidonius,
1366 1018 1420 1054 se,
1444 1008 1627 1044 nostrum
1648 1004 1750 1045 illud
1772 1000 2044 1061 ὑπόμνημα

285 1092 377 1118 cum
408 1077 570 1131 legeret,
605 1076 712 1131 quod
746 1090 819 1130 ego
853 1075 902 1116 ad
936 1090 1041 1126 euni,
1087 1079 1133 1116 ut
1173 1075 1353 1116 ornatius
1398 1075 1446 1116 de
1490 1076 1634 1117 iisdem
1676 1075 1795 1117 rebus
1840 1075 2043 1127 scriberet,

284 1151 482 1200 miseram,
516 1165 598 1191 non
629 1149 748 1191 modo
780 1164 862 1190 non
895 1148 1114 1190 excitatum
1147 1164 1231 1190 esse
1265 1148 1315 1189 ad
1356 1147 1612 1189 scribendum
1656 1149 1724 1189 sed
1766 1149 1887 1190 etiam
1926 1149 2056 1204 plane

285 1223 553 1279 perterritum.
588 1223 697 1275 Quid
732 1223 915 1278 quaeris?
949 1220 1186 1263 conturbavi
1220 1222 1415 1263 Graecam
1448 1222 1667 1262 nationem.
1712 1223 1789 1272 Ita,
1823 1222 1943 1277 vulgo
1976 1222 2046 1277 qui

284 1296 504 1347 instabant,
539 1301 586 1338 ut
618 1296 753 1337 darem
788 1295 878 1345 sibi,
915 1295 1021 1350 quod
1056 1299 1256 1346 ornarent,
1290 1295 1370 1335 iam
1405 1293 1590 1335 exhibere
1613 1294 1712 1335 mihi
1734 1294 1957 1336 molestiam
1980 1294 2046 1335 de-

285 1373 488 1414 stiterunt.
522 1371 598 1421 Tu,
634 1370 667 1410 si
700 1369 776 1410 tibi
809 1370 1005 1425 placuerit
1037 1369 1152 1420 liber,
1188 1367 1360 1419 curabis,
1396 1372 1442 1408 ut
1475 1372 1515 1408 et
1546 1367 1719 1408 Athenis
1753 1368 1805 1408 sit
1837 1373 1878 1409 et
1908 1369 1952 1409 in
1985 1383 2046 1409 ce-

284 1445 379 1486 teris
414 1443 570 1499 oppidis
605 1443 810 1484 Graeciae.
844 1442 1017 1484 Videtur
1050 1442 1156 1484 enim
1188 1457 1302 1497 posse
1338 1441 1491 1497 aliquid
1524 1442 1671 1483 nostris
1703 1441 1823 1483 rebus
1855 1441 1958 1483 lucis
1991 1441 2046 1482 af-

284 1689 392 1719 salam
417 1688 585 1720 Ciceronis.
615 1688 695 1720 Eius
719 1689 796 1720 libri
818 1698 859 1720 ne
882 1698 986 1719 unum
1009 1688 1143 1728 quidem

285 1744 422 1774 verbum
445 1748 601 1783 superest.

326 1796 402 1836 Leqi
424 1796 502 1826 enim
527 1796 668 1826 libenter.
701 1796 791 1827 Male
820 1795 1016 1832 Sehellerus,
1047 1794 1141 1826 Obss.

284 1860 314 1890 p.
340 1850 397 1879 185
421 1849 499 1879 enim
524 1849 558 1879 in
581 1851 685 1879 tamen
707 1849 856 1879 mutavit.
900 1849 965 1879 Illa
986 1848 1145 1889 particula

286 1902 367 1932 solet
389 1902 466 1942 poni
500 1902 539 1932 ad
569 1902 808 1938 affirmandum,
839 1902 878 1933 (10
908 1911 974 1941 quo
1003 1901 1145 1931 dubitari

285 1959 391 1995 posset
415 1959 446 1984 et
468 1963 563 1994 saepe
586 1954 695 1984 locum
717 1954 814 1984 habet
837 1954 871 1984 in
895 1953 1090 1994 parenthesi,
1109 1958 1144 1983 ut

285 2012 397 2037 monet
419 2006 573 2036 Handius
599 2006 632 2036 in
656 2007 751 2036 Turs.
775 2007 821 2036 II.
845 2017 874 2046 p.
899 2006 969 2038 376.

331 2059 370 2089 Ut
393 2058 538 2088 mulieres
560 2063 619 2089 cet.
658 2058 786 2099 Scapha
808 2059 841 2089 iu
865 2059 975 2089 Plauti
999 2059 1144 2089 Mostell.

286 2112 313 2143 I.
338 2114 365 2149 3,
392 2112 466 2142 1162
492 2113 613 2142 eoaslor
636 2111 748 2142 mulier
771 2113 855 2141 reete
877 2111 951 2150 olet,
983 2111 1034 2141 ubi·
1062 2111 1146 2141 msslnssl

286 2167 360 2197 olet.
381 2166 480 2197 Mart.
503 2166 566 2196 VI.
589 2167 638 2195 55.
661 2165 758 2202 Malo,
783 2176 871 2206 qaam
895 2165 970 2196 belle
987 2165 1082 2202 olere,
1099 2165 1146 2195 nil

423 2219 499 2248 Non
522 2219 666 2248 multum
688 2218 848 2248 dissimile
872 2222 928 2255 est,
953 2218 1040 2258 quod
1066 2217 1144 2257 legi-

287 2283 359 2303 mus
381 2273 416 2303 in
440 2272 527 2304 Orat.
552 2271 600 2304 78.
624 2271 702 2301 Nam
726 2274 760 2301 w?
783 2272 929 2302 [mlieres
951 2281 1019 2301 esse
1039 2271 1145 2301 dicun.-

287 2328 339 2356 lus·
364 2325 536 2356 nonnullae
558 2325 736 2362 inornatae,
760 2336 837 2366 quas
860 2324 895 2355 id
915 2324 1011 2365 ipsum
1027 2324 1146 2361 deceat,

287 2385 346 2411 cet.
370 2386 401 2411 et
424 2380 521 2419 plane
544 2388 586 2410 ex
610 2380 725 2410 eodem
745 2388 865 2419 genere
882 2383 956 2408 sunt
972 2378 1051 2409 haec
1067 2378 1147 2408 Var-

286 2433 375 2463 ronis
391 2442 407 2463 0
426 2432 542 2469 Satira,
558 2442 588 2472 p.
605 2431 665 2463 172
682 2431 787 2468 Oehl„
803 2430 952 2461 Bellaria
966 2441 1004 2460 ea
1018 2430 1150 2460 maxime

285 2488 359 2517 sunt
384 2485 513 2521 mellita,
537 2495 615 2525 quae
638 2485 759 2515 mellita
783 2495 842 2514 non
863 2486 946 2521 sant,
976 2494 1058 2524 quae
1088 2493 1153 2515 ser-

286 2540 374 2570 vavit
396 2538 523 2570 Gellius
545 2539 586 2569 N.
609 2539 653 2569 A.
676 2538 778 2569 XIII.
803 2539 851 2569 11.
882 2539 1015 2570 Partem
1032 2539 1150 2569 horum

286 2595 324 2625 P.
346 2594 516 2625 Manutius
539 2593 718 2633 occupavit.

328 2646 476 2677 Isocrati.
499 2646 590 2677 Haec
615 2646 717 2676 forma
734 2646 873 2686 genitivi
889 2646 1063 2676 nominum
1078 2656 1148 2686 pro-

285 2701 431 2741 priorum
453 2701 487 2730 in
511 2710 542 2730 es
566 2701 760 2731 exeuntium
782 2710 824 2731 ex
846 2701 984 2731 Aeolica
1008 2701 1147 2731 dialecto

286 2755 470 2795 repetenda,
503 2764 587 2794 quae
618 2754 779 2784 Prisciani
809 2755 1001 2785 auctoritate
1030 2755 1147 2785 nititur

286 2814 317 2839 et
341 2809 425 2848 apud
450 2807 643 2838 Ciceronem
667 2808 761 2838 bonis
785 2808 952 2838 codicibus
975 2809 1145 2838 confirma-

286 2867 345 2897 tur,
369 2861 425 2890 diu
448 2860 582 2900 explosa
607 2870 625 2890 a
647 2860 879 2891 recentissimis
897 2860 1017 2890 criticis
1035 2860 1144 2891 reduci

285 2919 399 2953 coepta
428 2919 486 2943 est.
518 2913 594 2943 vid.
624 2913 746 2952 Reisig.
779 2912 889 2943 Schol.
919 2923 949 2952 p.
981 2914 1038 2943 111
1069 2923 1144 2943 cum

285 2966 394 2996 adnot.
416 2965 542 2995 Haasii.
571 2965 660 2996 Add.
683 2965 830 3005 Madvig.
854 2966 894 2995 ad
918 2966 984 2996 Cic.
1007 2967 1046 2996 dc
1068 2966 1144 2996 Fin.

402 3024 433 3049 et
457 3019 526 3055 (532³,
550 3019 687 3050 Ellendt
709 3019 749 3049 ad
773 3018 841 3049 Cic.
864 3018 953 3050 Orat.
977 3019 1024 3049 ΙΙ.
1043 3030 1073 3059 p.
1105 3021 1142 3049 55

286 3081 331 3112 sq.
355 3072 464 3112 etqui
495 3072 748 3112 diligentissime
776 3071 856 3103 haec
887 3072 1038 3102 tractavit
1067 3071 1143 3104 Otto

285 3125 319 3156 in
341 3125 423 3155 Exe.
447 3124 539 3156 XIII
562 3125 602 3157 ad
625 3124 693 3157 Cic.
716 3125 756 3157 de
778 3134 845 3166 rep.
866 3135 895 3165 p.
923 3124 983 3157 473
1007 3123 1143 3157 Osanni.

287 2219 379 2249 olere.

284 3029 315 3059 p.
339 3020 377 3048 32

1189 1686 1230 1717 In
1255 1687 1272 1726 ξ
1296 1687 1356 1717 190
1386 1686 1532 1719 oratoris
1562 1686 1700 1718 Isocrati
1728 1686 1901 1719 Goellerus
1930 1696 1948 1719 e
1977 1689 2048 1719 cod.

1189 1741 1412 1772 Einsiedlensi
1435 1740 1579 1772 reduxit.

1231 1792 1433 1824 Aristotelia.
1468 1794 1605 1824 Ellendt
1634 1803 1685 1834 op.
1714 1793 1736 1823 l.
1765 1803 1796 1834 p.
1827 1793 1866 1827 67
1889 1803 1979 1835 seqq.
2002 1803 2048 1826 re-

1193 1850 1304 1875 censet
1326 1844 1431 1875 multa
1452 1845 1587 1875 nomina
1601 1844 1771 1877 Graecein
1794 1846 1860 1882 εἷος
1882 1846 2048 1883 exeuntia,

1193 1910 1275 1941 quae
1297 1901 1395 1930 modo
1418 1899 1451 1930 in
1475 1910 1529 1930 eus
1551 1901 1650 1930 modo
1679 1901 1713 1931 in
1742 1901 1791 1931 ias
1820 1902 2049 1933 terminantur.

1193 1952 1317 1993 Optimi
1339 1953 1470 1983 libriin
1504 1953 1556 1983 his
1586 1953 1722 1991 variant,
1753 1964 1860 1996 neque
1890 1965 2049 1995 gramma-

1193 2005 1248 2036 tici
1270 2005 1356 2036 inter
1378 2014 1411 2035 se
1434 2005 1646 2035 conveniunt.
1670 2005 1719 2036 Cf.
1743 2007 1826 2038 Exc.
1849 2007 1903 2038 XI
1926 2008 1966 2038 ad.
1981 2006 2049 2038 Cic.

1192 2061 1231 2092 dc
1256 2070 1322 2100 rep.
1346 2059 1483 2091 Osanni.

1235 2111 1408 2152 Piymenta,
1431 2110 1617 2156 χρώματα,
1642 2112 1770 2142 colores.
1816 2111 1871 2144 Or.
1908 2114 1954 2144 II.
1990 2114 2049 2144 188

1192 2167 1344 2198 laudatur
1366 2167 1469 2198 oratio
1489 2168 1558 2198 sine
1572 2167 1740 2208 ‚pi-omentis
1760 2167 1898 2208 sucoque
1918 2168 2050 2208 puerili,

1194 2225 1225 2250 et
1248 2220 1281 2250 in
1305 2220 1411 2250 Bruto
1434 2220 1493 2250 298
1524 2220 1659 2251 Catonis
1689 2219 1839 2251 Censorii
1868 2220 2051 2252 orationem

1194 2274 1343 2304 nondum
1365 2274 1478 2304 multis
1502 2274 1704 2304 ornamentis
1734 2279 1766 2304 et
1795 2273 1976 2304 luminibus
2005 2274 2050 2305 di-

1195 2328 1348 2359 stinctam
1378 2339 1481 2369 quum
1509 2329 1653 2359 indicare
1689 2328 1778 2365 velit,
1814 2328 1927 2359 scribit
1961 2328 2051 2359 illius

1195 2381 1395 2410 lineamentis
1424 2391 1526 2411 eorum
1550 2381 1787 2421 piymentorum,
1816 2391 1894 2421 quae
1922 2381 2052 2412 inventa

1196 2432 1328 2462 vondwn
1352 2435 1453 2469 erant,
1466 2434 1578 2474 florem
1602 2435 1633 2463 et
1655 2433 1784 2462 colorem
1807 2432 1956 2472 defuisse.

1239 2485 1377 2516 Strictim
1405 2496 1437 2516 o:
1469 2486 1583 2522 obiter,
1613 2486 1745 2516 cursim.
1775 2496 1803 2525 p.
1833 2485 1965 2517 Cluent.
2012 2488 2051 2518 29

1197 2538 1381 2578 iunguntur
1401 2538 1534 2568 breviter
1555 2538 1756 2578 slrielimque,
1786 2548 1817 2578 p.
1841 2537 1930 2569 Cael.
1954 2539 1991 2569 15
2015 2539 2052 2569 ta·-

1197 2591 1342 2621 tabanler
1364 2593 1394 2620 et
1416 2590 1560 2620 sttz'etim.
1583 2590 1701 2620 Altera
1722 2589 1828 2620 forma
1841 2590 1952 2621 stricte
1967 2592 2052 2632 apud

1197 2644 1298 2674 bonos
1322 2644 1493 2684 scriptores
1516 2653 1582 2673 non
1605 2642 1783 2673 invenitur.

1235 2696 1310 2726 Post
1331 2699 1445 2726 [cutem.
1470 2696 1536 2734 Qui
1559 2706 1616 2736 pro
1638 2695 1689 2725 his
1703 2697 1867 2736 postquam
1881 2696 2051 2734 dederunt,

1194 2762 1232 2782 00
1255 2752 1400 2782 maxime
1422 2751 1511 2782 ducti
1535 2751 1698 2787 videntur,
1722 2751 1810 2790 quod
1838 2761 1954 2791 parum
1982 2761 2051 2792 pro-

1194 2806 1301 2836 babile
1323 2806 1489 2836 videretur
1511 2805 1611 2835 istum
1633 2805 1755 2834 librum
1777 2804 1866 2844 prius
1897 2805 1937 2835 ad
1970 2805 2051 2836 alios

1193 2859 1330 2889 missum
1352 2859 1461 2895 fuisse,
1486 2869 1585 2899 quam
1607 2859 1648 2888 ad
1670 2858 1832 2888 Atticum.
1877 2857 1943 2888 Sed
1965 2863 2051 2889 recte

1191 2913 1344 2943 observat
1366 2913 1537 2944 Manutius
1560 2922 1576 2943 e
1605 2912 1765 2952 proximis
1794 2921 1958 2951 apparere,
1989 2911 2050 2942 Po-

1191 2966 1357 2997 sidonium
1372 2975 1502 3007 quoque
1519 2975 1593 2996 eum
1614 2965 1681 2995 iam
1695 2970 1770 2995 ante
1787 2963 1915 3003 legisse.
1937 2964 2050 3005 Atque

1191 3020 1217 3050 si
1241 3022 1406 3061 postquam
1442 3038 1484 3042 -
1519 3018 1669 3058 accepisti
1705 3017 1857 3057 legimus,
1893 3027 2051 3059 perquam

1191 3072 1303 3112 inepta
1326 3078 1375 3104 est
1397 3072 1546 3113 clausula>
1568 3069 1761 3103 sententiae.

1233 3125 1250 3164 ξ
1275 3126 1302 3156 2.
1329 3124 1414 3166 Quid
1433 3123 1588 3167 quaeris?
1611 3137 1647 3151 ε
1673 3131 1715 3154 ne
1736 3122 1842 3154 multa
1863 3123 1979 3162 dicam,
1998 3124 2049 3155 de-
