2117 3533
250 156 304 193 98

645 149 729 190 ΕΡ.
765 148 840 188 An
872 147 918 186 T.
954 116 1302 186 POMPomuM
1339 142 1600 184 ATTICUM.

247 287 328 328 tuis
361 286 487 327 literis
522 299 639 339 quam
673 298 722 323 ex
753 281 862 322 illius
903 294 1082 321 sermone
1132 278 1228 333 quid
1274 283 1470 332 ageretur,
1516 277 1565 317 de
1608 277 1874 320 ruminatione
1908 295 2004 334 quo-

247 361 413 410 tidiana,
449 358 496 399 de
530 356 770 411 cogitatione
805 353 956 404 Publii,
999 353 1047 393 de
1080 352 1192 392 lituis
1235 345 1511 407 βοώπιδος,
1557 351 1605 391 (16
1649 351 1838 405 signifero
1881 351 2004 392 Athe-

248 434 381 482 nione,
424 431 472 472 (16
515 430 640 471 literis
672 428 804 469 missis
837 426 887 467 ad
921 426 1113 475 Gnaeum,

250 509 440 558 quantam
487 518 603 558 porro
646 500 746 542 mihi
788 497 1125 554 exspectationem

1149 424 1197 465 (16
1230 424 1485 478 Theophanis
1515 423 1776 477 Memmiique
1804 438 2004 474 ser1none;

1166 496 1313 537 dedisti
1357 495 1529 536 convivii
1577 492 1711 536 istius*
1743 492 2004 554 ἁσελγοῦςῑ

215 593 227 613 .-.
250 578 345 617 Sum
389 577 432 617 in
475 575 704 617 curiositate
749 568 1025 624 ὁξύπεινοςε
1072 569 1139 610 sed
1184 574 1317 610 tamen
1362 568 1475 609 facile
1517 568 1646 623 patior
1688 573 1728 609 te
1768 568 1810 609 id
1855 568 1903 609 ad
1944 583 2006 609 me

202 960 232 984 10

250 647 534 707 συμπόσιον
564 661 646 688 11011
680 643 862 689 scribere,
898 646 1146 698 praesentem
1181 640 1318 681 audire
1352 640 1470 681 malo.
1507 642 1547 680 3.
1582 640 1701 691 Quod
1734 656 1811 691 me,
1844 646 1892 681 ut
1914 641 2007 682 scri-

253 724 341 764 bam
375 722 542 777 aliquid,
576 719 760 768 hortaris,
794 716 936 758 crescit
967 715 1067 756 mihi
1112 713 1274 768 quidem
1317 714 1514 764 materies,
1561 718 1607 753 ut
1647 713 1747 754 dicis
1760 731 1771 764 3
1814 713 1881 754 sed
1923 718 2009 754 tota

251 812 311 837 res
345 797 465 837 etiam
497 809 606 835 nunc
639 793 827 833 fluctuat:
863 785 973 830 κατ’
1010 783 1203 845 ὀπώρην
1236 783 1363 844 qrb}
1423 786 1536 837 Quae
1570 786 1603 827 si
1637 785 1848 836 desederit,
1882 786 2009 841 magis

252 874 369 911 erunt
400 868 592 917 iudicata,
628 880 727 920 quae
761 862 931 904 scribam
945 879 956 912 3
999 876 1099 915 quae
1141 860 1174 900 si
1216 859 1349 900 statim
1385 874 1408 900 a
1450 874 1512 900 me
1555 859 1652 900 ferre
1693 874 1774 900 non
1817 859 2008 913 potueris,

251 944 403 998 primus
434 939 601 982 habebis
634 944 767 979 tamen
801 940 840 976 et
873 933 1119 988 aliquamdiu

1162 932 1282 974 solus.
1336 935 1375 972 4.
1410 932 1700 973 Dicaearchum
1738 937 1842 973 recte
1887 947 2008 973 amas.

252 1014 501 1056 Luculentus
533 1013 652 1053 homo
686 1015 746 1051 est
779 1014 819 1050 et
851 1007 949 1048 civis
982 1006 1091 1047 haud
1126 1005 1259 1060 paullo
1292 1005 1430 1046 melior
1471 1021 1588 1060 quam
1630 1006 1698 1046 isti
1738 1007 1864 1047 nostri
1903 1000 2010 1048 ⁶831.-

252 1088 512 1145 καίαρχοι.
558 1085 713 1126 Literas
746 1081 885 1136 scripsi
918 1080 1016 1120 hora
1049 1079 1203 1120 decima
1236 1078 1473 1129 Cerialibus,
1509 1080 1644 1120 statim
1685 1085 1731 1120 ut
1773 1084 1864 1120 tuas
1906 1079 2008 1133 lege-

254 1176 350 1209 ram,
386 1159 453 1200 sed
488 1174 553 1199 eas
587 1174 691 1199 eram
727 1158 907 1203 (1111111116,
954 1160 999 1193 ut-
1040 1158 1236 1207 putaram,
1285 1153 1473 1206 postridie
1515 1153 1564 1201 ei,
1608 1153 1675 1206 (1111
1716 1152 1813 1192 1111111
1860 1153 2011 1206 primus

254 1375 281 1411 2,
305 1375 334 1404 S.
356 1372 492 1409 Gellius,
514 1371 556 1401 N.
580 1371 622 1401 A.
647 1369 744 1400 XIV.
769 1370 787 1399 2
810 1369 864 1405 111.,
889 1378 969 1409 quos
999 1369 1107 1399 lauda-

254 1428 300 1458 vit
322 1427 487 1457 vavassor
510 1425 543 1455 in
567 1423 743 1455 Antibarb.
767 1433 796 1463 p.
820 1423 889 1453 612.

295 1480 344 1510 De
365 1477 574 1509 ruminatione
596 1476 780 1517 quotidiana
812 1486 845 1505 o:
869 1477 909 1506 de
932 1476 971 1506 iis
1000 1475 1107 1511 rebus,

252 1544 334 1575 quae
357 1533 502 1574 quotidie
525 1531 650 1562 occulte
672 1534 870 1570 repetuntur.
894 1529 1044 1560 Verbum
1059 1539 1108 1558 ru-

253 1587 368 1619 minari
390 1588 451 1618 hac
473 1586 505 1616 vi
529 1591 578 1616 ter
607 1584 730 1624 legitur
765 1584 799 1614 in
830 1584 945 1623 fragm.
989 1583 1109 1614 Satira-

254 1653 325 1673 rum
348 1640 518 1676 Varronis,
542 1650 572 1679 p.
604 1639 671 1675 101,
703 1639 772 1674 213,
802 1639 862 1668 220
892 1637 986 1669 06111.
1031 1638 1107 1667 Non

254 1695 413 1726 assentior
435 1692 570 1729 Orellio,
593 1691 650 1731 qui
680 1691 737 1721 illa
767 1690 806 1720 de
837 1690 1025 1731 coyilaiione
1054 1690 1108 1720 ho-

254 1760 326 1780 rum
348 1758 436 1780 11066.
461 1748 624 1787 glossema
646 1755 715 1776 csse
738 1750 839 1785 putat.

296 1802 343 1831 De
366 1800 456 1832 lituis
478 1794 665 1844 βοώπιὸος.
692 1798 819 1836 Quibus
839 1797 953 1828 Clodia
976 1795 1109 1826 fratrem
1131 1797 1132 1805 ¹

254 1863 411 1897 tanquam
434 1856 474 1886 ad
496 1854 658 1895 proelium
682 1853 848 1883 incitabat.

298 1912 342 1941 De
370 1910 523 1951 .rr](snifho·o
550 1908 726 1939 Athenione
748 1917 781 1937 o:
805 1908 845 1937 de
874 1905 952 1936 Sex.
982 1905 1108 1940 Clodio,

253 1966 309 2005 qui
332 1970 367 1995 ut
388 1964 469 1994 olim
491 1961 638 1994 Athenio
661 1960 722 1990 fuit
744 1961 813 1989 dux
837 1958 1050 1998 fugitivorum
1074 1957 1108 1987 in

255 2017 378 2053 Sicilia,
400 2016 524 2047 Romae
544 2023 655 2044 servos
678 2013 719 2042 ad
740 2012 873 2041 caedem
897 2016 927 2041 ct
961 2010 1109 2050 rapinam
1132 2014 1134 2024 ¹

254 2070 401 2101 ducebat.
437 2068 486 2099 Cf.
517 2067 606 2098 Cael.
635 2065 683 2097 78.
712 2064 791 2095 Asc.
821 2064 855 2094 in
887 2063 997 2093 Pison.
1028 2073 1057 2102 p.
1081 2063 1109 2092 8.

255 2123 336 2159 Alii,
367 2122 401 2152 in
430 2121 547 2161 quibus
576 2117 757 2153 Manutius,
798 2115 968 2145 Vatinium
1004 2115 1110 2154 potius

255 2174 433 2213 significari
470 2172 679 2207 arbitrantur,
711 2170 737 2199 Ι.
774 2168 810 2198 F.
847 2167 1032 2198 Gronovius
1062 2165 1111 2196 Se-

255 2228 383 2264 dulimn,
406 2226 463 2267 qui
485 2224 674 2255 nominatur
697 2223 730 2252 in
754 2226 833 2251 orat.
856 2231 886 2261 p.
909 2221 1018 2256 domo,
1042 2219 1091 2251 79.

304 2280 507 2321 Theophani&
529 2279 579 2309 De
601 2278 662 2308 hoc
686 2276 756 2306 dixi
779 2276 819 2305 ad
843 2284 890 2315 ep.
915 2276 942 2311 ὖ,
968 2275 994 2304 1.

302 2333 442 2365 Convivii
471 2332 564 2362 istius
586 2327 766 2373 ἀσελγοῦς.
808 2329 865 2367 Ep.
898 2328 945 2363 14,
977 2327 1004 2362 1,
1035 2326 1113 2356 (licit

258 2389 426 2420 delicatum
448 2387 628 2419 convivium.

302 2440 490 2481 ὀξύπεινος.
522 2440 684 2471 Potuissct
707 2438 814 2468 dicere
834 2436 1029 2476 ficmeliczcm,
1060 2445 1113 2465 vo-

259 2499 415 2529 cabulum
438 2496 642 2537 aptissimum
664 2504 764 2534 quum
783 2494 823 2523 (16
837 2492 991 2522 convivio
1007 2500 1114 2521 sermo

260 2558 317 2588 est,
341 2551 392 2581 vel
415 2549 522 2590 potius
545 2549 584 2579 de
608 2545 784 2592 συμποσίῳ
809 2555 832 2575 s.
864 2543 1113 2584 compotatione.

261 2608 310 2638 Cf.
343 2608 383 2637 (16
417 2606 546 2637 Senect.
576 2606 626 2634 45.
657 2599 832 2642 ὀξυπείνος
860 2605 907 2630 est
934 2599 969 2628 in
998 2598 1114 2637 fragm-

260 2662 387 2703 Diphili
409 2661 495 2701 apud
517 2659 641 2690 Athen.
666 2659 709 2688 II.
733 2668 762 2697 p.
785 2656 824 2688 47
850 2656 887 2686 B.

303 2716 321 2755 ξ
344 2717 372 2745 3.
396 2706 469 2745 κατ’
486 2711 620 2757 ὀπώρην
636 2709 734 2755 τρὺξ.
762 2709 825 2740 Per
841 2705 1117 2746 autmnnunzfaear.

262 2770 480 2801 Proverbium
502 2769 542 2799 de
566 2768 660 2797 rebus
684 2765 831 2801 turbatis,
854 2763 995 2793 necdum
1017 2761 1058 2791 ad
1082 2759 1118 2789 li-

262 2825 398 2865 quidum
419 2822 591 2864 perductis.
614 2821 705 2851 Faex
727 2819 783 2849 ubi
805 2816 973 2852 desederit,
1003 2815 1118 2845 vinum

263 2877 423 2917 liquidum
437 2881 467 2906 et
482 2884 601 2915 purum
616 2874 661 2903 fit.
685 2872 791 2911 Igitur
806 2870 921 2901 Cicero
935 2878 1001 2898 non
1023 2866 1119 2906 scrip-

262 2931 303 2961 sit
324 2931 358 2960 in
390 2939 476 2970 seqq.
499 2927 653 2963 indicata,
693 2925 781 2965 quod
814 2923 941 2952 aberrat
971 2931 988 2950 a
1016 2924 1118 2958 tropo,

262 2985 318 3014 sed
348 2983 481 3013 fortasse
509 2981 641 3022 liquata,
674 2984 710 3008 ut
744 2976 829 3007 coni.
864 2974 1008 3006 Orellius
1035 2976 1120 3002 recte

264 3046 421 3076 spernens
445 3033 594 3066 Schutzii
616 3036 841 3062 commentum
863 3026 1011 3057 iucunda.

305 3091 324 3129 ξ
346 3091 375 3119 4.
400 3087 637 3119 Dicaearchum.
661 3084 711 3116 Cf.
734 3085 774 3114 ad
797 3092 846 3123 ep.
869 3082 897 3118 2,
920 3080 950 3111 2.

312 3142 511 3171 Enridentus.
536 3140 615 3170 VII.
639 3138 685 3174 17,
704 3138 721 3167 2
745 3134 921 3174 Pompeius
941 3132 1060 3163 dicitur
1074 3129 1121 3159 lu-

1131 1393 1132 1398 ,
1155 1371 1297 1401 Calenius
1319 1369 1462 1409 scriptor,
1487 1369 1531 1399 X.
1555 1369 1602 1405 12,
1627 1369 1654 1405 2,
1678 1368 1795 1408 aliquis
1818 1372 1865 1398 est
1876 1367 2012 1398 luculen-

1130 1446 1132 1453 ,
1155 1427 1205 1454 lus
1227 1426 1347 1454 auctor.
1378 1423 1486 1453 Nimis
1509 1427 1648 1462 anguste
1671 1423 1824 1453 vocabuli
1847 1423 1914 1453 vim
1936 1423 2011 1453 defi-

1154 1478 1258 1514 niunt,
1289 1477 1344 1517 qui
1378 1476 1500 1516 ubique
1523 1476 1720 1515 perspicuum
1749 1476 2012 1516 interpretantur,

1155 1541 1255 1571 quum
1278 1531 1319 1561 sit
1341 1534 1516 1570 praestans,
1539 1529 1690 1559 eximius.
1726 1529 1838 1569 Atque
1861 1529 1891 1559 h.
1916 1529 1936 1559 l.
1960 1530 2013 1559 ad-

1155 1585 1264 1621 ducor,
1288 1590 1322 1614 ut
1345 1584 1424 1624 quid
1447 1583 1587 1613 iudicem
1610 1584 1650 1613 de
1673 1583 1902 1614 emendatione
1914 1583 2012 1613 huius

1156 1638 1306 1668 vocabuli
1339 1638 1371 1667 in
1403 1637 1516 1672 Bruto,
1548 1636 1606 1666 129
1639 1636 1813 1666 declarem.
1856 1636 1909 1666 Ibi
1937 1636 2011 1666 libri

1155 1691 1265 1731 scripti
1288 1699 1402 1720 omnes
1424 1690 1518 1720 dant:
1547 1689 1577 1719 C.
1600 1689 1736 1719 Fimbria
1759 1708 1799 1711 —
1821 1689 1945 1719 habitus
1967 1691 2013 1718 est

1153 1754 1240 1780 sane,
1264 1746 1297 1774 iet
1320 1743 1367 1773 ila
1390 1743 1501 1780 (licam,
1525 1743 1702 1773 luculentus
1716 1744 1882 1781 patronus,
1913 1751 2012 1782 asper,

1155 1796 1334 1833 maledierrs,
1359 1806 1474 1837 grener-e
1503 1798 1566 1825 loto
1590 1795 1702 1835 paullo
1729 1794 1888 1834 fervidior
1923 1797 2015 1835 atque

1156 1848 1330 1879 commotior
1366 1854 1426 1879 cet.
1470 1849 1510 1878 In
1542 1858 1629 1878 voce.
1658 1847 1835 1877 luculentus
1858 1849 2016 1887 patronus

1157 1902 1281 1942 aliquid
1304 1902 1377 1932 vitii
1400 1902 1515 1938 inesse,
1538 1911 1641 1941 quum
1664 1910 1709 1937 ea,
1733 1910 1816 1940 quae
1838 1901 1948 1931 statim
1970 1909 2014 1931 se-

1157 1960 1311 1996 quuntur,
1335 1960 1488 1993 arguunt,
1512 1960 1583 1985 tuni
1605 1954 1693 1994 quod
1715 1954 1852 1994 scriptor
1873 1954 1919 1984 ita
1946 1963 2015 1994 per-

1158 2010 1221 2049 git:
1245 2009 1324 2039 idem
1349 2009 1525 2039 tolerabilis
1540 2010 1706 2047 patronii&
1740 2008 1899 2038 Ernestus
1922 2008 2016 2038 iussit

1157 2064 1264 2094 deleto
1280 2065 1436 2102 patronus
1457 2063 1620 2102 corrigere
1641 2061 1845 2098 truculentus,
1875 2070 2015 2101 eumque

1159 2121 1342 2157 sequuntur
1364 2116 1518 2153 Orcllius,
1541 2116 1686 2152 Ellendt,
1711 2114 1872 2151 Sternius‚
1894 2115 1948 2145 hic
1972 2121 2015 2145 ta-

1159 2180 1234 2201 men
1259 2170 1392 2200 invitus.
1414 2170 1457 2200 Et
1479 2179 1556 2199 sane
1579 2170 1605 2199 si
1628 2169 1673 2199 ita
1694 2168 1884 2209 scripsisset,
1902 2168 2015 2199 Cicero

1160 2234 1225 2254 non
1249 2223 1426 2253 addidisset
1448 2225 1482 2252 ut
1502 2222 1550 2252 ila
1573 2221 1684 2258 dicam,
1714 2221 1859 2261 Scripsit,
1881 2221 2014 2261 opinor:

1135 2286 1137 2294 ³
1162 2277 1190 2308 C.
1216 2276 1350 2307 Fimbria
1374 2295 1413 2298 -—-
1436 2276 1559 2307 babitus
1581 2278 1627 2306 est
1649 2285 1736 2311 Sane,
1765 2277 1800 2305 m*
1828 2274 1874 2304 ita
1903 2274 2014 2310 dicam,

1159 2331 1343 2366 lvelnlenlzm,
1358 2329 1585 2365 atro.1·(econi.
1600 2329 1705 2365 Bakii,
1722 2328 1833 2359 Schol.
1846 2329 2015 2368 Hypoinn.

1161 2387 1226 2417 ΙΙΙ.
1248 2397 1279 2426 p.
1301 2386 1387 2426 324),
1410 2395 1509 2424 asper,
1539 2390 1599 2415 cet.
1643 2384 1694 2414 En
1725 2383 1785 2414 tibi
1807 2384 2014 2420 vocabulum,

1160 2440 1211 2470 cui
1235 2450 1253 2469 a
1274 2439 1382 2469 sobrio
1405 2439 1560 2478 scriptore
1575 2443 1661 2468 recte
1675 2442 1893 2477 praeponatur
1907 2437 2015 2477 aliqua

1161 2492 1302 2522 formula
1342 2493 1380 2521 ad
1418 2490 1666 2521 insolentiorem
1689 2499 1786 2519 usum
1815 2489 2015 2519 leniendum.

1161 2545 1348 2574 Luculentm
1369 2544 1409 2574 de
1430 2543 1563 2573 homine
1587 2548 1635 2572 est
1657 2542 1742 2582 apud
1765 2541 1831 2572 Cic.
1854 2541 1888 2571 in
1904 2541 2015 2577 Pison.

1163 2599 1213 2631 27.
1235 2598 1300 2629 Sed
1322 2598 1367 2628 ibi
1389 2597 1558 2627 hominem
1583 2596 1705 2626 indicat
1716 2595 1851 2636 impuris
1866 2596 2020 2633 moribus,

1163 2652 1216 2682 hic
1238 2652 1278 2681 de
1301 2656 1429 2680 oratore
1452 2649 1560 2688 agitur
1579 2649 1715 2688 impuro.
1740 2647 1788 2679 Cf.
1804 2647 1893 2679 Orat.
1908 2649 1955 2679 ΙΙ.
1970 2649 2020 2685 91,

1164 2706 1221 2736 ubi
1245 2705 1351 2735 eidem
1372 2704 1539 2734 Fimbriae
1563 2703 1664 2739 nervi,
1689 2703 1744 2733 sed
1762 2702 1858 2733 etiam
1874 2702 1939 2733 oris
1947 2712 2020 2742 pra—

1163 2759 1245 2789 vitas
1265 2758 1430 2788 tribuitur.

1210 2811 1335 2842 Obviam
1358 2811 1503 2842 venisses.
1538 2811 1648 2841 Rediit
1677 2809 1733 2841 Or.
1766 2811 1805 2840 ad
1828 2810 2019 2850 scripturam

1166 2866 1235 2895 cod.
1258 2865 1293 2895 Z.
1316 2870 1347 2895 et
1368 2865 1466 2900 Med„
1489 2874 1591 2904 quum
1620 2864 1654 2894 in
1684 2862 1898 2894 deterioribus
1928 2862 2020 2891 libris

1165 2918 1326 2948 scribatur
1347 2917 1526 2947 obvenisset.
1570 2916 1635 2947 Sed
1657 2915 1798 2946 obvenire
1819 2924 1946 2955 semper
1973 2921 2022 2945 est

1165 2971 1332 3012 oblinyere,
1366 2980 1529 3010 nusquam
1557 2979 1728 2999 occurrere.
1773 2968 1884 3005 Quare
1911 2967 2021 3004 miror,

1167 3023 1265 3054 etiam
1288 3033 1376 3053 nunc
1399 3022 1465 3061 legi
1494 3023 1579 3062 apud
1607 3021 1741 3052 Livium
1762 3019 1897 3056 XXIX,
1921 3020 1970 3056 34,
1994 3020 2022 3056 8,

1167 3086 1201 3107 se
1222 3076 1255 3107 in
1278 3078 1411 3117 tempore
1427 3086 1554 3117 puynae
1576 3075 1784 3106 obventurum.
1806 3074 1897 3112 Quin
1922 3079 1957 3104 tu
1978 3082 2023 3104 re-

1173 3140 1274 3170 pone:
1305 3130 1531 3160 suhvenlmmn.
1576 3129 1673 3167 Quod
1703 3134 1813 3158 autem
1842 3127 2025 3167 Malaspina
