2117 3533
287 141 338 180 36

688 140 771 182 EP.
806 140 882 181 AD
915 141 960 182 Τ.
996 141 1345 187 POMPONIUM
1377 147 1641 190 ATTICUM.

282 273 366 314 lum
399 273 700 314 cohortarentur
732 273 782 314 ad
823 275 1068 328 rogationem
1112 279 1398 334 accipiendam,
1439 281 1622 322 homines
1662 281 1712 322 ad
1755 295 1827 324 xv.
1870 282 2037 325 Curioni

283 345 439 386 nullum
473 350 633 387 senatus
667 346 894 388 consultum
927 346 1089 390 facienti
1123 358 1377 394 assenserunt
1385 371 1396 404 3
1431 368 1480 394 ex
1513 353 1635 394 altera
1654 358 1765 409 parte
1784 353 1900 396 facile
1919 368 2037 397 cccc.

282 417 457 459 fuerunt.
502 419 605 459 Acta
637 433 698 459 res
732 424 805 460 est.
847 420 985 462 Fufius
1017 422 1043 465 †
1074 424 1239 465 tertium
1272 426 1482 467 concessit.
1527 425 1692 467 Clodius
1727 427 1934 469 contiones
1967 428 2040 470 mi-

282 505 386 531 seras
418 489 606 542 habebat,
640 492 683 532 in
717 491 863 546 quibus
895 493 1124 547 Lucullum,
1160 497 1436 549 Hortensium,
1480 498 1526 539 C.
1574 498 1774 551 Pisonem,
1822 500 2038 542 Messalam

253 563 485 604 50011sule1n
519 564 805 606 contumeliose
839 565 1035 617 laedebat,
1081 584 1143 609 me

1187 574 1346 611 tantum
1393 598 1413 622 ,s
1425 571 1661 626 comperisse
1706 571 1869 613 omnia”
1911 572 2041 614 crimi-

280 635 465 678 nabatur.
500 638 670 679 Senatus
703 643 743 679 et
776 638 823 679 cle
856 640 1072 694 provinciis
1105 648 1331 697 praetorum
1365 648 1405 684 et
1437 644 1486 684 de
1518 643 1788 698 legationibus
1822 650 1862 686 et
1895 644 1944 686 de
1976 660 2038 687 ce—

278 709 374 749 teris
408 709 526 751 rebus
561 710 812 762 decernebat,
846 716 893 752 ut
926 717 1031 764 ante,
1067 729 1186 768 quam
1218 716 1372 769 rogatio
1405 716 1486 757 lata
1519 721 1635 768 esset,
1679 732 1728 758 ne
1763 717 1860 772 quid
1905 732 2040 772 agere-

278 785 358 821 tur.
394 784 436 822 6.
471 782 608 824 Habes
642 799 702 824 res
736 784 949 825 Romanas.
984 785 1061 827 Sed
1093 791 1227 828 tamen
1261 787 1382 828 etiam
1415 787 1530 839 illud,
1566 788 1673 843 quod
1707 804 1789 830 non
1823 805 2036 845 speraram,

279 854 388 896 audi.
424 856 596 897 Messala
630 856 768 897 consul
802 862 861 898 est
894 859 1089 913 egregius,
1125 860 1252 912 fortis,
1287 866 1488 911 constans,
1524 861 1710 916 diligens,
1743 864 1871 904 nostri
1902 863 2039 905 lauda-

232 943 264 968 10
277 932 352 979 tor,
389 933 552 980 amator,
587 929 777 970 imitator.
813 930 886 971 Ele
921 931 1019 972 alter
1051 947 1132 972 uno
1166 933 1263 974 vitio
1296 934 1431 975 minus
1451 934 1634 986 vitiosus,
1659 935 1766 989 quod
1788 935 1909 987 iners,
1934 936 2040 991 quod

278 1001 407 1042 somni
440 1001 595 1056 plenus,
632 1001 738 1055 quod
771 1002 995 1057 imperituS,
1032 1004 1135 1058 quod

1181 1001 1580 1063 ἁπρακτόῑατος,
1624 1006 1691 1047 sed
1736 1007 1941 1049 voluntate
1984 1009 2041 1050 ita

277 1073 545 1131 καχέκτης,
581 1079 627 1115 ut
660 1076 896 1130 Pompeium
928 1081 1019 1132 post
1050 1077 1160 1118 illam
1202 1079 1442 1130 contionem,
1484 1079 1528 1120 in
1569 1094 1648 1134 qua
1694 1079 1743 1121 ab
1788 1095 1833 1121 eo
1878 1086 2039 1123 senatus

274 1146 462 1188 laudatus
494 1152 567 1199 est,
603 1147 731 1189 odisse
765 1149 950 1204 coeperit.
985 1150 1128 1205 Itaque
1160 1151 1307 1192 mirum
1338 1152 1381 1193 in
1414 1151 1578 1193 modum
1612 1168 1748 1194 omnes
1782 1169 1804 1194 a
1837 1170 1877 1196 se
1910 1154 2037 1196 bonos

275 1219 477 1261 alienavit.
512 1221 655 1275 Neque
688 1221 730 1262 id
763 1223 890 1276 magis
924 1223 1100 1265 amicitia
1133 1224 1264 1265 Clodii
1298 1224 1497 1266 adductus
1530 1225 1627 1267 facit
1653 1241 1772 1281 quam
1798 1227 1932 1269 studio
1951 1243 2038 1283 per-

228 1308 259 1333 15
276 1293 449 1335 ditarum
482 1309 614 1335 rerum
648 1299 767 1349 atque
811 1296 999 1350 partium.
1052 1298 1129 1339 Sed
1170 1297 1292 1339 habet
1338 1299 1400 1340 sui
1442 1298 1611 1340 similem
1655 1300 1698 1341 in
1738 1299 2039 1355 magistratibus

273 1372 428 1422 praeter
461 1367 620 1409 Fufium
654 1368 869 1409 neminem.
912 1370 1035 1411 Bonis
1069 1372 1220 1413 utimur
1254 1370 1428 1413 tribunis
1462 1372 1532 1427 pl.,
1568 1373 1746 1415 Cornuto
1781 1389 1872 1415 vero
1915 1374 2038 1415 Pseu·

315 1558 333 1586 3
356 1556 462 1597 Flfius
485 1556 627 1588 tribanus
650 1560 713 1588 tum
735 1558 897 1590 concessit.

271 1726 346 1758 furt.
370 1727 403 1758 in
427 1737 472 1758 or.
495 1728 590 1759 Balb.
614 1729 662 1759 19.
685 1728 769 1759 Gud.
793 1735 858 1769 opt.
887 1729 984 1760 Tusc.
1016 1729 1057 1759 V.
1080 1730 1129 1759 94.

271 1781 368 1821 Quod
390 1783 443 1814 hic
466 1783 499 1814 in
528 1784 617 1815 Med.
648 1789 696 1815 est
724 1783 890 1825 siyillafim
920 1794 937 1815 e
966 1785 1128 1815 scribendi

270 1836 463 1876 compendio
486 1842 594 1867 ortum
616 1843 705 1878 puto.

314 1889 449 1920 Carioni.
486 1890 536 1920 De
558 1896 649 1931 patre
671 1891 926 1931 intelligendum
950 1901 1028 1928 esse,
1059 1891 1128 1921 filio

271 1947 341 1972 tum
364 1943 511 1973 nondum
535 1943 568 1974 in
584 1949 733 1974 senatum
751 1944 900 1981 admisso,
917 1944 999 1975 vidit
1015 1944 1127 1975 Corra-
1148 1982 1149 1991 ἵ

270 1996 340 2032 dus,
364 2002 596 2036 argumentum
619 2003 732 2037 petens
756 2007 797 2028 ex
821 1998 912 2038 epist.
936 1999 984 2035 24,
1008 1998 1064 2028 lib.
1081 1998 1127 2028 ΙΙ.

310 2047 439 2079 Nullum
474 2049 584 2080 Sarum
610 2050 753 2090 facienti
782 2061 815 2081 o:
848 2050 974 2082 SCtum
1013 2051 1127 2082 tollere

269 2101 403 2138 volenti,
428 2102 613 2133 tollendum
636 2103 793 2134 censenti.
830 2104 917 2134 Nam
940 2104 1027 2143 quod
1050 2103 1127 2134 Dra-

269 2154 368 2184 kenb.
391 2155 431 2185 ad
453 2155 526 2186 Liv.
550 2155 704 2186 XXVII.
727 2157 776 2193 25,
800 2157 818 2187 3
832 2155 975 2196 facienti
995 2156 1128 2197 interpr.

260 2206 446 2247 fitciendum
471 2208 621 2246 censensi,
644 2219 711 2239 non
727 2209 810 2240 vidit
824 2209 906 2240 nihil
923 2219 1004 2250 opus
1019 2209 1127 2247 fuisse,

271 2268 312 2290 ne
336 2270 459 2291 novum
483 2259 609 2292 SCtum
631 2261 732 2299 fieret,
757 2263 813 2293 sed
836 2267 872 2292 ut
888 2262 930 2299 id,
948 2263 1127 2303 quoderat,

270 2312 450 2343 tolleretur.
483 2313 598 2344 Potius
627 2315 723 2345 credo
756 2320 891 2352 veteres,
923 2315 979 2355 qui
1010 2315 1128 2345 nullum

270 2374 336 2394 esse
358 2375 416 2405 pro
432 2364 570 2405 periisse
592 2366 754 2404 dicebant,
779 2367 858 2407 (vid.
882 2367 955 2398 intt.
986 2368 1026 2398 ad
1054 2368 1128 2398 Liv.

270 2417 332 2447 VI.
364 2418 411 2454 18,
442 2419 475 2458 8)
506 2418 605 2450 etiam
634 2419 751 2449 nullum
773 2419 889 2459 faeere
919 2430 976 2460 pro
1006 2420 1127 2458 follere,

269 2468 373 2499 delere
394 2471 549 2511 posuisse.

309 2522 417 2562 Fufius
438 2525 454 2561 †
476 2523 601 2554 fernum
624 2524 788 2555 concessit.
823 2525 976 2556 Eri-orem
1005 2526 1128 2556 librarii

269 2576 437 2607 oscitantis
466 2577 597 2616 egregie
627 2578 760 2608 sustulit
789 2577 948 2609 Graevius
976 2579 1009 2609 in
1039 2579 1126 2610 Add.

268 2638 298 2668 p.
321 2629 380 2658 305
410 2629 592 2668 corrigens:
618 2629 749 2660 territus
771 2631 922 2661 concessit
945 2641 976 2661 o:
1000 2630 1126 2662 SCtum

268 2690 334 2711 non
364 2681 522 2721 impediit.
565 2682 661 2719 Nam,
698 2692 780 2722 quae
817 2684 856 2713 de
892 2683 1125 2715 intercessione

266 2733 362 2770 Fufii,
393 2744 491 2774 quam
528 2735 702 2766 verebatur
738 2736 946 2773 Hortensius,
978 2746 1026 2776 ep.
1057 2746 1122 2777 seq.

267 2792 448 2823 narrantur,
479 2788 560 2817 adeo
594 2797 660 2818 non
691 2788 822 2819 obstant
858 2788 909 2818 his
938 2789 1056 2825 verbis,
1086 2794 1123 2819 nt

265 2838 371 2878 potius
394 2839 585 2878 gravissime
608 2840 803 2871 confirment
830 2841 863 2871 in
894 2847 1009 2871 senatu
1033 2851 1122 2872 nunc

265 2891 451 2922 concessisse
472 2892 614 2928 Fufium,
638 2893 694 2923 sed
717 2902 750 2923 se
773 2902 954 2924 reservasse
981 2894 1120 2924 comitiis

265 2943 328 2983 legi
358 2943 521 2975 ferendae.
545 2944 688 2975 Manutii
718 2945 801 2975 coni.
833 2945 941 2985 Fufius
976 2945 1119 2976 tribunus

263 2996 381 3036 (ΤΗΙ.)
405 2998 467 3026 tam
490 2997 650 3034 concessit,
674 3008 773 3037 quam
796 2998 914 3028 Bosius
937 2999 1007 3029 cod.
1023 2998 1118 3039 scrip-

262 3058 334 3081 tura
356 3050 461 3080 tritten
486 3051 620 3087 adiuvit,
644 3051 721 3091 quia
742 3052 839 3091 plane
862 3052 966 3082 otiosa
988 3058 1037 3083 est
1059 3051 1116 3082 tri-

260 3104 334 3133 lmm'
355 3104 530 3143 appellatio
551 3109 624 3144 post
646 3113 691 3140 ea,
723 3114 805 3144 quae
834 3105 929 3135 initio
959 3105 1114 3146 epistolae

260 3157 377 3198 scripta
400 3163 485 3193 sunt,
509 3158 591 3188 milii
613 3168 679 3189 11011
702 3159 867 3198 probatur.

1216 1726 1270 1758 Me
1293 1746 1333 1750 —
1361 1729 1544 1768 comperisse
1566 1729 1679 1760 omnia.
1704 1729 1898 1761 Ciceronem
1921 1740 2035 1771 argue·

1175 1780 1253 1811 bant
1275 1781 1450 1812 adversarii
1473 1782 1506 1812 in
1530 1791 1627 1812 causa
1650 1781 1843 1813 Catilinaria
1859 1782 1920 1813 hoc
1936 1783 2036 1814 verbo

1173 1843 1270 1864 usum
1293 1843 1361 1865 esse
1384 1844 1442 1875 pro
1463 1840 1668 1875 argumento.
1699 1835 1749 1867 Cf.
1772 1835 1865 1866 Fam.
1889 1836 1932 1866 V.
1956 1838 1983 1873 5,
2007 1838 2036 1868 2.

1173 1887 1277 1918 Acad.
1301 1888 1362 1918 IV.
1387 1888 1435 1918 62.

1214 1942 1261 1972 De
1290 1942 1508 1982 leycclionibas.
1546 1943 1682 1983 Legatis
1713 1949 1901 1975 exterarum
1933 1944 2035 1974 natio-

1175 2005 1254 2025 num
1277 1995 1448 2026 audiendis
1471 2006 1585 2027 vacare
1608 1997 1734 2028 solebat
1763 2002 1895 2028 senatus
1922 2006 2035 2028 mense

1174 2047 1362 2085 Februario,
1386 2048 1449 2079 nisi
1473 2049 1554 2080 aliae
1578 2058 1628 2080 res
1660 2049 1866 2090 impedirent.
1904 2048 1954 2080 Cf.
1984 2058 2034 2089 ep.

1175 2099 1222 2136 18,
1247 2100 1274 2132 7.
1297 2100 1390 2131 Fam.
1413 2101 1440 2131 Ι.
1463 2102 1492 2138 4,
1516 2102 1544 2131 1.
1567 2101 1609 2140 Q.
1632 2101 1670 2131 fr.
1694 2102 1740 2132 II.
1764 2102 1812 2139 13,
1837 2103 1866 2132 3.
1888 2101 2034 2132 Wunde-

1175 2161 1229 2182 rus
1252 2153 1292 2182 ad
1315 2152 1428 2195 Plane.
1452 2154 1501 2184 33.

1218 2206 1235 2245 ἓ
1259 2206 1287 2236 6.
1314 2205 1378 2236 Π)ιο
1401 2206 1476 2237 vitio
1500 2207 1600 2237 minvs
1626 2206 1766 2237 vitiosus.
1802 2206 1891 2238 Dicit
1919 2206 2034 2237 Cicero

1176 2257 1331 2290 Pisonem
1353 2259 1488 2300 plenum
1510 2260 1667 2291 vitiorum
1689 2259 1798 2296 fuisse,
1821 2269 1889 2290 uno
1905 2259 2034 2290 tardita-

1175 2311 1216 2342 tis
1238 2311 1318 2342 vitio
1341 2318 1486 2353 excepto,
1510 2313 1598 2353 quod
1621 2312 1728 2353 ipsum
1750 2312 1784 2343 in
1809 2312 1874 2342 alio
1896 2311 1963 2342 fere
1987 2321 2033 2342 re-

1174 2364 1451 2404 prehendendum,
1492 2366 1526 2396 in
1561 2365 1695 2397 homine
1738 2374 1891 2406 perverso
1929 2365 2033 2396 virtus

1175 2419 1335 2458 quaedam
1358 2424 1414 2456 est,
1438 2424 1524 2450 certe
1547 2419 1687 2449 aliorum
1708 2418 1865 2449 vitiorum
1898 2418 2030 2458 impedi-

1173 2475 1333 2501 mentum.
1368 2470 1409 2501 cf.
1446 2470 1540 2502 Ovid.
1569 2472 1704 2502 Metam.
1742 2470 1826 2501 XII.
1857 2472 1926 2500 554.
1974 2469 2033 2499 Bis

1172 2533 1228 2554 sea·
1256 2523 1423 2554 Herculeis
1451 2524 1640 2563 ceciderunt,
1677 2535 1723 2554 me
1753 2524 1853 2554 mimis
1875 2534 1945 2560 meo,
1983 2522 2034 2552 Vi-

1173 2576 1265 2613 ribus,
1295 2581 1326 2607 et
1355 2576 1412 2616 qui
1441 2576 1554 2606 multis
1577 2576 1737 2617 exemplis
1761 2576 1845 2607 hanc
1868 2581 2031 2607 construc-

1173 2629 1296 2660 tionem
1317 2629 1495 2661 illustravit
1517 2629 1544 2660 1.
1567 2628 1605 2660 F.
1628 2628 1814 2661 Gronovius
1836 2628 1914 2661 Obs.
1938 2629 1984 2660 ΙΙ.
2003 2629 2030 2666 1,

1171 2693 1201 2723 p.
1225 2682 1294 2714 170.
1337 2682 1437 2714 Recte
1467 2688 1577 2714 autem
1607 2682 1752 2714 Orellius
1774 2692 1863 2714 nunc
1886 2683 2048 2725 deseruit·

1170 2736 1345 2766 verborum
1367 2737 1525 2773 ordinem,
1548 2746 1647 2777 quem
1669 2736 1750 2767 olim
1771 2736 1938 2777 probabat,
1968 2745 2029 2766 uno

1169 2788 1268 2818 mimas
1290 2788 1376 2825 vitio,
1399 2790 1487 2830 quod
1508 2789 1770 2828 Wesenbergius
1791 2788 1930 2819 Emend.
1942 2797 1972 2828 p.
1988 2787 2028 2818 49

1168 2850 1209 2871 ne
1238 2841 1412 2873 correctori
1441 2842 1529 2872 Med.
1566 2841 1699 2882 quidem
1734 2841 1804 2871 iure
1842 2839 1941 2871 tribui
1979 2849 2026 2870 os—

1168 2894 1281 2924 tendit.

1211 2947 1294 2987 Quid
1330 2946 1485 2988 quaeris?
1525 2947 1739 2978 Casaubonus
1773 2947 1925 2978 observat
1953 2950 2027 2986 post

1164 2998 1249 3030 hanc
1271 2999 1496 3039 quaestionem
1519 2999 1643 3040 aliquid
1662 2998 1831 3035 excidisse,
1851 3006 1954 3038 quum
1980 2997 2026 3027 sic

1164 3052 1251 3082 nude
1273 3061 1443 3091 nunquam
1464 3058 1614 3092 ponatur.
1652 3051 1715 3083 Cui
1736 3051 1783 3082 ita
1804 3049 1974 3086 assentior,
1988 3054 2025 3080 ut

1162 3106 1260 3135 verba
1280 3104 1531 3145 transpositione
1546 3106 1692 3136 sananda
1703 3110 1817 3145 putem
1831 3104 1893 3134 hoc
1909 3103 2024 3134 modo:

1162 3158 1261 3189 Bom's
1291 3158 1405 3188 wilmar
1435 3158 1571 3189 tribunis
1592 3158 1704 3198 plebis,
1729 3157 1862 3188 Cornuto
1890 3166 1962 3187 vero
1983 3172 2024 3179 —
