2117 3533
254 146 340 187 178
651 146 735 186 ΕΡ,
774 145 846 184 ΛΠ
878 145 924 184 Τ.
959 143 1308 184 POMPONIUM
1344 143 1606 184 ATTICUM.

247 280 300 321 sit
332 279 524 320 occultior
558 283 598 318 et
632 276 786 330 aliquid
821 276 1041 318 satisfactio
1074 276 1249 317 levitatis
1282 276 1427 318 habere
1465 277 1661 318 videatur.
1715 279 1756 318 4.
1792 276 1869 317 Sed
1904 275 2011 317 vide-

251 353 388 393 rimus.
421 353 483 391 Tu
516 349 634 390 modo
669 364 788 402 quam
812 348 1116 403 saepissimead
1146 364 1207 389 me
1232 348 1399 402 aliquid.
1434 349 1671 403 Epistolam,
1696 349 1870 390 Lucceio
1894 364 2013 403 quam

254 424 357 474 misi,
392 439 471 477 qua
504 438 612 464 meas
646 438 707 463 res
740 428 786 463 ut
820 421 967 463 scribat
1016 437 1126 476 rogo,
1175 422 1236 463 fac
1281 427 1326 462 ut
1371 421 1421 463 ab
1466 437 1511 462 eo
1553 437 1685 463 sumas
1696 441 1707 473 3
1754 422 1867 463 valde
1910 421 2015 462 bella

254 502 332 537 est:
384 511 555 550 eumque
605 500 651 536 ut
702 500 938 550 approperet
979 494 1201 535 adhorteris
1243 499 1296 545 et,
1342 494 1449 549 quod
1491 494 1592 535 mihi
1636 510 1675 536 se
1718 495 1774 535 ita
1815 494 2014 535 facturum

218 590 229 604 ›-
253 569 468 623 rescripsit,
503 584 598 623 agas
631 569 794 623 gratias.
829 568 1004 608 Domum
1039 574 1230 617 nostram,
1265 568 1397 622 quoad
1434 568 1594 623 poteris,
1629 568 1793 608 invisas.
1830 567 2016 608 Vestorio

256 641 407 696 aliquid
441 642 662 697 significes3
698 641 812 683 valde
847 641 953 682 enim
988 646 1048 681 est
1082 641 1123 681 in

300 807 314 836 1
339 806 496 837 oculatior
516 824 557 828 —
580 806 599 836 2
622 804 754 836 Lucceio
777 814 859 835 nuuc
882 815 971 846 quum
994 804 1065 835 misi
1088 822 1128 827 —

256 966 391 997 iniuriis.
428 966 515 996 Part.
552 965 641 997 Orat.
679 964 726 996 77.
763 963 855 994 Fam.
886 963 952 993 ΠΙ.
983 962 1032 998 10,
1065 957 1140 1004 10.{

257 1019 319 1050 IV.
343 1020 391 1056 13,
415 1020 445 1049 4.
469 1017 600 1058 Optime
622 1017 703 1047 haec
726 1015 879 1056 exposuit
901 1015 1060 1045 Ernestus
1076 1013 1116 1043 ad
1139 1014 1141 1045 λ

258 1072 365 1102 Taciti
395 1071 440 1101 ].l.
472 1070 537 1101 Sed
559 1069 599 1100 cf.
623 1077 752 1109 quoque
775 1067 894 1098 Matth.
920 1067 960 1097 ad
984 1070 1064 1096 orat.
1085 1076 1116 1106 p.
1140 1084 1141 1087 =

258 1128 331 1158 Mil.
355 1127 373 1167 ξ
396 1127 448 1157 21,

299 1180 347 1211 Ne
368 1199 408 1202 —
430 1180 471 1210 su
494 1178 646 1210 occultior
674 1188 708 1208 ος
733 1186 775 1208 110
805 1176 915 1206 minus
954 1180 1118 1215 appareat.
1141 1190 1143 1195 ·

260 1234 403 1265 Veretur
425 1232 548 1270 Cicero,
573 1239 609 1263 ut
631 1232 726 1262 dolor
747 1231 790 1261 ob
820 1229 976 1260 iniuriam
1007 1237 1120 1268 accep·
1142 1231 1143 1259 i

260 1294 336 1325 tam,
360 1297 459 1328 quem
483 1287 587 1318 adhuc
610 1288 854 1326 compresserat,
885 1284 919 1314 in
952 1283 1037 1313 libro
1061 1292 1120 1312 suo
1143 1286 1144 1292 ¹

260 1341 416 1372 occultari
439 1340 548 1381 possit.
580 1338 616 1370 Si
639 1338 769 1374 Bosius,
794 1337 849 1377 qui
872 1337 912 1366 de
934 1335 1122 1366 coniectura
1144 1349 1145 1356 1

262 1395 390 1435 scripsit
412 1393 580 1429 oculatior,
612 1393 644 1422 id
667 1391 873 1422 coniecturae
903 1388 1016 1420 deberi
1050 1398 1121 1418 nar·
1145 1398 1146 1408 ¹

262 1454 373 1485 xusset,
397 1458 462 1478 11011
488 1453 554 1478 tam
578 1450 746 1486 promptos
771 1443 952 1473 invenisset
976 1441 1057 1471 alios
1082 1440 1121 1470 ad

263 1503 490 1544 accipiendum
525 1500 734 1535 vocabulum,
773 1498 861 1538 quod
891 1506 1055 1536 nusquam
1088 1495 1122 1525 in

265 1557 433 1589 Ciceronis
459 1555 586 1596 scriptis
610 1554 734 1594 legitur
757 1557 787 1583 et
818 1551 1000 1583 sententiae
1031 1559 1123 1590 repu-

265 1615 353 1650 gnat.
376 1610 484 1645 Nunc>
507 1618 609 1648 quum
632 1610 777 1637 narraret
801 1614 869 1636 esse
893 1613 909 1634 0
927 1604 998 1633 00(1.
1012 1603 1124 1633 decur-

267 1673 343 1704 tato,
369 1676 482 1697 ornnes
506 1665 572 1696 fere
595 1665 636 1695 ab
660 1674 698 1695 eo
720 1663 846 1703 decepti
870 1666 957 1692 sunt.

308 1719 348 1749 Et
384 1717 507 1759 aliquid
540 1716 721 1756 satisfactio
758 1713 899 1745 levitatis
935 1712 1049 1743 habere
1086 1711 1127 1740 vi-

267 1772 382 1803 deuz‘ur
405 1782 438 1802 οι
463 1776 494 1802 et
523 1780 565 1801 ne
602 1769 770 1800 levitatem
806 1767 887 1797 mihi
911 1766 1076 1801 obiiciant,
1101 1764 1127 1793 si

269 1826 442 1857 scribendo
466 1825 606 1855 ulciscar
628 1821 857 1857 Hortensium,
881 1830 899 1850 a
922 1829 988 1859 quo
1010 1818 1128 1848 tacitus

267 1878 423 1909 iniuriam
447 1876 565 1917 accepi.
603 1873 789 1914 *S'atisfuctio
812 1882 922 1902 rursus
945 1871 1067 1911 legitur
1089 1870 1129 1900 ad

270 1931 362 1962 Fam.
388 1930 470 1960 VII.
495 1930 544 1966 13,
569 1929 596 1958 1.

311 1986 328 2026 ξ
352 1986 380 2014 1.
408 1983 586 2023 Epistolam,
612 1980 741 2011 Lucceio
763 1990 852 2020 quam
876 1978 956 2009 misi.
990 1977 1131 2017 Legitur

271 2037 329 2068 illa
351 2037 437 2067 inter
461 2036 553 2076 epist.
578 2034 619 2064 ad
647 2033 739 2063 Fam.
763 2033 805 2062 V.
836 2032 884 2068 12,
916 2030 1130 2069 oneravitque

272 2091 462 2131 scriptorem
485 2087 711 2119 immodestiae
734 2086 881 2116 crimine.
908 2084 974 2115 Sed
997 2093 1128 2114 causam

274 2144 443 2177 Ciceronis
467 2148 598 2174 strenue
622 2145 760 2181 egerunt
780 2137 1131 2179 Martyni-Laguna‘in

275 2200 342 2233 Cic.
366 2200 458 2240 epist.
480 2209 511 2239 p.
534 2197 594 2230 247
618 2206 664 2237 sq.
691 2202 722 2227 et
746 2195 782 2226 C.
806 2195 849 2225 H.
864 2193 1079 2224 Frotscherus
1099 2192 1132 2222 in

275 2257 421 2294 separata
434 2249 708 2282 celebratissimae
726 2248 883 2288 epistolae
899 2246 1052 2281 editione,
1064 2245 1132 2275 An-

275 2308 361 2344 nab.>
384 2306 476 2336 1838.
501 2304 612 2342 Quum
634 2308 743 2333 autem
768 2301 912 2333 Orellius
932 2300 1133 2341 praeclaram

277 2360 447 2400 epistolam
471 2368 537 2388 non
561 2357 632 2387 sine
654 2355 782 2386 mendis
805 2354 953 2390 ediderit,
976 2353 1067 2383 iuvat
1080 2352 1133 2382 hic

280 2414 421 2445 breviter
443 2412 596 2448 indicare,
621 2419 704 2450 quae
728 2414 759 2440 et
782 2408 947 2449 quomodo
970 2405 1052 2437 mihi
1067 2415 1134 2435 cor-

884 2525 981 2567 VII.

1157 656 1219 681 me
1258 640 1448 682 liberalis.

1164 963 1299 1003 rigenda
1336 963 1517 994 videantur.
1561 963 1601 993 In
1637 964 1656 1002 ξ
1685 964 1704 994 2
1742 962 1880 993 Troicum
1910 962 2021 993 bellum

1165 1026 1240 1046 011111
1263 1015 1381 1046 Geiero
1403 1020 1548 1046 mutetur
1568 1016 1600 1046 in
1617 1015 1781 1046 Phocicum
1797 1015 1918 1045 bellum.
1945 1015 2021 1045 Vid.

1164 1071 1351 1101 Alexamhi
1375 1071 1422 1101 M.
1444 1070 1559 1101 histor.
1581 1070 1703 1110 scriptt.
1735 1080 1764 1110 p.
1788 1070 1850 1100 212
1859 1083 1866 1105 ;
1902 1076 1972 1100 tuni
2006 1078 2023 1099 0

1166 1126 1254 1156 Μο(1.
1284 1125 1508 1166 recipiendum
1529 1124 1706 1166 seioecuyeres
1721 1135 1778 1165 pro
1794 1124 1876 1154 falsa
1891 1123 2023 1154 Ernesti

1141 1197 1143 1222 3
1165 1179 1251 1209 coni.
1274 1178 1447 1219 seiunyere.
1486 1179 1527 1208 111
1551 1178 1569 1218 ξ
1593 1180 1609 1208 5
1640 1188 1707 1208 11011
1737 1178 1864 1218 scripsit
1899 1176 2024 1213 Cicero,

1166 1232 1253 1271 quod
1294 1231 1402 1261 editur
1431 1240 1448 1261 0
1477 1230 1572 1261 Mss.:
1606 1229 1705 1260 Cuius
1736 1229 1822 1260 studi
1833 1239 1890 1260 um
1918 1229 1952 1259 in
1983 1229 2026 1260 le-

1167 1285 1275 1324 gendo
1297 1294 1364 1314 non
1380 1288 1525 1314 erectum
1539 1282 1755 1313 Themistocli
1771 1282 1850 1322 fuga
1868 1282 2030 1322 redituque

1168 1339 1349 1370 retinetur?
1379 1339 1435 1369 sed
1472 1343 1535 1375 aut,
1567 1338 1655 1378 quod
1684 1337 1854 1368 Ferrarius
1887 1337 2029 1373 volebat,

1145 1409 1146 1440 i
1170 1394 1395 1433 reponendum
1417 1392 1616 1432 interituque,
1651 1397 1706 1422 aut
1729 1392 1819 1431 quod
1848 1390 1929 1420 mihi
1961 1400 2030 1430 pro-

1171 1446 1311 1476 babilius
1344 1445 1489 1475 videtur:
1528 1443 1707 1484 reditusque
1735 1452 1788 1482 Spe
1819 1445 1953 1473 tenetur.
1988 1443 2028 1473 In

1171 1500 1187 1539 ξ
1212 1499 1229 1528 6
1252 1498 1284 1528 2722
1307 1498 1416 1539 quibus
1440 1517 1480 1521 —
1502 1496 1714 1537 complecteris
1738 1497 1807 1527 sine
1829 1496 1982 1537 exemplo
2000 1501 2030 1527 et

1171 1558 1284 1583 contra
1306 1553 1466 1582 rationein
1491 1556 1547 1582 est.
1571 1551 1727 1581 Deleatur
1749 1550 1793 1580 in.
1829 1550 1955 1580 Deinde
1978 1559 2029 1579 va-

1172 1606 1235 1636 rios
1257 1608 1347 1637 actus
1370 1606 1542 1646 multusque
1571 1604 1711 1635 actiones
1741 1604 1909 1634 verissime
1940 1604 2031 1634 Mad-

1173 1658 1290 1698 vigius,
1315 1658 1453 1688 Eniend.
1477 1657 1510 1688 in
1535 1656 1602 1687 Cic.
1626 1657 1683 1687 lib.
1707 1656 1787 1696 phil.
1810 1666 1840 1696 p.
1865 1656 1904 1686 36
1927 1660 2031 1686 sustu-

1173 1714 1211 1744 lit
1239 1714 1412 1743 scribendo
1441 1712 1545 1743 varios
1587 1714 1677 1742 actus
1706 1711 1962 1752 umialz'onesque,
1992 1712 2032 1742 de

1174 1775 1303 1807 quone
1335 1766 1407 1806 quis
1441 1766 1605 1796 dubitaret
1638 1764 1745 1796 effecit
1775 1764 2032 1804 YVesenbergius

1174 1821 1314 1852 Emend.
1338 1820 1444 1860 epistt.
1468 1830 1496 1860 p.
1521 1821 1560 1850 33
1583 1830 1630 1860 sq.
1667 1819 1707 1849 In
1732 1819 1749 1858 ξ
1773 1818 1790 1850 7
1814 1819 1913 1849 verba
1943 1829 2031 1859 quam

1174 1874 1226 1915 quz'
1248 1874 1279 1904 in
1304 1884 1338 1904 eo
1349 1883 1464 1914 qenere
1478 1873 1663 1904 laborarunt
1680 1872 1766 1903 male
1784 1871 1889 1903 seduli
1905 1871 2034 1903 lectoris

1176 1927 1435 1958 additamentum
1458 1926 1626 1957 continere
1650 1925 1768 1956 iudico.
1794 1924 1909 1956 Cicero
1932 1935 2033 1965 quum

1177 1979 1371 2019 scripsisset:
1396 1978 1459 2008 Neo
1481 1978 1580 2008 minus
1603 1979 1649 2008 est
1672 1977 1848 2017 Spartanus·
1864 1977 2031 2018 Ayesiluus

1177 2031 1233 2061 ille
1250 2030 1472 2071 perhibeudus,
1495 2030 1547 2071 qui
1569 2040 1665 2071 aeque
1681 2029 1801 2070 pictum
1821 2029 2034 2071 nequestolam

1179 2085 1344 2126 imuqinem.
1368 2095 1454 2115 suum
1479 2094 1595 2125 passus
1624 2086 1671 2115 est
1694 2094 1769 2121 esse,
1799 2084 1882 2115 nihil
1912 2083 2036 2114 addidit

1180 2139 1285 2170 sciens
1318 2138 1495 2169 Lucceium
1528 2148 1565 2169 ea
1589 2138 1755 2177 legentem
1777 2138 2035 2178 comparativum

1182 2202 1225 2223 ex
1249 2193 1289 2223 iis
1313 2201 1394 2233 quae
1417 2192 1616 2232 praecedunt
1638 2192 1888 2232 explicaturum,
1912 2191 1946 2221 id
1969 2195 2033 2221 est:

1180 2256 1268 2286 quum
1291 2243 1484 2275 Alarander.

1230 2297 1369 2328 Vestorio
1392 2297 1515 2339 aliquid
1535 2296 1701 2337 siquffceS.
1732 2306 1766 2327 o:
1803 2297 1957 2328 Vestorio
1991 2306 2037 2328 ar-

1186 2353 1344 2391 gemm-io,
1368 2361 1467 2392 quem
1490 2355 1524 2381 tu
1547 2351 1581 2381 in
1605 2350 1718 2381 amicis
1732 2360 1896 2387 numeras,
1915 2351 2038 2390 signifi-

1186 2415 1238 2436 ces
1262 2405 1329 2436 eius
1357 2405 1389 2435 in
1406 2413 1457 2449 1110
1480 2403 1710 2434 liberalitatem
1734 2402 1793 2434 tibi
1817 2407 1942 2442 gratam
1958 2412 2038 2434 esse.

1048 2525 1112 2577 (A.
1155 2523 1199 2563 U.
1238 2523 1279 2562 C.
1314 2523 1433 2575 aas)

348 2659 387 2698 1.
422 2654 539 2697 Nihil
572 2649 915 2710 εὐκαιρότερον
948 2648 1117 2704 epistola
1159 2652 1243 2697 tua,
1287 2661 1387 2701 quae
1430 2661 1491 2687 me
1533 2646 1749 2688 sollicitum
1794 2644 1842 2686 de
1886 2645 2039 2698 Quinto

283 2735 432 2780 nostro,
467 2744 589 2784 puero
623 2727 787 2781 optimO,
823 2724 936 2765 valde
969 2723 1130 2764 levavit.
1179 2721 1354 2761 Venerat
1387 2719 1495 2760 horis
1530 2719 1685 2760 duabus
1716 2724 1806 2760 ante
1851 2718 2039 2772 Chaerip-

285 2819 380 2858 pus;
417 2817 523 2843 mera
563 2804 739 2841 monstra
778 2797 998 2839 nuntiarat.
1055 2795 1113 2836 De
1156 2793 1371 2848 Apollonio
1416 2791 1522 2847 quod
1568 2791 1722 2843 scribis,
1765 2792 1834 2846 qui
1879 2791 1938 2831 illi
1983 2789 2038 2830 dii

329 2984 347 3023 ξ
372 2984 399 3014 1.
424 2981 622 3021 Chaerippus,
652 2980 762 3011 Homo
785 2988 802 3010 e
831 2979 929 3009 domo
958 2977 1000 3016 Q.
1029 2976 1139 3017 patris.

1188 2978 1327 3007 monstra
1356 2977 1502 3006 narrant.
1535 2975 1577 3014 Q.
1600 2975 1638 3006 fr.
1661 2974 1706 3006 II.
1737 2974 1765 3012 G,
1790 2976 1806 3004 5
1840 2973 1880 3004 cle
1909 2974 2043 3005 Caesare

288 3040 326 3069 ad
350 3039 392 3076 Q.
414 3037 452 3068 fr.
481 3038 508 3067 Ι.
540 3038 567 3073 1,
599 3036 648 3066 14.
676 3035 742 3065 Hic
772 3033 940 3064 nuntiarat
971 3031 1012 3070 Q.
1035 3031 1140 3061 filium
1188 3031 1324 3059 monstra
1340 3028 1590 3068 promulfflmnt.

291 3092 433 3130 graviter
454 3095 620 3131 aegrotare
643 3089 695 3120 vel
718 3088 752 3118 in
774 3086 931 3118 extremis
947 3095 1026 3116 esse.
1049 3085 1141 3115 Haec
1163 3081 1165 3108 ⁴

1230 3080 1278 3111 De
1300 3080 1476 3121 Apollonio.
1504 3080 1560 3111 Ad
1581 3080 1668 3109 hune
1692 3078 1860 3110 hominem
1883 3088 1949 3109 non
1973 3079 2042 3109 sine

289 3146 405 3177 Cir-ero
439 3150 533 3175 vocat
563 3154 645 3174 mera
677 3144 826 3172 moustra..
865 3140 915 3171 (tf.
945 3139 1009 3170 IX.
1045 3139 1093 3176 11,
1121 3139 1142 3167 4
1163 3118 1165 3160 i
1190 3134 1257 3164 veri
1282 3135 1388 3174 specie
1410 3134 1524 3166 retulit
1546 3132 1707 3165 Oehlerus
1726 3132 1925 3163 versiculum
1948 3141 1965 3164 e
1987 3131 2043 3163 Sa-
