<?xml version="1.0" encoding="UTF-8"?>
<!DOCTYPE html PUBLIC "-//W3C//DTD XHTML 1.0 Transitional//EN"
    "http://www.w3.org/TR/xhtml1/DTD/xhtml1-transitional.dtd">
<html xmlns="http://www.w3.org/1999/xhtml" xml:lang="en" lang="en">
 <head>
  <title>
</title>
<meta http-equiv="Content-Type" content="text/html;charset=utf-8" />
  <meta name='ocr-system' content='tesseract 3.04.00' />
  <meta name='ocr-capabilities' content='ocr_page ocr_carea ocr_par ocr_line ocrx_word'/>
</head>
<body>
  <div class='ocr_page' id='page_1' title='image "./missing/epistolarumadtpo01ciceuoft/epistolarumadtpo01ciceuoft_0293.png"; bbox 0 0 2117 3533; ppageno 0'>
   <div class='ocr_carea' id='block_1_1' title="bbox 30 162 1793 525">
    <p class='ocr_par' dir='ltr' id='par_1_1' title="bbox 30 162 1793 525">
     <span class='ocr_line' id='line_1_1' title="bbox 660 162 1786 207; baseline -0.004 -2"><span class='ocrx_word' id='word_1_1' title='bbox 660 163 767 206; x_wconf 91' lang='lat' dir='ltr'>LIB.</span> <span class='ocrx_word' id='word_1_2' title='bbox 802 164 877 206; x_wconf 84' lang='lat' dir='ltr'>VI.</span> <span class='ocrx_word' id='word_1_3' title='bbox 911 164 996 206; x_wconf 85' lang='grc' dir='ltr'>ΕΡ.</span> <span class='ocrx_word' id='word_1_4' title='bbox 1033 167 1074 207; x_wconf 75' lang='grc'>2.</span> <span class='ocrx_word' id='word_1_5' title='bbox 1109 167 1150 206; x_wconf 85' lang='lat'>3.</span> <span class='ocrx_word' id='word_1_6' title='bbox 1701 162 1786 202; x_wconf 72' lang='lat'>273</span> 
     </span>
     <span class='ocr_line' id='line_1_2' title="bbox 787 292 1432 356; baseline -0.003 -15"><span class='ocrx_word' id='word_1_7' title='bbox 787 295 941 342; x_wconf 72' lang='grc' dir='ltr'><em>πολλά</em></span> <span class='ocrx_word' id='word_1_8' title='bbox 974 292 1019 341; x_wconf 47' lang='grc' dir='ltr'>δ)</span> <span class='ocrx_word' id='word_1_9' title='bbox 1055 296 1110 343; x_wconf 80' lang='grc' dir='ltr'>ἐν</span> <span class='ocrx_word' id='word_1_10' title='bbox 1139 297 1432 356; x_wconf 78' lang='grc' dir='ltr'><em>μεταιχμίῳ</em></span> 
     </span>
     <span class='ocr_line' id='line_1_3' title="bbox 339 363 1432 430; baseline 0.001 -18"><span class='ocrx_word' id='word_1_11' title='bbox 339 367 500 420; x_wconf 79' lang='grc' dir='ltr'><strong><em>Νότος</em></strong></span> <span class='ocrx_word' id='word_1_12' title='bbox 533 363 753 413; x_wconf 78' lang='grc' dir='ltr'><em>κυλίνδει</em></span> <span class='ocrx_word' id='word_1_13' title='bbox 786 369 967 429; x_wconf 51' lang='grc' dir='ltr'><em>κύματ)</em></span> <span class='ocrx_word' id='word_1_14' title='bbox 1002 368 1184 430; x_wconf 66' lang='grc' dir='ltr'><em>εὐρείης</em></span> <span class='ocrx_word' id='word_1_15' title='bbox 1218 367 1340 421; x_wconf 77' lang='grc' dir='ltr'><em>ἁλός</em></span> <span class='ocrx_word' id='word_1_16' title='bbox 1375 395 1432 401; x_wconf 88' lang='grc'><strong>-</strong></span> 
     </span>
     <span class='ocr_line' id='line_1_4' title="bbox 30 467 1793 525; baseline -0.001 -16"><span class='ocrx_word' id='word_1_17' title='bbox 30 467 186 523; x_wconf 99' lang='lat' dir='ltr'>obrepit</span> <span class='ocrx_word' id='word_1_18' title='bbox 218 467 316 520; x_wconf 88' lang='lat' dir='ltr'>dies,</span> <span class='ocrx_word' id='word_1_19' title='bbox 351 474 397 510; x_wconf 90' lang='lat' dir='ltr'>ut</span> <span class='ocrx_word' id='word_1_20' title='bbox 429 469 540 510; x_wconf 91' lang='lat' dir='ltr'>vides</span> <span class='ocrx_word' id='word_1_21' title='bbox 575 495 631 500; x_wconf 90' lang='lat'><strong>—</strong></span> <span class='ocrx_word' id='word_1_22' title='bbox 666 470 766 511; x_wconf 86' lang='lat' dir='ltr'>mihi</span> <span class='ocrx_word' id='word_1_23' title='bbox 800 471 905 511; x_wconf 91' lang='lat' dir='ltr'>enim</span> <span class='ocrx_word' id='word_1_24' title='bbox 941 487 976 512; x_wconf 85' lang='lat' dir='ltr'>a.</span> <span class='ocrx_word' id='word_1_25' title='bbox 1011 471 1051 512; x_wconf 91' lang='lat' dir='ltr'>d.</span> <span class='ocrx_word' id='word_1_26' title='bbox 1087 484 1156 512; x_wconf 86' lang='lat'>111.</span> <span class='ocrx_word' id='word_1_27' title='bbox 1200 470 1293 511; x_wconf 88' lang='lat' dir='ltr'>Kal.</span> <span class='ocrx_word' id='word_1_28' title='bbox 1341 470 1449 510; x_wconf 87' lang='lat' dir='ltr'>Sext.</span> <span class='ocrx_word' id='word_1_29' title='bbox 1496 469 1544 510; x_wconf 91' lang='lat' dir='ltr'>de</span> <span class='ocrx_word' id='word_1_30' title='bbox 1588 467 1793 525; x_wconf 77' lang='lat' dir='ltr'>provincia</span> 
     </span>
    </p>
   </div>
   <div class='ocr_carea' id='block_1_2' title="bbox 29 541 1806 1771">
    <p class='ocr_par' dir='ltr' id='par_1_2' title="bbox 29 541 1806 1771">
     <span class='ocr_line' id='line_1_5' title="bbox 30 541 1793 598; baseline 0 -16"><span class='ocrx_word' id='word_1_31' title='bbox 30 541 303 583; x_wconf 88' lang='lat' dir='ltr'>decedendum</span> <span class='ocrx_word' id='word_1_32' title='bbox 336 548 396 584; x_wconf 90' lang='lat' dir='ltr'>est</span> <span class='ocrx_word' id='word_1_33' title='bbox 431 568 502 594; x_wconf 87' lang='lat'>—-‚</span> <span class='ocrx_word' id='word_1_34' title='bbox 537 559 610 584; x_wconf 95' lang='lat' dir='ltr'>nec</span> <span class='ocrx_word' id='word_1_35' title='bbox 645 543 887 585; x_wconf 72' lang='lat' dir='ltr'>succeditur.</span> <span class='ocrx_word' id='word_1_36' title='bbox 923 544 1054 596; x_wconf 79' lang='lat' dir='ltr'>Quem</span> <span class='ocrx_word' id='word_1_37' title='bbox 1077 543 1316 598; x_wconf 76' lang='lat' dir='ltr'>relinquam,</span> <span class='ocrx_word' id='word_1_38' title='bbox 1338 542 1408 596; x_wconf 90' lang='lat' dir='ltr'>qui</span> <span class='ocrx_word' id='word_1_39' title='bbox 1431 541 1659 597; x_wconf 88' lang='lat' dir='ltr'>provinciae</span> <span class='ocrx_word' id='word_1_40' title='bbox 1683 556 1793 596; x_wconf 87' lang='lat' dir='ltr'>prae-</span> 
     </span>
     <span class='ocr_line' id='line_1_6' title="bbox 31 613 1794 672; baseline -0.002 -15"><span class='ocrx_word' id='word_1_41' title='bbox 31 616 108 657; x_wconf 74' lang='lat' dir='ltr'>sit?</span> <span class='ocrx_word' id='word_1_42' title='bbox 158 616 275 657; x_wconf 85' lang='lat' dir='ltr'>Ratio</span> <span class='ocrx_word' id='word_1_43' title='bbox 310 616 471 671; x_wconf 80' lang='lat' dir='ltr'>quidem</span> <span class='ocrx_word' id='word_1_44' title='bbox 505 622 544 657; x_wconf 94' lang='lat' dir='ltr'>et</span> <span class='ocrx_word' id='word_1_45' title='bbox 578 616 714 672; x_wconf 89' lang='lat' dir='ltr'>opinio</span> <span class='ocrx_word' id='word_1_46' title='bbox 756 616 965 657; x_wconf 88' lang='lat' dir='ltr'>hominum</span> <span class='ocrx_word' id='word_1_47' title='bbox 1009 617 1187 672; x_wconf 83' lang='lat' dir='ltr'>postulat</span> <span class='ocrx_word' id='word_1_48' title='bbox 1228 615 1389 656; x_wconf 84' lang='lat' dir='ltr'>fratrem</span> <span class='ocrx_word' id='word_1_49' title='bbox 1399 633 1410 666; x_wconf 91' lang='lat'>;</span> <span class='ocrx_word' id='word_1_50' title='bbox 1454 615 1641 671; x_wconf 84' lang='lat' dir='ltr'>primum,</span> <span class='ocrx_word' id='word_1_51' title='bbox 1687 613 1794 669; x_wconf 90' lang='lat' dir='ltr'>quod</span> 
     </span>
     <span class='ocr_line' id='line_1_7' title="bbox 31 687 1795 744; baseline -0.002 -14"><span class='ocrx_word' id='word_1_52' title='bbox 31 689 189 730; x_wconf 91' lang='lat' dir='ltr'>videtur</span> <span class='ocrx_word' id='word_1_53' title='bbox 221 704 305 730; x_wconf 88' lang='lat' dir='ltr'>esse</span> <span class='ocrx_word' id='word_1_54' title='bbox 339 688 488 730; x_wconf 83' lang='lat' dir='ltr'>honos:</span> <span class='ocrx_word' id='word_1_55' title='bbox 524 705 640 730; x_wconf 90' lang='lat' dir='ltr'>nemo</span> <span class='ocrx_word' id='word_1_56' title='bbox 673 689 798 744; x_wconf 80' lang='lat' dir='ltr'>igitur</span> <span class='ocrx_word' id='word_1_57' title='bbox 831 690 986 744; x_wconf 86' lang='lat' dir='ltr'>potior;</span> <span class='ocrx_word' id='word_1_58' title='bbox 1022 689 1182 740; x_wconf 86' lang='lat' dir='ltr'>deinde,</span> <span class='ocrx_word' id='word_1_59' title='bbox 1217 688 1324 743; x_wconf 88' lang='lat' dir='ltr'>quod</span> <span class='ocrx_word' id='word_1_60' title='bbox 1359 687 1487 729; x_wconf 89' lang='lat' dir='ltr'>solum</span> <span class='ocrx_word' id='word_1_61' title='bbox 1521 687 1650 729; x_wconf 84' lang='lat' dir='ltr'>habeo</span> <span class='ocrx_word' id='word_1_62' title='bbox 1684 702 1795 743; x_wconf 83' lang='lat' dir='ltr'>prae-</span> 
     </span>
     <span class='ocr_line' id='line_1_8' title="bbox 29 761 1796 818; baseline -0.001 -16"><span class='ocrx_word' id='word_1_63' title='bbox 29 762 192 803; x_wconf 89' lang='lat' dir='ltr'>torium.</span> <span class='ocrx_word' id='word_1_64' title='bbox 226 762 480 818; x_wconf 83' lang='lat' dir='ltr'>Pomptinius</span> <span class='ocrx_word' id='word_1_65' title='bbox 514 763 621 804; x_wconf 89' lang='lat' dir='ltr'>enim</span> <span class='ocrx_word' id='word_1_66' title='bbox 655 779 703 804; x_wconf 84' lang='lat' dir='ltr'>ex</span> <span class='ocrx_word' id='word_1_67' title='bbox 736 768 852 818; x_wconf 85' lang='lat' dir='ltr'>pacto</span> <span class='ocrx_word' id='word_1_68' title='bbox 886 768 925 804; x_wconf 92' lang='lat' dir='ltr'>et</span> <span class='ocrx_word' id='word_1_69' title='bbox 959 768 1156 804; x_wconf 86' lang='lat' dir='ltr'>convento</span> <span class='ocrx_word' id='word_1_70' title='bbox 1192 787 1248 792; x_wconf 88' lang='lat'>—</span> <span class='ocrx_word' id='word_1_71' title='bbox 1272 777 1364 804; x_wconf 87' lang='lat' dir='ltr'>nam</span> <span class='ocrx_word' id='word_1_72' title='bbox 1389 777 1434 803; x_wconf 84' lang='lat' dir='ltr'>ea</span> <span class='ocrx_word' id='word_1_73' title='bbox 1457 761 1544 816; x_wconf 81' lang='lat' dir='ltr'>lege</span> <span class='ocrx_word' id='word_1_74' title='bbox 1567 761 1718 802; x_wconf 81' lang='lat' dir='ltr'>exierat</span> <span class='ocrx_word' id='word_1_75' title='bbox 1740 785 1796 790; x_wconf 95' lang='lat'>—</span> 
     </span>
     <span class='ocr_line' id='line_1_9' title="bbox 31 834 1798 891; baseline -0.001 -15"><span class='ocrx_word' id='word_1_76' title='bbox 31 835 110 876; x_wconf 86' lang='lat' dir='ltr'>iam</span> <span class='ocrx_word' id='word_1_77' title='bbox 144 851 166 876; x_wconf 91' lang='lat' dir='ltr'>a</span> <span class='ocrx_word' id='word_1_78' title='bbox 198 851 260 877; x_wconf 91' lang='lat' dir='ltr'>me</span> <span class='ocrx_word' id='word_1_79' title='bbox 295 836 545 878; x_wconf 72' lang='lat' dir='ltr'>discesserat.</span> <span class='ocrx_word' id='word_1_80' title='bbox 580 836 842 888; x_wconf 77' lang='lat' dir='ltr'>Quaestorem</span> <span class='ocrx_word' id='word_1_81' title='bbox 876 852 993 878; x_wconf 92' lang='lat' dir='ltr'>nemo</span> <span class='ocrx_word' id='word_1_82' title='bbox 1028 836 1196 891; x_wconf 78' lang='lat' dir='ltr'>dignum</span> <span class='ocrx_word' id='word_1_83' title='bbox 1229 840 1360 891; x_wconf 86' lang='lat' dir='ltr'>putat.</span> <span class='ocrx_word' id='word_1_84' title='bbox 1395 835 1558 878; x_wconf 84' lang='lat' dir='ltr'>Etenim</span> <span class='ocrx_word' id='word_1_85' title='bbox 1592 839 1652 876; x_wconf 90' lang='lat' dir='ltr'>est</span> <span class='ocrx_word' id='word_1_86' title='bbox 1685 834 1798 883; x_wconf 84' lang='lat' dir='ltr'>levis,</span> 
     </span>
     <span class='ocr_line' id='line_1_10' title="bbox 31 906 1799 965; baseline -0.001 -16"><span class='ocrx_word' id='word_1_87' title='bbox 31 907 285 960; x_wconf 87' lang='lat' dir='ltr'>libidinosus,</span> <span class='ocrx_word' id='word_1_88' title='bbox 320 914 453 964; x_wconf 78' lang='lat' dir='ltr'>tagax.</span> <span class='ocrx_word' id='word_1_89' title='bbox 511 913 552 952; x_wconf 72' lang='lat'>2.</span> <span class='ocrx_word' id='word_1_90' title='bbox 586 910 646 950; x_wconf 85' lang='lat' dir='ltr'>De</span> <span class='ocrx_word' id='word_1_91' title='bbox 680 910 800 951; x_wconf 86' lang='lat' dir='ltr'>fratre</span> <span class='ocrx_word' id='word_1_92' title='bbox 835 914 969 951; x_wconf 88' lang='lat' dir='ltr'>autem</span> <span class='ocrx_word' id='word_1_93' title='bbox 1002 910 1177 965; x_wconf 86' lang='lat' dir='ltr'>primum</span> <span class='ocrx_word' id='word_1_94' title='bbox 1209 908 1311 950; x_wconf 88' lang='lat' dir='ltr'>illud</span> <span class='ocrx_word' id='word_1_95' title='bbox 1356 914 1438 950; x_wconf 88' lang='lat' dir='ltr'>est:</span> <span class='ocrx_word' id='word_1_96' title='bbox 1486 907 1717 963; x_wconf 79' lang='lat' dir='ltr'>persuaderi</span> <span class='ocrx_word' id='word_1_97' title='bbox 1764 906 1799 947; x_wconf 85' lang='lat' dir='ltr'>ei</span> 
     </span>
     <span class='ocr_line' id='line_1_11' title="bbox 32 978 1801 1038; baseline -0.002 -15"><span class='ocrx_word' id='word_1_98' title='bbox 32 997 111 1023; x_wconf 90' lang='lat' dir='ltr'>non</span> <span class='ocrx_word' id='word_1_99' title='bbox 144 997 258 1038; x_wconf 86' lang='lat' dir='ltr'>posse</span> <span class='ocrx_word' id='word_1_100' title='bbox 293 980 483 1033; x_wconf 87' lang='lat' dir='ltr'>arbitror;</span> <span class='ocrx_word' id='word_1_101' title='bbox 519 982 605 1023; x_wconf 85' lang='lat' dir='ltr'>odit</span> <span class='ocrx_word' id='word_1_102' title='bbox 627 983 735 1023; x_wconf 89' lang='lat' dir='ltr'>enim</span> <span class='ocrx_word' id='word_1_103' title='bbox 756 982 1003 1038; x_wconf 86' lang='lat' dir='ltr'>provinciam</span> <span class='ocrx_word' id='word_1_104' title='bbox 1026 1007 1082 1011; x_wconf 91' lang='lat'>—</span> <span class='ocrx_word' id='word_1_105' title='bbox 1104 986 1144 1023; x_wconf 95' lang='lat' dir='ltr'>et</span> <span class='ocrx_word' id='word_1_106' title='bbox 1168 981 1328 1023; x_wconf 87' lang='lat' dir='ltr'>hercule</span> <span class='ocrx_word' id='word_1_107' title='bbox 1353 981 1455 1022; x_wconf 82' lang='lat' dir='ltr'>nihil</span> <span class='ocrx_word' id='word_1_108' title='bbox 1480 980 1672 1030; x_wconf 85' lang='lat' dir='ltr'>odiosius,</span> <span class='ocrx_word' id='word_1_109' title='bbox 1697 978 1801 1020; x_wconf 89' lang='lat' dir='ltr'>nihil</span> 
     </span>
     <span class='ocr_line' id='line_1_12' title="bbox 33 1053 1801 1110; baseline -0.002 -14"><span class='ocrx_word' id='word_1_110' title='bbox 33 1055 241 1097; x_wconf 87' lang='lat' dir='ltr'>molestius</span> <span class='ocrx_word' id='word_1_111' title='bbox 278 1072 358 1105; x_wconf 84' lang='lat'>-—-;</span> <span class='ocrx_word' id='word_1_112' title='bbox 394 1054 553 1106; x_wconf 88' lang='lat' dir='ltr'>deinde,</span> <span class='ocrx_word' id='word_1_113' title='bbox 588 1060 634 1095; x_wconf 90' lang='lat' dir='ltr'>ut</span> <span class='ocrx_word' id='word_1_114' title='bbox 666 1054 766 1096; x_wconf 90' lang='lat' dir='ltr'>mihi</span> <span class='ocrx_word' id='word_1_115' title='bbox 788 1054 891 1096; x_wconf 88' lang='lat' dir='ltr'>nolit</span> <span class='ocrx_word' id='word_1_116' title='bbox 914 1070 1073 1110; x_wconf 79' lang='lat' dir='ltr'>negare,</span> <span class='ocrx_word' id='word_1_117' title='bbox 1096 1055 1287 1110; x_wconf 82' lang='lat' dir='ltr'>quidnam</span> <span class='ocrx_word' id='word_1_118' title='bbox 1313 1055 1391 1096; x_wconf 89' lang='lat' dir='ltr'>mei</span> <span class='ocrx_word' id='word_1_119' title='bbox 1411 1055 1464 1096; x_wconf 89' lang='lat' dir='ltr'>sit</span> <span class='ocrx_word' id='word_1_120' title='bbox 1484 1054 1630 1096; x_wconf 74' lang='lat' dir='ltr'>officii?</span> <span class='ocrx_word' id='word_1_121' title='bbox 1665 1053 1801 1105; x_wconf 77' lang='lat' dir='ltr'>Quum</span> 
     </span>
     <span class='ocr_line' id='line_1_13' title="bbox 33 1127 1803 1184; baseline -0.001 -15"><span class='ocrx_word' id='word_1_122' title='bbox 33 1127 183 1169; x_wconf 90' lang='lat' dir='ltr'>bellum</span> <span class='ocrx_word' id='word_1_123' title='bbox 215 1143 299 1169; x_wconf 87' lang='lat' dir='ltr'>esse</span> <span class='ocrx_word' id='word_1_124' title='bbox 332 1128 375 1169; x_wconf 89' lang='lat' dir='ltr'>in</span> <span class='ocrx_word' id='word_1_125' title='bbox 409 1128 521 1184; x_wconf 68' lang='lat' dir='ltr'>Syria</span> <span class='ocrx_word' id='word_1_126' title='bbox 555 1144 744 1183; x_wconf 81' lang='lat' dir='ltr'>magnum</span> <span class='ocrx_word' id='word_1_127' title='bbox 789 1133 967 1184; x_wconf 85' lang='lat' dir='ltr'>putetur,</span> <span class='ocrx_word' id='word_1_128' title='bbox 1010 1128 1052 1170; x_wconf 90' lang='lat' dir='ltr'>id</span> <span class='ocrx_word' id='word_1_129' title='bbox 1096 1129 1280 1170; x_wconf 84' lang='lat' dir='ltr'>videatur</span> <span class='ocrx_word' id='word_1_130' title='bbox 1320 1129 1363 1169; x_wconf 88' lang='lat' dir='ltr'>in</span> <span class='ocrx_word' id='word_1_131' title='bbox 1407 1128 1512 1170; x_wconf 88' lang='lat' dir='ltr'>hanc</span> <span class='ocrx_word' id='word_1_132' title='bbox 1556 1127 1803 1183; x_wconf 84' lang='lat' dir='ltr'>provinciam</span> 
     </span>
     <span class='ocr_line' id='line_1_14' title="bbox 33 1199 1803 1257; baseline -0.002 -14"><span class='ocrx_word' id='word_1_133' title='bbox 33 1207 281 1257; x_wconf 88' lang='lat' dir='ltr'>erupturum,</span> <span class='ocrx_word' id='word_1_134' title='bbox 315 1201 381 1242; x_wconf 93' lang='lat' dir='ltr'>hic</span> <span class='ocrx_word' id='word_1_135' title='bbox 414 1202 604 1257; x_wconf 84' lang='lat' dir='ltr'>praesidii</span> <span class='ocrx_word' id='word_1_136' title='bbox 637 1202 739 1243; x_wconf 87' lang='lat' dir='ltr'>nihil</span> <span class='ocrx_word' id='word_1_137' title='bbox 774 1202 839 1253; x_wconf 85' lang='lat' dir='ltr'>sit,</span> <span class='ocrx_word' id='word_1_138' title='bbox 875 1206 1059 1257; x_wconf 84' lang='lat' dir='ltr'>sumptus</span> <span class='ocrx_word' id='word_1_139' title='bbox 1084 1217 1243 1243; x_wconf 88' lang='lat' dir='ltr'>annuus</span> <span class='ocrx_word' id='word_1_140' title='bbox 1267 1201 1451 1242; x_wconf 87' lang='lat' dir='ltr'>decretus</span> <span class='ocrx_word' id='word_1_141' title='bbox 1476 1201 1542 1251; x_wconf 89' lang='lat' dir='ltr'>sit,</span> <span class='ocrx_word' id='word_1_142' title='bbox 1567 1199 1803 1242; x_wconf 79' lang='lat' dir='ltr'>videaturne</span> 
     </span>
     <span class='ocr_line' id='line_1_15' title="bbox 34 1272 1804 1330; baseline -0.001 -15"><span class='ocrx_word' id='word_1_143' title='bbox 34 1280 104 1315; x_wconf 87' lang='lat' dir='ltr'>aut</span> <span class='ocrx_word' id='word_1_144' title='bbox 136 1275 298 1330; x_wconf 88' lang='lat' dir='ltr'>pietatis</span> <span class='ocrx_word' id='word_1_145' title='bbox 331 1291 415 1316; x_wconf 87' lang='lat' dir='ltr'>esse</span> <span class='ocrx_word' id='word_1_146' title='bbox 449 1290 559 1316; x_wconf 87' lang='lat' dir='ltr'>meae</span> <span class='ocrx_word' id='word_1_147' title='bbox 593 1275 755 1317; x_wconf 83' lang='lat' dir='ltr'>fratrem</span> <span class='ocrx_word' id='word_1_148' title='bbox 789 1276 1011 1330; x_wconf 85' lang='lat' dir='ltr'>relinquere</span> <span class='ocrx_word' id='word_1_149' title='bbox 1046 1280 1116 1316; x_wconf 87' lang='lat' dir='ltr'>aut</span> <span class='ocrx_word' id='word_1_150' title='bbox 1150 1275 1382 1330; x_wconf 81' lang='lat' dir='ltr'>diligentiae</span> <span class='ocrx_word' id='word_1_151' title='bbox 1416 1289 1615 1330; x_wconf 81' lang='lat' dir='ltr'>nugarum</span> <span class='ocrx_word' id='word_1_152' title='bbox 1651 1272 1804 1328; x_wconf 86' lang='lat' dir='ltr'>aliquid</span> 
     </span>
     <span class='ocr_line' id='line_1_16' title="bbox 33 1347 1805 1403; baseline -0.001 -15"><span class='ocrx_word' id='word_1_153' title='bbox 33 1347 282 1401; x_wconf 73' lang='lat' dir='ltr'>relinquere?</span> <span class='ocrx_word' id='word_1_154' title='bbox 330 1348 480 1402; x_wconf 80' lang='lat' dir='ltr'>Magna</span> <span class='ocrx_word' id='word_1_155' title='bbox 512 1348 650 1403; x_wconf 81' lang='lat' dir='ltr'>igitur,</span> <span class='ocrx_word' id='word_1_156' title='bbox 686 1353 732 1389; x_wconf 89' lang='lat' dir='ltr'>ut</span> <span class='ocrx_word' id='word_1_157' title='bbox 774 1348 900 1399; x_wconf 84' lang='lat' dir='ltr'>vides,</span> <span class='ocrx_word' id='word_1_158' title='bbox 952 1347 1223 1389; x_wconf 87' lang='lat' dir='ltr'>sollicitudine</span> <span class='ocrx_word' id='word_1_159' title='bbox 1267 1348 1430 1399; x_wconf 85' lang='lat' dir='ltr'>afficior,</span> <span class='ocrx_word' id='word_1_160' title='bbox 1478 1363 1623 1403; x_wconf 77' lang='lat' dir='ltr'>magna</span> <span class='ocrx_word' id='word_1_161' title='bbox 1668 1347 1805 1403; x_wconf 85' lang='lat' dir='ltr'>inopia</span> 
     </span>
     <span class='ocr_line' id='line_1_17' title="bbox 34 1420 1806 1476; baseline 0.001 -15"><span class='ocrx_word' id='word_1_162' title='bbox 34 1420 205 1462; x_wconf 88' lang='lat' dir='ltr'>consilii.</span> <span class='ocrx_word' id='word_1_163' title='bbox 251 1421 361 1473; x_wconf 74' lang='lat' dir='ltr'>Quid</span> <span class='ocrx_word' id='word_1_164' title='bbox 396 1422 582 1475; x_wconf 67' lang='lat' dir='ltr'>quaeris?&gt;</span> <span class='ocrx_word' id='word_1_165' title='bbox 629 1422 730 1462; x_wconf 85' lang='lat' dir='ltr'>Toto</span> <span class='ocrx_word' id='word_1_166' title='bbox 764 1422 925 1476; x_wconf 80' lang='lat' dir='ltr'>negotio</span> <span class='ocrx_word' id='word_1_167' title='bbox 959 1421 1076 1463; x_wconf 88' lang='lat' dir='ltr'>nobis</span> <span class='ocrx_word' id='word_1_168' title='bbox 1120 1437 1220 1476; x_wconf 88' lang='lat' dir='ltr'>opus</span> <span class='ocrx_word' id='word_1_169' title='bbox 1265 1437 1346 1462; x_wconf 87' lang='lat' dir='ltr'>non</span> <span class='ocrx_word' id='word_1_170' title='bbox 1386 1421 1478 1462; x_wconf 87' lang='lat' dir='ltr'>fuit.</span> <span class='ocrx_word' id='word_1_171' title='bbox 1524 1421 1688 1473; x_wconf 75' lang='lat' dir='ltr'>Quanto</span> <span class='ocrx_word' id='word_1_172' title='bbox 1734 1426 1806 1462; x_wconf 87' lang='lat' dir='ltr'>tua</span> 
     </span>
     <span class='ocr_line' id='line_1_18' title="bbox 34 1493 1805 1550; baseline 0 -16"><span class='ocrx_word' id='word_1_173' title='bbox 34 1493 240 1549; x_wconf 88' lang='lat' dir='ltr'>provincia</span> <span class='ocrx_word' id='word_1_174' title='bbox 273 1494 431 1536; x_wconf 79' lang='lat' dir='ltr'>melior!</span> <span class='ocrx_word' id='word_1_175' title='bbox 478 1494 672 1545; x_wconf 86' lang='lat' dir='ltr'>Decedes,</span> <span class='ocrx_word' id='word_1_176' title='bbox 708 1510 832 1549; x_wconf 87' lang='lat' dir='ltr'>quum</span> <span class='ocrx_word' id='word_1_177' title='bbox 866 1494 987 1545; x_wconf 87' lang='lat' dir='ltr'>voles,</span> <span class='ocrx_word' id='word_1_178' title='bbox 1022 1494 1101 1535; x_wconf 90' lang='lat' dir='ltr'>nisi</span> <span class='ocrx_word' id='word_1_179' title='bbox 1145 1494 1246 1535; x_wconf 82' lang='lat' dir='ltr'>forte</span> <span class='ocrx_word' id='word_1_180' title='bbox 1291 1495 1371 1535; x_wconf 82' lang='lat' dir='ltr'>iam</span> <span class='ocrx_word' id='word_1_181' title='bbox 1414 1494 1643 1547; x_wconf 77' lang='lat' dir='ltr'>deeessisti3</span> <span class='ocrx_word' id='word_1_182' title='bbox 1687 1509 1805 1550; x_wconf 89' lang='lat' dir='ltr'>quem</span> 
     </span>
     <span class='ocr_line' id='line_1_19' title="bbox 34 1566 1805 1623; baseline 0.001 -15"><span class='ocrx_word' id='word_1_183' title='bbox 34 1566 250 1618; x_wconf 88' lang='lat' dir='ltr'>videbitur,</span> <span class='ocrx_word' id='word_1_184' title='bbox 285 1568 488 1622; x_wconf 88' lang='lat' dir='ltr'>praeficies</span> <span class='ocrx_word' id='word_1_185' title='bbox 520 1568 780 1623; x_wconf 83' lang='lat' dir='ltr'>Thesprotiae</span> <span class='ocrx_word' id='word_1_186' title='bbox 814 1572 855 1609; x_wconf 89' lang='lat' dir='ltr'>et</span> <span class='ocrx_word' id='word_1_187' title='bbox 884 1568 1101 1609; x_wconf 82' lang='lat' dir='ltr'>Chaoniae.</span> <span class='ocrx_word' id='word_1_188' title='bbox 1137 1568 1324 1609; x_wconf 87' lang='lat' dir='ltr'>Necdum</span> <span class='ocrx_word' id='word_1_189' title='bbox 1347 1572 1482 1610; x_wconf 86' lang='lat' dir='ltr'>tamen</span> <span class='ocrx_word' id='word_1_190' title='bbox 1507 1584 1580 1623; x_wconf 79' lang='lat' dir='ltr'>ego</span> <span class='ocrx_word' id='word_1_191' title='bbox 1604 1568 1805 1621; x_wconf 74' lang='lat' dir='ltr'>Quintum</span> 
     </span>
     <span class='ocr_line' id='line_1_20' title="bbox 34 1641 1806 1698; baseline 0 -16"><span class='ocrx_word' id='word_1_192' title='bbox 34 1656 310 1692; x_wconf 86' lang='lat' dir='ltr'>conveneram,</span> <span class='ocrx_word' id='word_1_193' title='bbox 344 1646 391 1682; x_wconf 93' lang='lat' dir='ltr'>ut</span> <span class='ocrx_word' id='word_1_194' title='bbox 423 1641 518 1692; x_wconf 88' lang='lat' dir='ltr'>iam,</span> <span class='ocrx_word' id='word_1_195' title='bbox 553 1642 587 1682; x_wconf 83' lang='lat' dir='ltr'>si</span> <span class='ocrx_word' id='word_1_196' title='bbox 618 1641 661 1682; x_wconf 89' lang='lat' dir='ltr'>id</span> <span class='ocrx_word' id='word_1_197' title='bbox 695 1641 884 1697; x_wconf 85' lang='lat' dir='ltr'>placeret,</span> <span class='ocrx_word' id='word_1_198' title='bbox 919 1642 1076 1693; x_wconf 88' lang='lat' dir='ltr'>scirem,</span> <span class='ocrx_word' id='word_1_199' title='bbox 1111 1647 1297 1697; x_wconf 81' lang='lat' dir='ltr'>possetne</span> <span class='ocrx_word' id='word_1_200' title='bbox 1332 1641 1381 1683; x_wconf 87' lang='lat' dir='ltr'>ab</span> <span class='ocrx_word' id='word_1_201' title='bbox 1416 1658 1461 1683; x_wconf 88' lang='lat' dir='ltr'>eo</span> <span class='ocrx_word' id='word_1_202' title='bbox 1486 1642 1705 1698; x_wconf 88' lang='lat' dir='ltr'>impetrari,</span> <span class='ocrx_word' id='word_1_203' title='bbox 1733 1657 1806 1683; x_wconf 91' lang='lat' dir='ltr'>nec</span> 
     </span>
     <span class='ocr_line' id='line_1_21' title="bbox 37 1714 1806 1771; baseline 0 -15"><span class='ocrx_word' id='word_1_204' title='bbox 37 1719 186 1765; x_wconf 91' lang='lat' dir='ltr'>tamen,</span> <span class='ocrx_word' id='word_1_205' title='bbox 222 1715 255 1756; x_wconf 89' lang='lat' dir='ltr'>si</span> <span class='ocrx_word' id='word_1_206' title='bbox 288 1719 435 1771; x_wconf 82' lang='lat' dir='ltr'>posset,</span> <span class='ocrx_word' id='word_1_207' title='bbox 471 1714 568 1770; x_wconf 87' lang='lat' dir='ltr'>quid</span> <span class='ocrx_word' id='word_1_208' title='bbox 602 1715 743 1757; x_wconf 89' lang='lat' dir='ltr'>vellem</span> <span class='ocrx_word' id='word_1_209' title='bbox 774 1714 988 1758; x_wconf 85' lang='lat' dir='ltr'>habebam.</span> <span class='ocrx_word' id='word_1_210' title='bbox 1033 1717 1074 1756; x_wconf 83' lang='grc'>3.</span> <span class='ocrx_word' id='word_1_211' title='bbox 1109 1716 1199 1757; x_wconf 89' lang='grc' dir='ltr'>Ηο0</span> <span class='ocrx_word' id='word_1_212' title='bbox 1232 1720 1292 1758; x_wconf 88' lang='lat' dir='ltr'>est</span> <span class='ocrx_word' id='word_1_213' title='bbox 1325 1716 1450 1771; x_wconf 83' lang='lat' dir='ltr'>igitur</span> <span class='ocrx_word' id='word_1_214' title='bbox 1484 1715 1696 1758; x_wconf 89' lang='lat' dir='ltr'>eiusmodi.</span> <span class='ocrx_word' id='word_1_215' title='bbox 1730 1715 1806 1757; x_wconf 80' lang='lat' dir='ltr'>Re-</span> 
     </span>
    </p>
   </div>
   <div class='ocr_carea' id='block_1_3' title="bbox 78 1895 859 1940">
    <p class='ocr_par' dir='ltr' id='par_1_3' title="bbox 78 1895 859 1940">
     <span class='ocr_line' id='line_1_22' title="bbox 78 1895 859 1940; baseline 0.003 -13"><span class='ocrx_word' id='word_1_216' title='bbox 78 1896 97 1927; x_wconf 85' lang='lat'><strong>3</strong></span> <span class='ocrx_word' id='word_1_217' title='bbox 119 1895 253 1937; x_wconf 69' lang='lat' dir='ltr'>obrepsit</span> <span class='ocrx_word' id='word_1_218' title='bbox 275 1915 317 1920; x_wconf 84' lang='lat'>-</span> <span class='ocrx_word' id='word_1_219' title='bbox 339 1896 358 1931; x_wconf 88' lang='grc'><strong>7</strong></span> <span class='ocrx_word' id='word_1_220' title='bbox 381 1907 420 1929; x_wconf 72' lang='lat' dir='ltr'>ex</span> <span class='ocrx_word' id='word_1_221' title='bbox 437 1899 533 1938; x_wconf 78' lang='lat' dir='ltr'>pacto</span> <span class='ocrx_word' id='word_1_222' title='bbox 556 1897 622 1940; x_wconf 79' lang='lat' dir='ltr'>[et]</span> <span class='ocrx_word' id='word_1_223' title='bbox 646 1899 797 1930; x_wconf 79' lang='lat' dir='ltr'>convento</span> <span class='ocrx_word' id='word_1_224' title='bbox 818 1916 859 1921; x_wconf 95' lang='lat'><strong>—</strong></span> 
     </span>
    </p>
   </div>
   <div class='ocr_carea' id='block_1_4' title="bbox 34 2031 902 3200">
    <p class='ocr_par' dir='ltr' id='par_1_4' title="bbox 35 2031 902 2130">
     <span class='ocr_line' id='line_1_23' title="bbox 35 2031 902 2078; baseline -0.001 -13"><span class='ocrx_word' id='word_1_225' title='bbox 35 2031 241 2078; x_wconf 83' lang='grc' dir='ltr'><em>μεταίχμιον</em></span> <span class='ocrx_word' id='word_1_226' title='bbox 270 2044 374 2075; x_wconf 92' lang='lat' dir='ltr'>quum</span> <span class='ocrx_word' id='word_1_227' title='bbox 402 2033 531 2075; x_wconf 87' lang='lat' dir='ltr'>proprie</span> <span class='ocrx_word' id='word_1_228' title='bbox 561 2033 603 2064; x_wconf 90' lang='lat' dir='ltr'>sit</span> <span class='ocrx_word' id='word_1_229' title='bbox 638 2033 780 2074; x_wconf 89' lang='lat' dir='ltr'>spatium</span> <span class='ocrx_word' id='word_1_230' title='bbox 816 2033 902 2065; x_wconf 86' lang='lat' dir='ltr'>inter</span> 
     </span>
     <span class='ocr_line' id='line_1_24' title="bbox 36 2089 900 2130; baseline -0.001 -11"><span class='ocrx_word' id='word_1_231' title='bbox 36 2089 116 2119; x_wconf 76' lang='lat' dir='ltr'>duas</span> <span class='ocrx_word' id='word_1_232' title='bbox 139 2089 234 2126; x_wconf 84' lang='lat' dir='ltr'>acies,</span> <span class='ocrx_word' id='word_1_233' title='bbox 258 2090 297 2120; x_wconf 88' lang='lat' dir='ltr'>de</span> <span class='ocrx_word' id='word_1_234' title='bbox 321 2089 438 2130; x_wconf 86' lang='lat' dir='ltr'>quovis</span> <span class='ocrx_word' id='word_1_235' title='bbox 460 2089 638 2120; x_wconf 86' lang='lat' dir='ltr'>intervallo</span> <span class='ocrx_word' id='word_1_236' title='bbox 653 2093 740 2120; x_wconf 88' lang='lat' dir='ltr'>recte</span> <span class='ocrx_word' id='word_1_237' title='bbox 756 2089 900 2129; x_wconf 89' lang='lat' dir='ltr'>ponitur-</span> 
     </span>
    </p>

    <p class='ocr_par' dir='ltr' id='par_1_5' title="bbox 35 2141 899 2290">
     <span class='ocr_line' id='line_1_25' title="bbox 81 2141 899 2182; baseline 0.001 -11"><span class='ocrx_word' id='word_1_238' title='bbox 81 2141 207 2181; x_wconf 78' lang='lat' dir='ltr'>Obrepz&#39;t</span> <span class='ocrx_word' id='word_1_239' title='bbox 236 2142 395 2172; x_wconf 85' lang='lat' dir='ltr'>Ernestus</span> <span class='ocrx_word' id='word_1_240' title='bbox 428 2142 544 2172; x_wconf 88' lang='lat' dir='ltr'>merito</span> <span class='ocrx_word' id='word_1_241' title='bbox 580 2141 722 2172; x_wconf 75' lang='lat' dir='ltr'>restituit</span> <span class='ocrx_word' id='word_1_242' title='bbox 754 2151 812 2182; x_wconf 90' lang='lat' dir='ltr'>pro</span> <span class='ocrx_word' id='word_1_243' title='bbox 851 2141 899 2172; x_wconf 85' lang='lat' dir='ltr'>ob·</span> 
     </span>
     <span class='ocr_line' id='line_1_26' title="bbox 35 2194 898 2235; baseline 0.002 -11"><span class='ocrx_word' id='word_1_244' title='bbox 35 2194 146 2234; x_wconf 67' lang='lat' dir='ltr'>repsit.</span> <span class='ocrx_word' id='word_1_245' title='bbox 168 2194 247 2226; x_wconf 85' lang='lat' dir='ltr'>Dies</span> <span class='ocrx_word' id='word_1_246' title='bbox 271 2195 361 2225; x_wconf 87' lang='lat' dir='ltr'>enim</span> <span class='ocrx_word' id='word_1_247' title='bbox 384 2194 583 2225; x_wconf 83' lang='lat' dir='ltr'>decessionis</span> <span class='ocrx_word' id='word_1_248' title='bbox 606 2194 898 2235; x_wconf 83' lang='lat' dir='ltr'>appropinquabat,</span> 
     </span>
     <span class='ocr_line' id='line_1_27' title="bbox 37 2248 606 2290; baseline -0.002 -10"><span class='ocrx_word' id='word_1_249' title='bbox 37 2250 187 2280; x_wconf 88' lang='lat' dir='ltr'>nondum</span> <span class='ocrx_word' id='word_1_250' title='bbox 210 2254 354 2281; x_wconf 87' lang='lat' dir='ltr'>venerat.</span> <span class='ocrx_word' id='word_1_251' title='bbox 379 2248 428 2280; x_wconf 89' lang='lat' dir='ltr'>Cf.</span> <span class='ocrx_word' id='word_1_252' title='bbox 452 2258 502 2290; x_wconf 89' lang='lat' dir='ltr'>ep.</span> <span class='ocrx_word' id='word_1_253' title='bbox 526 2251 553 2286; x_wconf 87' lang='lat'>5,</span> <span class='ocrx_word' id='word_1_254' title='bbox 578 2250 606 2279; x_wconf 85' lang='lat'>3.</span> 
     </span>
    </p>

    <p class='ocr_par' dir='ltr' id='par_1_6' title="bbox 34 2301 898 3094">
     <span class='ocr_line' id='line_1_28' title="bbox 77 2301 897 2343; baseline 0.001 -11"><span class='ocrx_word' id='word_1_255' title='bbox 77 2301 126 2332; x_wconf 70' lang='lat' dir='ltr'>Ea:</span> <span class='ocrx_word' id='word_1_256' title='bbox 141 2304 239 2342; x_wconf 78' lang='lat' dir='ltr'>pacto</span> <span class='ocrx_word' id='word_1_257' title='bbox 261 2304 292 2332; x_wconf 80' lang='lat' dir='ltr'>et</span> <span class='ocrx_word' id='word_1_258' title='bbox 315 2304 476 2332; x_wconf 78' lang='lat' dir='ltr'>convento.</span> <span class='ocrx_word' id='word_1_259' title='bbox 512 2301 616 2332; x_wconf 77' lang='lat' dir='ltr'>Pacta</span> <span class='ocrx_word' id='word_1_260' title='bbox 639 2304 791 2332; x_wconf 72' lang='lat' dir='ltr'>conventa</span> <span class='ocrx_word' id='word_1_261' title='bbox 814 2312 897 2343; x_wconf 89' lang='lat' dir='ltr'>quae</span> 
     </span>
     <span class='ocr_line' id='line_1_29' title="bbox 35 2355 896 2396; baseline 0.001 -10"><span class='ocrx_word' id='word_1_262' title='bbox 35 2356 248 2387; x_wconf 83' lang='lat' dir='ltr'>nominantur</span> <span class='ocrx_word' id='word_1_263' title='bbox 269 2356 304 2386; x_wconf 91' lang='lat' dir='ltr'>in</span> <span class='ocrx_word' id='word_1_264' title='bbox 327 2356 433 2387; x_wconf 87' lang='lat' dir='ltr'>edicto</span> <span class='ocrx_word' id='word_1_265' title='bbox 455 2356 612 2396; x_wconf 86' lang='lat' dir='ltr'>praetoris</span> <span class='ocrx_word' id='word_1_266' title='bbox 644 2355 678 2386; x_wconf 92' lang='lat' dir='ltr'>in</span> <span class='ocrx_word' id='word_1_267' title='bbox 709 2356 730 2386; x_wconf 91' lang='lat' dir='ltr'>l.</span> <span class='ocrx_word' id='word_1_268' title='bbox 761 2355 788 2393; x_wconf 80' lang='lat'>7,</span> <span class='ocrx_word' id='word_1_269' title='bbox 820 2356 837 2395; x_wconf 68' lang='grc' dir='ltr'>ξ</span> <span class='ocrx_word' id='word_1_270' title='bbox 868 2356 896 2389; x_wconf 83' lang='lat'>7.</span> 
     </span>
     <span class='ocr_line' id='line_1_30' title="bbox 35 2409 896 2450; baseline 0 -10"><span class='ocrx_word' id='word_1_271' title='bbox 35 2409 111 2450; x_wconf 82' lang='lat' dir='ltr'>Dig.</span> <span class='ocrx_word' id='word_1_272' title='bbox 140 2411 180 2441; x_wconf 86' lang='lat' dir='ltr'>de</span> <span class='ocrx_word' id='word_1_273' title='bbox 207 2410 319 2450; x_wconf 86' lang='lat' dir='ltr'>pactis,</span> <span class='ocrx_word' id='word_1_274' title='bbox 349 2410 478 2450; x_wconf 87' lang='lat' dir='ltr'>proprie</span> <span class='ocrx_word' id='word_1_275' title='bbox 510 2414 603 2440; x_wconf 86' lang='lat' dir='ltr'>erant</span> <span class='ocrx_word' id='word_1_276' title='bbox 631 2414 725 2450; x_wconf 85' lang='lat' dir='ltr'>pacta</span> <span class='ocrx_word' id='word_1_277' title='bbox 757 2412 787 2440; x_wconf 82' lang='lat' dir='ltr'>et</span> <span class='ocrx_word' id='word_1_278' title='bbox 822 2420 896 2441; x_wconf 85' lang='lat' dir='ltr'>eon-</span> 
     </span>
     <span class='ocr_line' id='line_1_31' title="bbox 35 2463 896 2505; baseline -0.001 -10"><span class='ocrx_word' id='word_1_279' title='bbox 35 2468 143 2501; x_wconf 78' lang='lat' dir='ltr'>venta,</span> <span class='ocrx_word' id='word_1_280' title='bbox 166 2469 204 2495; x_wconf 89' lang='lat' dir='ltr'>ut</span> <span class='ocrx_word' id='word_1_281' title='bbox 225 2463 444 2504; x_wconf 74' lang='lat' dir='ltr'>ususfructus</span> <span class='ocrx_word' id='word_1_282' title='bbox 465 2473 543 2494; x_wconf 89' lang='lat' dir='ltr'>usus</span> <span class='ocrx_word' id='word_1_283' title='bbox 566 2469 599 2494; x_wconf 86' lang='lat' dir='ltr'>et</span> <span class='ocrx_word' id='word_1_284' title='bbox 621 2463 756 2494; x_wconf 87' lang='lat' dir='ltr'>fructus.</span> <span class='ocrx_word' id='word_1_285' title='bbox 781 2463 849 2495; x_wconf 87' lang='lat' dir='ltr'>Cic.</span> <span class='ocrx_word' id='word_1_286' title='bbox 865 2475 896 2505; x_wconf 88' lang='lat' dir='ltr'>p.</span> 
     </span>
     <span class='ocr_line' id='line_1_32' title="bbox 36 2516 895 2558; baseline -0.001 -9"><span class='ocrx_word' id='word_1_287' title='bbox 36 2516 130 2549; x_wconf 86' lang='lat' dir='ltr'>Caec.</span> <span class='ocrx_word' id='word_1_288' title='bbox 154 2519 171 2557; x_wconf 65' lang='grc' dir='ltr'><em>ξ</em></span> <span class='ocrx_word' id='word_1_289' title='bbox 195 2518 233 2548; x_wconf 86' lang='grc'>51</span> <span class='ocrx_word' id='word_1_290' title='bbox 256 2517 403 2558; x_wconf 88' lang='lat' dir='ltr'>loquitur</span> <span class='ocrx_word' id='word_1_291' title='bbox 424 2518 464 2548; x_wconf 88' lang='lat' dir='ltr'>de</span> <span class='ocrx_word' id='word_1_292' title='bbox 480 2516 571 2557; x_wconf 79' lang='lat' dir='ltr'>pacti</span> <span class='ocrx_word' id='word_1_293' title='bbox 600 2518 631 2547; x_wconf 79' lang='lat' dir='ltr'>et</span> <span class='ocrx_word' id='word_1_294' title='bbox 661 2517 803 2548; x_wconf 67' lang='lat' dir='ltr'>conventi</span> <span class='ocrx_word' id='word_1_295' title='bbox 822 2517 895 2558; x_wconf 82' lang='lat' dir='ltr'>for-</span> 
     </span>
     <span class='ocr_line' id='line_1_33' title="bbox 34 2571 898 2611; baseline 0.003 -11"><span class='ocrx_word' id='word_1_296' title='bbox 34 2572 128 2609; x_wconf 76' lang='lat' dir='ltr'>mula,</span> <span class='ocrx_word' id='word_1_297' title='bbox 151 2571 277 2603; x_wconf 83' lang='lat' dir='ltr'>Seneca</span> <span class='ocrx_word' id='word_1_298' title='bbox 298 2572 339 2603; x_wconf 89' lang='lat' dir='ltr'>de</span> <span class='ocrx_word' id='word_1_299' title='bbox 362 2571 479 2603; x_wconf 87' lang='lat' dir='ltr'>Benef.</span> <span class='ocrx_word' id='word_1_300' title='bbox 501 2571 566 2602; x_wconf 91' lang='lat' dir='ltr'>III.</span> <span class='ocrx_word' id='word_1_301' title='bbox 591 2572 628 2601; x_wconf 87' lang='grc'>15</span> <span class='ocrx_word' id='word_1_302' title='bbox 646 2574 745 2611; x_wconf 71' lang='lat' dir='ltr'>pacta</span> <span class='ocrx_word' id='word_1_303' title='bbox 769 2582 898 2603; x_wconf 83' lang='lat' dir='ltr'>conven-</span> 
     </span>
     <span class='ocr_line' id='line_1_34' title="bbox 34 2627 897 2668; baseline 0.001 -10"><span class='ocrx_word' id='word_1_304' title='bbox 34 2628 136 2668; x_wconf 77' lang='lat' dir='ltr'>taque,</span> <span class='ocrx_word' id='word_1_305' title='bbox 169 2632 201 2659; x_wconf 91' lang='lat' dir='ltr'>et</span> <span class='ocrx_word' id='word_1_306' title='bbox 229 2628 279 2659; x_wconf 84' lang='lat' dir='ltr'>tit.</span> <span class='ocrx_word' id='word_1_307' title='bbox 308 2628 336 2658; x_wconf 92' lang='lat' dir='ltr'>I.</span> <span class='ocrx_word' id='word_1_308' title='bbox 365 2627 440 2658; x_wconf 86' lang='lat' dir='ltr'>Lib.</span> <span class='ocrx_word' id='word_1_309' title='bbox 472 2628 490 2658; x_wconf 95' lang='lat' dir='ltr'>I</span> <span class='ocrx_word' id='word_1_310' title='bbox 518 2628 757 2659; x_wconf 87' lang='lat' dir='ltr'>sententiarum</span> <span class='ocrx_word' id='word_1_311' title='bbox 786 2628 897 2659; x_wconf 87' lang='lat' dir='ltr'>Paulli</span> 
     </span>
     <span class='ocr_line' id='line_1_35' title="bbox 34 2681 897 2722; baseline 0.002 -10"><span class='ocrx_word' id='word_1_312' title='bbox 34 2682 130 2713; x_wconf 87' lang='lat' dir='ltr'>inser.</span> <span class='ocrx_word' id='word_1_313' title='bbox 153 2682 193 2713; x_wconf 81' lang='lat' dir='ltr'>de</span> <span class='ocrx_word' id='word_1_314' title='bbox 207 2681 316 2722; x_wconf 77' lang='lat' dir='ltr'>pactis</span> <span class='ocrx_word' id='word_1_315' title='bbox 339 2684 370 2712; x_wconf 80' lang='lat' dir='ltr'>et</span> <span class='ocrx_word' id='word_1_316' title='bbox 391 2681 562 2713; x_wconf 76' lang='lat' dir='ltr'>conventis.</span> <span class='ocrx_word' id='word_1_317' title='bbox 592 2682 708 2722; x_wconf 84' lang='lat' dir='ltr'>Itaque</span> <span class='ocrx_word' id='word_1_318' title='bbox 730 2692 797 2714; x_wconf 92' lang='lat' dir='ltr'>non</span> <span class='ocrx_word' id='word_1_319' title='bbox 821 2682 897 2714; x_wconf 90' lang='lat' dir='ltr'>licet</span> 
     </span>
     <span class='ocr_line' id='line_1_36' title="bbox 34 2735 896 2776; baseline 0.002 -10"><span class='ocrx_word' id='word_1_320' title='bbox 34 2735 202 2767; x_wconf 86' lang='lat' dir='ltr'>secludere</span> <span class='ocrx_word' id='word_1_321' title='bbox 238 2735 400 2776; x_wconf 84' lang='lat' dir='ltr'>copulam.</span> <span class='ocrx_word' id='word_1_322' title='bbox 448 2735 514 2766; x_wconf 85' lang='lat' dir='ltr'>Pro</span> <span class='ocrx_word' id='word_1_323' title='bbox 543 2737 691 2766; x_wconf 75' lang='lat' dir='ltr'>convento</span> <span class='ocrx_word' id='word_1_324' title='bbox 720 2736 780 2767; x_wconf 79' lang='lat' dir='ltr'>vix</span> <span class='ocrx_word' id='word_1_325' title='bbox 809 2742 896 2768; x_wconf 86' lang='lat' dir='ltr'>recte</span> 
     </span>
     <span class='ocr_line' id='line_1_37' title="bbox 35 2786 894 2821; baseline 0.003 -3"><span class='ocrx_word' id='word_1_326' title='bbox 35 2787 69 2818; x_wconf 88' lang='lat' dir='ltr'>in</span> <span class='ocrx_word' id='word_1_327' title='bbox 93 2787 181 2818; x_wconf 86' lang='lat' dir='ltr'>Med.</span> <span class='ocrx_word' id='word_1_328' title='bbox 206 2792 254 2818; x_wconf 82' lang='lat' dir='ltr'>est</span> <span class='ocrx_word' id='word_1_329' title='bbox 276 2789 438 2818; x_wconf 72' lang='lat' dir='ltr'>conventu.</span> <span class='ocrx_word' id='word_1_330' title='bbox 462 2786 558 2819; x_wconf 89' lang='lat' dir='ltr'>Certe</span> <span class='ocrx_word' id='word_1_331' title='bbox 582 2789 616 2818; x_wconf 92' lang='lat' dir='ltr'>in</span> <span class='ocrx_word' id='word_1_332' title='bbox 642 2788 739 2820; x_wconf 86' lang='lat' dir='ltr'>Rhet.</span> <span class='ocrx_word' id='word_1_333' title='bbox 762 2790 803 2820; x_wconf 87' lang='lat' dir='ltr'>ad</span> <span class='ocrx_word' id='word_1_334' title='bbox 814 2789 894 2821; x_wconf 87' lang='lat' dir='ltr'>Her.</span> 
     </span>
     <span class='ocr_line' id='line_1_38' title="bbox 35 2841 896 2883; baseline 0.002 -11"><span class='ocrx_word' id='word_1_335' title='bbox 35 2842 82 2872; x_wconf 90' lang='grc' dir='ltr'>ΙΙ.</span> <span class='ocrx_word' id='word_1_336' title='bbox 107 2843 146 2873; x_wconf 78' lang='lat'>20</span> <span class='ocrx_word' id='word_1_337' title='bbox 168 2852 235 2873; x_wconf 91' lang='lat' dir='ltr'>non</span> <span class='ocrx_word' id='word_1_338' title='bbox 252 2843 361 2882; x_wconf 75' lang='lat' dir='ltr'>pacta,</span> <span class='ocrx_word' id='word_1_339' title='bbox 384 2852 462 2883; x_wconf 73' lang='lat' dir='ltr'>quae</span> <span class='ocrx_word' id='word_1_340' title='bbox 490 2841 559 2872; x_wconf 67' lang='lat' dir='ltr'>sine</span> <span class='ocrx_word' id='word_1_341' title='bbox 587 2841 706 2883; x_wconf 72' lang='lat' dir='ltr'>leqz&#39;bus</span> <span class='ocrx_word' id='word_1_342' title='bbox 735 2843 896 2874; x_wconf 71' lang='lat' dir='ltr'>observan-</span> 
     </span>
     <span class='ocr_line' id='line_1_39' title="bbox 35 2894 896 2936; baseline 0.002 -11"><span class='ocrx_word' id='word_1_343' title='bbox 35 2897 88 2925; x_wconf 77' lang='lat' dir='ltr'>tur</span> <span class='ocrx_word' id='word_1_344' title='bbox 111 2905 149 2925; x_wconf 72' lang='lat' dir='ltr'>ez·</span> <span class='ocrx_word' id='word_1_345' title='bbox 172 2897 323 2925; x_wconf 73' lang='lat' dir='ltr'>conventu</span> <span class='ocrx_word' id='word_1_346' title='bbox 346 2895 414 2934; x_wconf 84' lang='lat' dir='ltr'>legi</span> <span class='ocrx_word' id='word_1_347' title='bbox 436 2894 544 2931; x_wconf 89' lang='lat' dir='ltr'>debet,</span> <span class='ocrx_word' id='word_1_348' title='bbox 574 2895 630 2925; x_wconf 89' lang='lat' dir='ltr'>sed</span> <span class='ocrx_word' id='word_1_349' title='bbox 661 2896 748 2936; x_wconf 90' lang='lat' dir='ltr'>quod</span> <span class='ocrx_word' id='word_1_350' title='bbox 778 2896 812 2927; x_wconf 91' lang='lat' dir='ltr'>in</span> <span class='ocrx_word' id='word_1_351' title='bbox 842 2907 896 2927; x_wconf 87' lang='lat' dir='ltr'>an·</span> 
     </span>
     <span class='ocr_line' id='line_1_40' title="bbox 34 2947 897 2989; baseline 0.002 -10"><span class='ocrx_word' id='word_1_352' title='bbox 34 2948 219 2989; x_wconf 87' lang='lat' dir='ltr'>tiquissimo</span> <span class='ocrx_word' id='word_1_353' title='bbox 258 2948 370 2979; x_wconf 88' lang='lat' dir='ltr'>codice</span> <span class='ocrx_word' id='word_1_354' title='bbox 417 2947 701 2988; x_wconf 81' lang='lat' dir='ltr'>Wurzeburgensi</span> <span class='ocrx_word' id='word_1_355' title='bbox 743 2949 897 2981; x_wconf 86' lang='lat' dir='ltr'>distincte</span> 
     </span>
     <span class='ocr_line' id='line_1_41' title="bbox 35 3000 897 3041; baseline 0.001 -10"><span class='ocrx_word' id='word_1_356' title='bbox 35 3000 192 3041; x_wconf 83' lang='lat' dir='ltr'>seriptum</span> <span class='ocrx_word' id='word_1_357' title='bbox 215 3005 279 3031; x_wconf 82' lang='lat' dir='ltr'>est:</span> <span class='ocrx_word' id='word_1_358' title='bbox 310 3011 349 3031; x_wconf 75' lang='lat' dir='ltr'>ex</span> <span class='ocrx_word' id='word_1_359' title='bbox 379 3001 539 3031; x_wconf 75' lang='lat' dir='ltr'>convento.</span> <span class='ocrx_word' id='word_1_360' title='bbox 570 3000 647 3031; x_wconf 84' lang='lat' dir='ltr'>Vid.</span> <span class='ocrx_word' id='word_1_361' title='bbox 677 3001 778 3033; x_wconf 86' lang='lat' dir='ltr'>Anal.</span> <span class='ocrx_word' id='word_1_362' title='bbox 807 3002 897 3032; x_wconf 85' lang='lat' dir='ltr'>Tull.</span> 
     </span>
     <span class='ocr_line' id='line_1_42' title="bbox 35 3053 338 3094; baseline 0 -10"><span class='ocrx_word' id='word_1_363' title='bbox 35 3053 163 3084; x_wconf 85' lang='lat' dir='ltr'>Halmii</span> <span class='ocrx_word' id='word_1_364' title='bbox 184 3054 212 3084; x_wconf 89' lang='lat'>1.</span> <span class='ocrx_word' id='word_1_365' title='bbox 234 3064 265 3094; x_wconf 89' lang='lat' dir='ltr'>p.</span> <span class='ocrx_word' id='word_1_366' title='bbox 289 3054 338 3084; x_wconf 83' lang='lat'>12.</span> 
     </span>
    </p>

    <p class='ocr_par' dir='ltr' id='par_1_7' title="bbox 39 3105 899 3200">
     <span class='ocr_line' id='line_1_43' title="bbox 81 3105 898 3148; baseline 0.002 -12"><span class='ocrx_word' id='word_1_367' title='bbox 81 3105 189 3146; x_wconf 67' lang='lat' dir='ltr'>Tayax</span> <span class='ocrx_word' id='word_1_368' title='bbox 202 3116 235 3137; x_wconf 81' lang='lat' dir='ltr'>o:</span> <span class='ocrx_word' id='word_1_369' title='bbox 254 3116 364 3138; x_wconf 87' lang='lat' dir='ltr'>rerum</span> <span class='ocrx_word' id='word_1_370' title='bbox 380 3106 565 3138; x_wconf 89' lang='lat' dir='ltr'>alienarum</span> <span class='ocrx_word' id='word_1_371' title='bbox 581 3107 728 3148; x_wconf 86' lang='lat' dir='ltr'>cupidus,</span> <span class='ocrx_word' id='word_1_372' title='bbox 743 3107 898 3139; x_wconf 85' lang='lat' dir='ltr'>furuncu-</span> 
     </span>
     <span class='ocr_line' id='line_1_44' title="bbox 39 3159 899 3200; baseline 0.003 -11"><span class='ocrx_word' id='word_1_373' title='bbox 39 3159 100 3196; x_wconf 84' lang='lat' dir='ltr'>lus,</span> <span class='ocrx_word' id='word_1_374' title='bbox 110 3162 145 3190; x_wconf 92' lang='lat' dir='ltr'>ut</span> <span class='ocrx_word' id='word_1_375' title='bbox 153 3159 296 3200; x_wconf 85' lang='lat' dir='ltr'>explicat</span> <span class='ocrx_word' id='word_1_376' title='bbox 304 3159 431 3190; x_wconf 82' lang='lat' dir='ltr'>Festus.</span> <span class='ocrx_word' id='word_1_377' title='bbox 446 3159 626 3191; x_wconf 79' lang='lat' dir='ltr'>Derivatur</span> <span class='ocrx_word' id='word_1_378' title='bbox 635 3169 653 3190; x_wconf 83' lang='lat' dir='ltr'>a</span> <span class='ocrx_word' id='word_1_379' title='bbox 661 3161 733 3198; x_wconf 61' lang='lat' dir='ltr'>tayo</span> <span class='ocrx_word' id='word_1_380' title='bbox 740 3174 780 3188; x_wconf 67' lang='lat' dir='ltr'><strong><em>z</em></strong></span> <span class='ocrx_word' id='word_1_381' title='bbox 788 3166 899 3199; x_wconf 65' lang='lat' dir='ltr'>tango,</span> 
     </span>
    </p>
   </div>
   <div class='ocr_carea' id='block_1_5' title="bbox 102 3214 138 3255">
    <p class='ocr_par' dir='ltr' id='par_1_8' title="bbox 102 3214 138 3255">
     <span class='ocr_line' id='line_1_45' title="bbox 102 3214 138 3255; baseline 0 0"><span class='ocrx_word' id='word_1_382' title='bbox 102 3214 138 3255; x_wconf 89' lang='lat'>1.</span> 
     </span>
    </p>
   </div>
   <div class='ocr_carea' id='block_1_6' title="bbox 921 2058 927 2726">
    <p class='ocr_par' dir='ltr' id='par_1_9' title="bbox 921 2058 927 2726">
     <span class='ocr_line' id='line_1_46' title="bbox 921 2058 927 2726; baseline 0 0"><span class='ocrx_word' id='word_1_383' title='bbox 921 2058 927 2726; x_wconf 95' lang='lat' dir='ltr'> </span> 
     </span>
    </p>
   </div>
   <div class='ocr_carea' id='block_1_7' title="bbox 940 2031 1809 3202">
    <p class='ocr_par' dir='ltr' id='par_1_10' title="bbox 942 2031 1809 2709">
     <span class='ocr_line' id='line_1_47' title="bbox 991 2031 1809 2074; baseline 0.005 -11"><span class='ocrx_word' id='word_1_384' title='bbox 991 2033 1009 2074; x_wconf 64' lang='grc' dir='ltr'>ξ</span> <span class='ocrx_word' id='word_1_385' title='bbox 1027 2033 1055 2064; x_wconf 79' lang='lat'>2.</span> <span class='ocrx_word' id='word_1_386' title='bbox 1081 2031 1179 2074; x_wconf 73' lang='lat' dir='ltr'>Quum</span> <span class='ocrx_word' id='word_1_387' title='bbox 1187 2035 1374 2073; x_wconf 71' lang='lat' dir='ltr'>—sumptus</span> <span class='ocrx_word' id='word_1_388' title='bbox 1382 2044 1507 2065; x_wconf 76' lang='lat' dir='ltr'>annuus</span> <span class='ocrx_word' id='word_1_389' title='bbox 1517 2034 1661 2066; x_wconf 71' lang='lat' dir='ltr'>decretus</span> <span class='ocrx_word' id='word_1_390' title='bbox 1668 2035 1721 2067; x_wconf 73' lang='lat' dir='ltr'>sit.</span> <span class='ocrx_word' id='word_1_391' title='bbox 1733 2036 1809 2068; x_wconf 89' lang='lat' dir='ltr'>Per-</span> 
     </span>
     <span class='ocr_line' id='line_1_48' title="bbox 947 2088 1809 2132; baseline 0.005 -14"><span class='ocrx_word' id='word_1_392' title='bbox 947 2097 1060 2129; x_wconf 86' lang='lat' dir='ltr'>peram</span> <span class='ocrx_word' id='word_1_393' title='bbox 1089 2088 1193 2128; x_wconf 85' lang='lat' dir='ltr'>vulgo</span> <span class='ocrx_word' id='word_1_394' title='bbox 1223 2088 1497 2129; x_wconf 81' lang='lat' dir='ltr'>interpretantur:</span> <span class='ocrx_word' id='word_1_395' title='bbox 1527 2101 1630 2131; x_wconf 87' lang='lat' dir='ltr'>quum</span> <span class='ocrx_word' id='word_1_396' title='bbox 1659 2097 1809 2132; x_wconf 88' lang='lat' dir='ltr'>sumptus</span> 
     </span>
     <span class='ocr_line' id='line_1_49' title="bbox 947 2140 1809 2183; baseline 0.005 -12"><span class='ocrx_word' id='word_1_397' title='bbox 947 2140 981 2171; x_wconf 91' lang='lat' dir='ltr'>in</span> <span class='ocrx_word' id='word_1_398' title='bbox 1005 2150 1131 2171; x_wconf 88' lang='lat' dir='ltr'>annum</span> <span class='ocrx_word' id='word_1_399' title='bbox 1153 2141 1303 2173; x_wconf 87' lang='lat' dir='ltr'>decretus</span> <span class='ocrx_word' id='word_1_400' title='bbox 1334 2141 1375 2172; x_wconf 89' lang='lat' dir='ltr'>sit</span> <span class='ocrx_word' id='word_1_401' title='bbox 1405 2142 1544 2183; x_wconf 88' lang='lat' dir='ltr'>ideoque</span> <span class='ocrx_word' id='word_1_402' title='bbox 1574 2148 1691 2175; x_wconf 79' lang='lat' dir='ltr'>exacto</span> <span class='ocrx_word' id='word_1_403' title='bbox 1720 2154 1809 2175; x_wconf 89' lang='lat' dir='ltr'>anno</span> 
     </span>
     <span class='ocr_line' id='line_1_50' title="bbox 946 2193 1809 2236; baseline 0.003 -12"><span class='ocrx_word' id='word_1_404' title='bbox 946 2193 983 2230; x_wconf 89' lang='lat' dir='ltr'>is,</span> <span class='ocrx_word' id='word_1_405' title='bbox 1013 2194 1069 2234; x_wconf 89' lang='lat' dir='ltr'>qui</span> <span class='ocrx_word' id='word_1_406' title='bbox 1098 2193 1286 2234; x_wconf 88' lang='lat' dir='ltr'>provinciae</span> <span class='ocrx_word' id='word_1_407' title='bbox 1322 2195 1471 2234; x_wconf 82' lang='lat' dir='ltr'>praeerit,</span> <span class='ocrx_word' id='word_1_408' title='bbox 1506 2196 1646 2236; x_wconf 87' lang='lat' dir='ltr'>pecunia</span> <span class='ocrx_word' id='word_1_409' title='bbox 1676 2195 1809 2236; x_wconf 83' lang='lat' dir='ltr'>publica</span> 
     </span>
     <span class='ocr_line' id='line_1_51' title="bbox 945 2247 1808 2290; baseline 0.003 -12"><span class='ocrx_word' id='word_1_410' title='bbox 945 2248 1149 2278; x_wconf 81' lang='lat' dir='ltr'>destituatur.</span> <span class='ocrx_word' id='word_1_411' title='bbox 1170 2247 1384 2279; x_wconf 89' lang='lat' dir='ltr'>Hofmannus</span> <span class='ocrx_word' id='word_1_412' title='bbox 1407 2249 1441 2279; x_wconf 91' lang='lat' dir='ltr'>in</span> <span class='ocrx_word' id='word_1_413' title='bbox 1464 2249 1547 2290; x_wconf 88' lang='lat' dir='ltr'>disp.</span> <span class='ocrx_word' id='word_1_414' title='bbox 1569 2251 1610 2281; x_wconf 86' lang='lat' dir='ltr'>de</span> <span class='ocrx_word' id='word_1_415' title='bbox 1641 2250 1721 2281; x_wconf 90' lang='lat' dir='ltr'>belli</span> <span class='ocrx_word' id='word_1_416' title='bbox 1746 2250 1808 2281; x_wconf 88' lang='lat' dir='ltr'>civ.</span> 
     </span>
     <span class='ocr_line' id='line_1_52' title="bbox 947 2299 1808 2342; baseline 0.005 -12"><span class='ocrx_word' id='word_1_417' title='bbox 947 2299 1076 2331; x_wconf 87' lang='lat' dir='ltr'>Caesar.</span> <span class='ocrx_word' id='word_1_418' title='bbox 1100 2300 1229 2341; x_wconf 82' lang='lat' dir='ltr'>origine</span> <span class='ocrx_word' id='word_1_419' title='bbox 1251 2311 1283 2341; x_wconf 91' lang='lat' dir='ltr'>p.</span> <span class='ocrx_word' id='word_1_420' title='bbox 1306 2301 1366 2331; x_wconf 85' lang='lat'>138</span> <span class='ocrx_word' id='word_1_421' title='bbox 1390 2311 1436 2342; x_wconf 89' lang='lat' dir='ltr'>sq.</span> <span class='ocrx_word' id='word_1_422' title='bbox 1460 2301 1629 2334; x_wconf 80' lang='lat' dir='ltr'>intellexit</span> <span class='ocrx_word' id='word_1_423' title='bbox 1649 2303 1730 2334; x_wconf 83' lang='lat' dir='ltr'>haec</span> <span class='ocrx_word' id='word_1_424' title='bbox 1753 2312 1808 2334; x_wconf 82' lang='lat' dir='ltr'>ex-</span> 
     </span>
     <span class='ocr_line' id='line_1_53' title="bbox 945 2354 1808 2396; baseline 0.005 -12"><span class='ocrx_word' id='word_1_425' title='bbox 945 2354 1098 2394; x_wconf 86' lang='lat' dir='ltr'>plicanda</span> <span class='ocrx_word' id='word_1_426' title='bbox 1120 2363 1189 2386; x_wconf 87' lang='lat' dir='ltr'>esse</span> <span class='ocrx_word' id='word_1_427' title='bbox 1212 2364 1254 2385; x_wconf 83' lang='lat' dir='ltr'>ex</span> <span class='ocrx_word' id='word_1_428' title='bbox 1276 2354 1326 2392; x_wconf 87' lang='lat' dir='ltr'>iis,</span> <span class='ocrx_word' id='word_1_429' title='bbox 1348 2365 1431 2395; x_wconf 86' lang='lat' dir='ltr'>quae</span> <span class='ocrx_word' id='word_1_430' title='bbox 1454 2356 1612 2396; x_wconf 85' lang='lat' dir='ltr'>leguntur</span> <span class='ocrx_word' id='word_1_431' title='bbox 1635 2357 1715 2388; x_wconf 88' lang='lat' dir='ltr'>VII.</span> <span class='ocrx_word' id='word_1_432' title='bbox 1742 2358 1770 2394; x_wconf 92' lang='grc'>1,</span> <span class='ocrx_word' id='word_1_433' title='bbox 1790 2357 1808 2387; x_wconf 82' lang='grc'><strong>6</strong></span> 
     </span>
     <span class='ocr_line' id='line_1_54' title="bbox 944 2409 1808 2452; baseline 0.003 -13"><span class='ocrx_word' id='word_1_434' title='bbox 944 2409 1007 2440; x_wconf 87' lang='lat' dir='ltr'>hoc</span> <span class='ocrx_word' id='word_1_435' title='bbox 1029 2410 1143 2440; x_wconf 83' lang='lat' dir='ltr'>modo:</span> <span class='ocrx_word' id='word_1_436' title='bbox 1170 2424 1183 2435; x_wconf 73' lang='lat' dir='ltr'><em>u</em></span> <span class='ocrx_word' id='word_1_437' title='bbox 1198 2409 1367 2448; x_wconf 84' lang='lat' dir='ltr'>Quoniam</span> <span class='ocrx_word' id='word_1_438' title='bbox 1397 2417 1528 2442; x_wconf 86' lang='lat' dir='ltr'>senatus</span> <span class='ocrx_word' id='word_1_439' title='bbox 1558 2411 1637 2442; x_wconf 89' lang='lat' dir='ltr'>novi</span> <span class='ocrx_word' id='word_1_440' title='bbox 1667 2412 1708 2443; x_wconf 87' lang='lat' dir='ltr'>de</span> <span class='ocrx_word' id='word_1_441' title='bbox 1737 2422 1808 2452; x_wconf 91' lang='lat' dir='ltr'>pro-</span> 
     </span>
     <span class='ocr_line' id='line_1_55' title="bbox 945 2462 1807 2506; baseline 0.003 -13"><span class='ocrx_word' id='word_1_442' title='bbox 945 2462 1063 2493; x_wconf 88' lang='lat' dir='ltr'>vinciis</span> <span class='ocrx_word' id='word_1_443' title='bbox 1086 2463 1170 2493; x_wconf 89' lang='lat' dir='ltr'>nihil</span> <span class='ocrx_word' id='word_1_444' title='bbox 1194 2464 1317 2501; x_wconf 85' lang='lat' dir='ltr'>statuit,</span> <span class='ocrx_word' id='word_1_445' title='bbox 1342 2464 1520 2495; x_wconf 88' lang='lat' dir='ltr'>successori</span> <span class='ocrx_word' id='word_1_446' title='bbox 1543 2465 1632 2496; x_wconf 86' lang='lat' dir='ltr'>idem</span> <span class='ocrx_word' id='word_1_447' title='bbox 1648 2470 1807 2506; x_wconf 88' lang='lat' dir='ltr'>sumptus,</span> 
     </span>
     <span class='ocr_line' id='line_1_56' title="bbox 945 2517 1807 2557; baseline 0.005 -10"><span class='ocrx_word' id='word_1_448' title='bbox 945 2517 1002 2557; x_wconf 91' lang='lat' dir='ltr'>qui</span> <span class='ocrx_word' id='word_1_449' title='bbox 1024 2517 1106 2548; x_wconf 87' lang='lat' dir='ltr'>mihi</span> <span class='ocrx_word' id='word_1_450' title='bbox 1128 2527 1259 2548; x_wconf 87' lang='lat' dir='ltr'>annuus</span> <span class='ocrx_word' id='word_1_451' title='bbox 1282 2519 1430 2549; x_wconf 85' lang='lat' dir='ltr'>decretus</span> <span class='ocrx_word' id='word_1_452' title='bbox 1454 2523 1510 2556; x_wconf 88' lang='lat' dir='ltr'>est,</span> <span class='ocrx_word' id='word_1_453' title='bbox 1534 2520 1567 2550; x_wconf 91' lang='lat' dir='ltr'>in</span> <span class='ocrx_word' id='word_1_454' title='bbox 1591 2519 1731 2551; x_wconf 87' lang='lat' dir='ltr'>alterum</span> <span class='ocrx_word' id='word_1_455' title='bbox 1752 2529 1807 2550; x_wconf 89' lang='lat' dir='ltr'>an-</span> 
     </span>
     <span class='ocr_line' id='line_1_57' title="bbox 945 2572 1808 2611; baseline 0.005 -11"><span class='ocrx_word' id='word_1_456' title='bbox 945 2580 1027 2601; x_wconf 92' lang='lat' dir='ltr'>num</span> <span class='ocrx_word' id='word_1_457' title='bbox 1049 2572 1233 2611; x_wconf 81' lang='lat' dir='ltr'>erogandus</span> <span class='ocrx_word' id='word_1_458' title='bbox 1256 2576 1304 2602; x_wconf 87' lang='lat' dir='ltr'>est</span> <span class='ocrx_word' id='word_1_459' title='bbox 1311 2585 1319 2608; x_wconf 88' lang='grc'>,·</span> <span class='ocrx_word' id='word_1_460' title='bbox 1344 2572 1401 2603; x_wconf 92' lang='lat' dir='ltr'>ille</span> <span class='ocrx_word' id='word_1_461' title='bbox 1424 2578 1535 2603; x_wconf 84' lang='lat' dir='ltr'>autem</span> <span class='ocrx_word' id='word_1_462' title='bbox 1564 2573 1670 2604; x_wconf 90' lang='lat' dir='ltr'>multo</span> <span class='ocrx_word' id='word_1_463' title='bbox 1698 2573 1808 2604; x_wconf 87' lang='lat' dir='ltr'>minor</span> 
     </span>
     <span class='ocr_line' id='line_1_58' title="bbox 945 2625 1807 2668; baseline 0.003 -13"><span class='ocrx_word' id='word_1_464' title='bbox 945 2630 1002 2662; x_wconf 87' lang='lat' dir='ltr'>est,</span> <span class='ocrx_word' id='word_1_465' title='bbox 1019 2635 1117 2665; x_wconf 80' lang='lat' dir='ltr'>quain</span> <span class='ocrx_word' id='word_1_466' title='bbox 1145 2625 1203 2665; x_wconf 88' lang='lat' dir='ltr'>qui</span> <span class='ocrx_word' id='word_1_467' title='bbox 1222 2625 1363 2657; x_wconf 87' lang='lat' dir='ltr'>sufficiat</span> <span class='ocrx_word' id='word_1_468' title='bbox 1380 2627 1420 2657; x_wconf 86' lang='lat' dir='ltr'>ad</span> <span class='ocrx_word' id='word_1_469' title='bbox 1433 2627 1663 2668; x_wconf 86' lang='lat' dir='ltr'>repellendum</span> <span class='ocrx_word' id='word_1_470' title='bbox 1678 2628 1807 2659; x_wconf 86' lang='lat' dir='ltr'>hostem</span> 
     </span>
     <span class='ocr_line' id='line_1_59' title="bbox 942 2678 1218 2709; baseline 0.004 -1"><span class='ocrx_word' id='word_1_471' title='bbox 942 2678 1218 2709; x_wconf 38' lang='lat' dir='ltr'>validissimum?</span> 
     </span>
    </p>

    <p class='ocr_par' dir='ltr' id='par_1_11' title="bbox 940 2734 1806 2937">
     <span class='ocr_line' id='line_1_60' title="bbox 982 2734 1805 2779; baseline 0.007 -15"><span class='ocrx_word' id='word_1_472' title='bbox 982 2734 1143 2776; x_wconf 74' lang='lat' dir='ltr'>Nuyarum</span> <span class='ocrx_word' id='word_1_473' title='bbox 1167 2735 1291 2777; x_wconf 78' lang='lat' dir='ltr'>aliquid</span> <span class='ocrx_word' id='word_1_474' title='bbox 1312 2746 1348 2767; x_wconf 74' lang='grc' dir='ltr'>οε</span> <span class='ocrx_word' id='word_1_475' title='bbox 1370 2737 1542 2769; x_wconf 87' lang='lat' dir='ltr'>hominem</span> <span class='ocrx_word' id='word_1_476' title='bbox 1564 2738 1671 2770; x_wconf 89' lang='lat' dir='ltr'>nihili.</span> <span class='ocrx_word' id='word_1_477' title='bbox 1696 2738 1805 2779; x_wconf 82' lang='lat' dir='ltr'>Signi-</span> 
     </span>
     <span class='ocr_line' id='line_1_61' title="bbox 940 2787 1806 2831; baseline 0.005 -13"><span class='ocrx_word' id='word_1_478' title='bbox 940 2788 1017 2818; x_wconf 89' lang='lat' dir='ltr'>ficat</span> <span class='ocrx_word' id='word_1_479' title='bbox 1040 2787 1192 2819; x_wconf 86' lang='lat' dir='ltr'>Caelium</span> <span class='ocrx_word' id='word_1_480' title='bbox 1214 2794 1432 2829; x_wconf 85' lang='lat' dir='ltr'>quaestorem.</span> <span class='ocrx_word' id='word_1_481' title='bbox 1455 2790 1566 2831; x_wconf 65' lang='lat' dir='ltr'>Nayas</span> <span class='ocrx_word' id='word_1_482' title='bbox 1581 2791 1735 2823; x_wconf 87' lang='lat' dir='ltr'>dicebant</span> <span class='ocrx_word' id='word_1_483' title='bbox 1750 2791 1806 2822; x_wconf 94' lang='lat' dir='ltr'>ho-</span> 
     </span>
     <span class='ocr_line' id='line_1_62' title="bbox 941 2842 1805 2885; baseline 0.005 -14"><span class='ocrx_word' id='word_1_484' title='bbox 941 2842 1048 2872; x_wconf 83' lang='lat' dir='ltr'>mines</span> <span class='ocrx_word' id='word_1_485' title='bbox 1071 2842 1267 2874; x_wconf 86' lang='lat' dir='ltr'>levissimos.</span> <span class='ocrx_word' id='word_1_486' title='bbox 1291 2842 1340 2875; x_wconf 89' lang='lat' dir='ltr'>Cf.</span> <span class='ocrx_word' id='word_1_487' title='bbox 1363 2844 1425 2874; x_wconf 89' lang='lat' dir='ltr'>hac</span> <span class='ocrx_word' id='word_1_488' title='bbox 1448 2854 1497 2885; x_wconf 89' lang='lat' dir='ltr'>ep.</span> <span class='ocrx_word' id='word_1_489' title='bbox 1521 2845 1539 2885; x_wconf 65' lang='grc' dir='ltr'>ξ</span> <span class='ocrx_word' id='word_1_490' title='bbox 1563 2847 1591 2882; x_wconf 84' lang='lat'>5,</span> <span class='ocrx_word' id='word_1_491' title='bbox 1615 2846 1656 2877; x_wconf 86' lang='lat' dir='ltr'>ad</span> <span class='ocrx_word' id='word_1_492' title='bbox 1687 2845 1729 2884; x_wconf 82' lang='lat' dir='ltr'>Q.</span> <span class='ocrx_word' id='word_1_493' title='bbox 1766 2845 1805 2875; x_wconf 86' lang='lat' dir='ltr'>fr.</span> 
     </span>
     <span class='ocr_line' id='line_1_63' title="bbox 942 2894 1675 2937; baseline 0.004 -13"><span class='ocrx_word' id='word_1_494' title='bbox 942 2894 968 2924; x_wconf 91' lang='grc' dir='ltr'>Ι.</span> <span class='ocrx_word' id='word_1_495' title='bbox 993 2894 1022 2931; x_wconf 81' lang='lat'>2,</span> <span class='ocrx_word' id='word_1_496' title='bbox 1046 2895 1076 2924; x_wconf 86' lang='lat'>4.</span> <span class='ocrx_word' id='word_1_497' title='bbox 1099 2894 1196 2926; x_wconf 85' lang='lat' dir='ltr'>Prius</span> <span class='ocrx_word' id='word_1_498' title='bbox 1220 2895 1396 2937; x_wconf 72' lang='lat' dir='ltr'>relinquere</span> <span class='ocrx_word' id='word_1_499' title='bbox 1417 2897 1545 2928; x_wconf 80' lang='lat' dir='ltr'>melius</span> <span class='ocrx_word' id='word_1_500' title='bbox 1560 2897 1675 2928; x_wconf 84' lang='lat' dir='ltr'>aberit.</span> 
     </span>
    </p>

    <p class='ocr_par' dir='ltr' id='par_1_12' title="bbox 943 2946 1805 3095">
     <span class='ocr_line' id='line_1_64' title="bbox 986 2946 1805 2990; baseline 0.006 -14"><span class='ocrx_word' id='word_1_501' title='bbox 986 2946 1061 2977; x_wconf 77' lang='lat' dir='ltr'>Toto</span> <span class='ocrx_word' id='word_1_502' title='bbox 1083 2947 1207 2987; x_wconf 71' lang='lat' dir='ltr'>neyoz&#39;io</span> <span class='ocrx_word' id='word_1_503' title='bbox 1230 2947 1317 2978; x_wconf 73' lang='lat' dir='ltr'>nobis</span> <span class='ocrx_word' id='word_1_504' title='bbox 1336 2958 1411 2988; x_wconf 73' lang='lat' dir='ltr'>opus</span> <span class='ocrx_word' id='word_1_505' title='bbox 1434 2948 1582 2989; x_wconf 74' lang='lat' dir='ltr'>nonfuit.</span> <span class='ocrx_word' id='word_1_506' title='bbox 1607 2949 1805 2990; x_wconf 86' lang='lat' dir='ltr'>Saepissime</span> 
     </span>
     <span class='ocr_line' id='line_1_65' title="bbox 943 2999 1805 3040; baseline 0.003 -10"><span class='ocrx_word' id='word_1_507' title='bbox 943 2999 1092 3040; x_wconf 85' lang='lat' dir='ltr'>queritur</span> <span class='ocrx_word' id='word_1_508' title='bbox 1120 3000 1245 3038; x_wconf 91' lang='lat' dir='ltr'>Cicero,</span> <span class='ocrx_word' id='word_1_509' title='bbox 1276 3011 1309 3032; x_wconf 85' lang='lat' dir='ltr'>se</span> <span class='ocrx_word' id='word_1_510' title='bbox 1342 3002 1468 3032; x_wconf 86' lang='lat' dir='ltr'>tamdiu</span> <span class='ocrx_word' id='word_1_511' title='bbox 1499 3003 1540 3033; x_wconf 87' lang='lat' dir='ltr'>ab</span> <span class='ocrx_word' id='word_1_512' title='bbox 1568 3003 1649 3034; x_wconf 86' lang='lat' dir='ltr'>urbe</span> <span class='ocrx_word' id='word_1_513' title='bbox 1683 3004 1805 3035; x_wconf 87' lang='lat' dir='ltr'>abesse.</span> 
     </span>
     <span class='ocr_line' id='line_1_66' title="bbox 944 3054 1519 3095; baseline 0.005 -11"><span class='ocrx_word' id='word_1_514' title='bbox 944 3054 1022 3084; x_wconf 87' lang='lat' dir='ltr'>Vid.</span> <span class='ocrx_word' id='word_1_515' title='bbox 1047 3054 1208 3095; x_wconf 89' lang='lat' dir='ltr'>imprimis</span> <span class='ocrx_word' id='word_1_516' title='bbox 1230 3055 1324 3086; x_wconf 86' lang='lat' dir='ltr'>Fam.</span> <span class='ocrx_word' id='word_1_517' title='bbox 1346 3056 1394 3086; x_wconf 85' lang='grc' dir='ltr'>ΙΙ.</span> <span class='ocrx_word' id='word_1_518' title='bbox 1418 3056 1466 3093; x_wconf 78' lang='grc'>12,</span> <span class='ocrx_word' id='word_1_519' title='bbox 1491 3057 1519 3087; x_wconf 72' lang='grc'>2.</span> 
     </span>
    </p>

    <p class='ocr_par' dir='ltr' id='par_1_13' title="bbox 945 3106 1807 3202">
     <span class='ocr_line' id='line_1_67' title="bbox 988 3106 1807 3150; baseline 0.007 -13"><span class='ocrx_word' id='word_1_520' title='bbox 988 3106 1054 3138; x_wconf 82' lang='lat' dir='ltr'>Tua</span> <span class='ocrx_word' id='word_1_521' title='bbox 1071 3108 1248 3148; x_wconf 74' lang='lat' dir='ltr'>provincia,</span> <span class='ocrx_word' id='word_1_522' title='bbox 1271 3109 1306 3139; x_wconf 81' lang='lat' dir='ltr'>id</span> <span class='ocrx_word' id='word_1_523' title='bbox 1327 3110 1415 3150; x_wconf 89' lang='lat' dir='ltr'>quod</span> <span class='ocrx_word' id='word_1_524' title='bbox 1437 3114 1472 3140; x_wconf 88' lang='lat' dir='ltr'>tu</span> <span class='ocrx_word' id='word_1_525' title='bbox 1496 3110 1575 3150; x_wconf 82' lang='lat' dir='ltr'>agis,</span> <span class='ocrx_word' id='word_1_526' title='bbox 1597 3111 1700 3142; x_wconf 88' lang='lat' dir='ltr'>otium</span> <span class='ocrx_word' id='word_1_527' title='bbox 1715 3117 1807 3143; x_wconf 87' lang='lat' dir='ltr'>tuum</span> 
     </span>
     <span class='ocr_line' id='line_1_68' title="bbox 945 3162 1493 3202; baseline 0.004 -10"><span class='ocrx_word' id='word_1_528' title='bbox 945 3165 977 3192; x_wconf 86' lang='lat' dir='ltr'>et</span> <span class='ocrx_word' id='word_1_529' title='bbox 1000 3170 1018 3191; x_wconf 81' lang='lat' dir='ltr'>a</span> <span class='ocrx_word' id='word_1_530' title='bbox 1040 3171 1177 3193; x_wconf 85' lang='lat' dir='ltr'>munere</span> <span class='ocrx_word' id='word_1_531' title='bbox 1199 3162 1334 3202; x_wconf 85' lang='lat' dir='ltr'>publico</span> <span class='ocrx_word' id='word_1_532' title='bbox 1356 3163 1493 3194; x_wconf 78' lang='lat' dir='ltr'>vacatio.</span> 
     </span>
    </p>
   </div>
   <div class='ocr_carea' id='block_1_8' title="bbox 1568 3222 1618 3261">
    <p class='ocr_par' dir='ltr' id='par_1_14' title="bbox 1568 3222 1618 3261">
     <span class='ocr_line' id='line_1_69' title="bbox 1568 3222 1618 3261; baseline -0.04 0"><span class='ocrx_word' id='word_1_533' title='bbox 1568 3222 1618 3261; x_wconf 70' lang='grc'>18</span> 
     </span>
    </p>
   </div>
   <div class='ocr_carea' id='block_1_9' title="bbox 1824 991 1856 1016">
    <p class='ocr_par' dir='ltr' id='par_1_15' title="bbox 1824 991 1856 1016">
     <span class='ocr_line' id='line_1_70' title="bbox 1824 991 1856 1016; baseline -0.094 0"><span class='ocrx_word' id='word_1_534' title='bbox 1824 991 1856 1016; x_wconf 76' lang='lat'>10</span> 
     </span>
    </p>
   </div>
   <div class='ocr_carea' id='block_1_10' title="bbox 1827 1366 1858 1390">
    <p class='ocr_par' dir='ltr' id='par_1_16' title="bbox 1827 1366 1858 1390">
     <span class='ocr_line' id='line_1_71' title="bbox 1827 1366 1858 1390; baseline 0 0"><span class='ocrx_word' id='word_1_535' title='bbox 1827 1366 1858 1390; x_wconf 76' lang='lat'>15</span> 
     </span>
    </p>
   </div>
   <div class='ocr_carea' id='block_1_11' title="bbox 1828 1728 1863 1756">
    <p class='ocr_par' dir='ltr' id='par_1_17' title="bbox 1828 1728 1863 1756">
     <span class='ocr_line' id='line_1_72' title="bbox 1828 1728 1863 1756; baseline 0.057 -2"><span class='ocrx_word' id='word_1_536' title='bbox 1828 1728 1863 1756; x_wconf 77' lang='lat'>20</span> 
     </span>
    </p>
   </div>
  </div>
 </body>
</html>
