2117 3533
743 160 850 202 LIB.
885 162 920 203 I.
955 162 1038 202 ΕΡ.
1078 163 1146 202 10.

79 308 291 345 amatorem
325 298 543 348 inveneris;
578 312 671 338 nam
705 311 777 351 ego
812 313 947 338 01111165

1783 167 1834 207 21

980 313 1086 339 ineas
1120 296 1380 338 vindemiolas
1405 313 1450 339 eo
1474 315 1642 350 reserVO,
1670 304 1716 340 ut
1737 300 1837 341 illud

80 375 305 417 subsidium
338 376 535 416 senectuti
567 390 715 430 parem.
760 377 799 416 5.
834 376 894 416 De
928 375 1060 427 fratre,
1097 376 1252 417 confido
1284 377 1341 418 ita
1375 393 1472 427 6556,
1508 381 1553 418 ut
1587 392 1739 431 semper
1772 391 1838 416 vo-

79 448 137 489 lui
170 452 209 488 et
241 446 453 488 elaboravi.
488 447 621 488 Multa
654 447 768 502 signa
808 452 902 488 511111
942 449 1027 489 61115
1070 449 1140 499 161,
1186 463 1267 490 11011
1310 450 1536 501 111111111111111,
1583 449 1689 504 quod
1732 464 1839 490 soror

80 535 301 576 praegnans
335 526 408 561 est.
460 524 500 561 6.
535 521 595 561 De
629 520 800 562 comitiis
834 521 932 562 meis
966 527 1005 563 et
1036 522 1112 563 tibi
1145 538 1207 562 me
1240 522 1464 577 permisisse
1498 523 1662 564 memini
1696 528 1735 563 et
1768 537 1840 576 ego

83 593 318 648 iampridem
351 594 426 635 1106
469 594 747 635 communibus
790 595 941 646 amicis,

978 596 1046 650 qui
1079 601 1118 636 te
1163 601 1408 651 exspectant,
1454 596 1638 651 praedico
1679 600 1718 635 te
1762 610 1843 635 11011
1876 608 1889 632 5

84 666 200 707 modo
233 681 314 707 11011
348 667 492 708 arcessi
526 682 547 708 a
580 682 656 717 1116,
688 667 755 707 56(1
783 667 986 722 prohiberi
996 687 1006 719 3
1032 668 1138 722 quod
1157 668 1338 722 intelligo
1358 669 1485 709 multo
1509 669 1634 722 magis
1652 668 1843 708 interesse

82 745 153 782 tua
184 744 223 781 te
258 755 385 794 agere,
421 740 527 794 quod
562 740 759 794 agendum
794 746 897 782 esset
930 741 1004 782 hoc
1037 746 1228 797 tempore,
1264 757 1384 796 quam
1416 757 1503 782 inea
1536 746 1576 782 te
1611 741 1747 782 adesse
1782 754 1844 779 co-

82 813 220 854 mitiis.
255 812 428 853 Proinde
463 828 507 854 eo
542 813 674 853 auimo
707 818 746 853 te
780 813 898 854 veliin
932 829 1029 865 esse,
1066 815 1178 869 quasi
1212 816 1291 856 mei
1330 815 1481 870 negotii
1524 830 1642 856 causa
1682 814 1725 854 in
1768 813 1846 853 ista

82 887 168 927 loca
201 886 345 927 missus
379 901 497 927 esses.
532 886 600 927 Me
635 890 767 927 autem
801 902 892 927 eum
934 892 973 927 et
1017 887 1192 928 offendes
1234 903 1326 942 erga
1368 893 1407 929 te
1452 893 1492 929 et
1536 887 1687 936 (111(1165,
1733 886 1847 940 quasi

84 959 197 1010 1111111,
233 960 265 1000 51
299 974 399 1013 quae
431 963 544 1013 parta
578 964 707 1009 erunt,
743 975 821 1000 11011
857 960 975 1000 1110(10
1008 966 1047 1000 16
1081 966 1287 1015 praesente
1322 961 1390 1002 sed
1423 976 1493 1016 per
1525 965 1564 1001 16
1598 965 1711 1015 parta
1751 959 1845 1000 sint.
1861 976 1895 1001 10

83 1032 253 1074 Tulliola
284 1030 360 1072 tibi
394 1031 499 1072 diem
533 1031 621 1082 dat3
657 1047 885 1086 sponsorem
921 1034 1010 1087 (me)
1046 1033 1232 1088 appellat.

131 1256 149 1286 6
171 1255 345 1295 intelliyam
368 1274 410 1279 —
432 1256 449 1288 7
473 1255 623 1297 agendam
649 1258 696 1286 est
718 1274 760 1280 —
782 1257 818 1286 11
841 1266 1014 1297 sponsorem
1042 1267 1102 1288 non
1124 1257 1274 1297 appellat.

129 1450 239 1481 Aerem
260 1452 428 1480 amatorem
452 1460 482 1481 o:
518 1459 601 1486 eum,
631 1449 686 1490 qui
718 1453 808 1480 tanto
836 1458 945 1481 amore

90 1504 305 1535 bibliothecae
328 1508 401 1534 tuae
423 1507 560 1540 tenetur,
583 1507 619 1533 ut
641 1512 713 1533 eam
736 1502 853 1542 quovis
877 1512 945 1542 pre-

88 1558 134 1588 tio
156 1567 247 1588 suam
269 1556 374 1588 facere
396 1556 531 1587 studeat.
554 1555 706 1595 Languet
721 1557 892 1594 emplorem,
912 1560 947 1585 ut

89 1609 235 1641 Faernus
257 1610 355 1640 scribi
376 1609 516 1640 volebat.

133 1663 150 1702 ἓ
174 1662 201 1692 6.
224 1662 272 1692 De
295 1661 428 1692 comitiis
450 1661 536 1692 meis.
571 1660 685 1692 Cicero
714 1665 791 1691 tunc
819 1660 949 1701 petebat

93 1720 285 1756 praeturam.
329 1716 369 1746 In
399 1715 609 1755 sequentibus
638 1714 745 1745 verbis
775 1714 948 1754 probamus

93 1770 285 1809 scripturam
308 1778 324 1799 e
346 1779 448 1808 marg.
477 1768 562 1799 Crat.
586 1768 687 1807 vulgo
709 1771 881 1807 receptam,
905 1766 950 1796 ita

94 1828 129 1853 ut
151 1822 250 1852 verba
272 1823 303 1852 te
326 1832 385 1852 noa
409 1821 495 1851 modo
524 1831 583 1851 non
613 1820 734 1851 arcessa*
763 1831 783 1849 a
813 1829 866 1855 me,
896 1818 953 1849 sed

87 1875 248 1917 prohiberi
270 1877 432 1916 pendeant
455 1876 495 1905 ab
518 1875 573 1905 boc
596 1894 637 1897 —
652 1874 814 1914 praedico,
838 1874 895 1905 sed
913 1874 952 1904 si-

95 1930 163 1960 mul
186 1929 389 1968 intelligatur
411 1930 451 1960 ad
473 1938 597 1969 praece.
631 1927 687 1958 libi
709 1938 755 1957 me
770 1927 952 1968 permisisse

97 1981 217 2012 memini
247 1981 445 2021 cogitatione
474 1982 692 2022 supplendum
720 1990 789 2012 esse
811 1985 847 2010 ut
869 1980 952 2010 abes-

95 2045 154 2065 ses.
182 2034 236 2064 Fr.
265 2033 503 2071 Hofmanmun,
541 2034 596 2074 qui
632 2034 720 2064 Med.
760 2033 951 2073 scripturam

98 2098 159 2117 ‘noa
182 2086 269 2116 modo
291 2097 350 2116 non
366 2096 532 2123 arcessam,
557 2086 613 2117 sed
628 2086 794 2127 prohibebo
818 2085 952 2117 retineri

99 2142 196 2178 iubet,
227 2151 284 2181 pro
313 2140 488 2180 inlellifsum
518 2141 684 2181 corrigens
713 2141 866 2179 intelliqo,
904 2150 952 2170 ro-

100 2194 194 2233 gabo,
225 2194 303 2234 quid
326 2204 404 2233 ergo
428 2193 541 2224 Cicero
569 2194 753 2233 promiserit
781 2194 893 2223 Attico
922 2197 953 2223 et

99 2247 177 2287 quid
207 2247 247 2277 sit
275 2247 340 2283 boc,
371 2247 458 2286 quod
487 2246 599 2276 amicis
621 2247 792 2287 praedicet.

144 2299 232 2339 Quod
254 2299 403 2339 ayendam
427 2302 507 2329 esset
530 2310 604 2329 cum
619 2300 711 2330 libris
726 2300 821 2336 notis,
837 2299 869 2329 in
886 2299 953 2339 qui-

103 2353 160 2382 bus
182 2362 309 2391 quoque
332 2352 366 2382 Z.
389 2351 554 2382 Lambini.
587 2352 627 2382 In
650 2354 731 2382 esset
754 2357 830 2392 puto
853 2353 953 2383 latere

99 2404 171 2435 istie
193 2407 248 2434 est.
273 2404 384 2444 Vulgo
407 2404 512 2434 editur
532 2404 612 2445 quod
627 2405 780 2445 ayenclam
798 2406 853 2441 eslf,
868 2405 954 2435 male

100 2458 219 2489 omissa
242 2459 305 2489 loci
327 2458 534 2489 indicatione.

140 2511 278 2541 Proinde
300 2521 331 2541 o:
368 2521 409 2541 ex
432 2520 469 2542 ea
490 2511 538 2542 rei
559 2511 693 2549 ratione,
717 2514 803 2554 quod
827 2523 886 2544 nos
908 2514 954 2545 (11-

100 2565 203 2595 61111115
225 2564 489 2605 clienlenyevolye.

142 2618 174 2647 δι’
196 2629 255 2658 qua
276 2620 375 2658 μανία
404 2620 477 2648 sunt
499 2622 653 2659 —parta
681 2620 755 2651 sint.
786 2621 838 2651 Ita
866 2621 953 2652 Med.
977 2619 979 2638 ¹*

100 2671 139 2701 In
163 2670 235 2701 aliis
257 2671 347 2701 codd.
356 2673 477 2711 parata
493 2671 664 2703 inventum
679 2678 735 2703 est.
758 2672 955 2714 Saepissime

94 2733 211 2763 parere
234 2728 265 2754 et
280 2733 409 2763 parare,
425 2725 541 2764 partas
564 2729 594 2755 et
602 2727 740 2765 paratas
752 2725 955 2756 confundun-
977 2743 978 2773 3

99 2782 160 2807 tur.
184 2777 222 2807 cf.
246 2777 346 2808 Drak.
369 2778 410 2808 ad
430 2777 504 2808 Liv.
529 2778 570 2808 V.
594 2779 621 2816 6,
647 2779 662 2809 1
688 2784 719 2810 et
732 2779 844 2810 XLII.
862 2781 909 2817 11,
927 2781 954 2811 9.
976 2777 979 2816 l

100 2830 242 2861 Difficile
265 2835 313 2861 est
334 2831 521 2867 diiudicare,
544 2836 655 2862 utrum
671 2833 704 2863 in
721 2833 861 2873 siugulis
876 2834 955 2864 locis

100 2892 214 2913 verum
243 2882 292 2919 sit,
333 2883 360 2913 si
390 2893 409 2913 a
436 2883 602 2914 codicibus
634 2885 825 2916 recedimus.
869 2882 979 2916 Nam&

995 1451 1090 1483 debet
1112 1452 1262 1482 librarios
1286 1452 1453 1492 proniores
1476 1452 1574 1484 fuisse
1592 1453 1632 1483 ad
1647 1452 1854 1483 scribendum

988 1506 1104 1544 partus
1126 1515 1183 1544 pro
1199 1507 1345 1545 paratus,
1370 1515 1469 1546 quam
1491 1510 1612 1536 contra.

1040 1557 1071 1587 Τ.
1097 1557 1152 1588 tibi
1183 1557 1262 1588 diem
1293 1558 1362 1595 dat,
1392 1568 1567 1599 sponsorem
1597 1559 1672 1599 (me)
1706 1558 1855 1598 appellat.

995 1611 1034 1642 cf.
1059 1621 1106 1652 ep.
1131 1613 1158 1648 8,
1183 1613 1210 1642 3.
1239 1611 1330 1641 Diem
1352 1611 1430 1642 dare
1451 1612 1483 1642 h.
1507 1613 1528 1643 1,
1552 1616 1599 1643 est
1621 1617 1746 1643 certum
1767 1612 1856 1643 diem

995 1665 1201 1701 constituere,
1241 1675 1305 1705 quo
1335 1665 1482 1696 debitum
1512 1666 1743 1696 munusculum
1773 1669 1857 1696 esset

997 1716 1201 1747 solvendum.
1225 1716 1264 1746 In
1289 1716 1353 1746 alia
1375 1726 1409 1747 re
1433 1716 1519 1747 idem
1544 1717 1664 1757 legitur
1685 1717 1725 1747 de
1747 1717 1788 1747 N.
1816 1716 1856 1746 D.

998 1771 1060 1801 III.
1085 1771 1134 1800 94.
1165 1770 1292 1800 Ultima
1315 1781 1416 1810 quum
1439 1771 1472 1802 in
1495 1772 1583 1802 Med.
1607 1771 1726 1811 scripta
1751 1775 1857 1802 essent

997 1833 1172 1863 sponsorem
1209 1823 1358 1864 appellat,
1393 1824 1418 1853 is
1449 1823 1504 1863 qui
1534 1824 1679 1854 codicem
1715 1823 1859 1854 correxit

999 1875 1191 1916 interposuit
1226 1887 1296 1912 mm,
1335 1877 1421 1916 quod
1451 1876 1527 1907 inde
1557 1877 1685 1907 transiit
1719 1877 1752 1906 in
1788 1876 1857 1906 cod.

999 1929 1137 1965 Bessan,
1161 1929 1330 1960 Palatinos
1345 1928 1484 1966 Gruteri,
1502 1929 1656 1960 Ambros.
1672 1929 1859 1969 placuitque

1003 1982 1153 2012 Manutio
1176 1986 1207 2013 et
1230 1981 1354 2013 Orellio
1376 1982 1410 2012 in
1443 1982 1518 2012 edit.
1549 1982 1602 2012 alt.
1642 1982 1689 2012 Hi
1717 1986 1861 2013 statuunt

1003 2034 1149 2065 Tulliam
1171 2039 1244 2075 post
1272 2034 1396 2074 priores
1426 2035 1498 2065 illas
1530 2035 1639 2065 literas
1669 2036 1758 2065 datas
1791 2044 1861 2066 sen-

1003 2089 1139 2119 tentiam
1161 2094 1312 2120 mutasse.
1336 2089 1557 2128 Negationem
1579 2094 1664 2120 recte
1683 2090 1794 2120 abesse
1810 2090 1861 2120 de-

1003 2140 1141 2171 fendunt
1164 2141 1292 2178 Bosius,
1317 2141 1537 2178 Casaubonus,
1560 2142 1728 2179 Ernestus,
1745 2142 1862 2182 quibus

1004 2194 1138 2224 accessit
1154 2194 1420 2235 WVesenbergius,
1438 2194 1532 2226 Obss.
1548 2195 1618 2225 crit.
1635 2195 1667 2225 in
1678 2195 1863 2226 Sestianani

1003 2258 1023 2287 p
1059 2248 1106 2284 29,
1137 2248 1193 2288 qui
1222 2249 1325 2278 multa
1354 2249 1507 2289 exempla
1535 2249 1749 2289 negationum
1779 2259 1798 2279 a
1826 2249 1862 2279 li-

1005 2300 1119 2330 brariis
1149 2300 1182 2330 in
1206 2301 1305 2330 verba
1335 2301 1529 2341 scriptorum
1555 2301 1720 2331 illatarum
1744 2301 1864 2332 excita·

1003 2352 1060 2382 vit.
1096 2352 1201 2382 Nobis
1224 2362 1354 2392 quoque
1383 2353 1495 2383 Tullia
1524 2353 1611 2384 diem
1641 2354 1721 2384 dans
1750 2354 1863 2385 Attico

1004 2414 1070 2434 11011
1088 2405 1215 2435 videtur
1225 2405 1381 2435 abiecisse
1390 2405 1565 2435 consilium
1574 2406 1761 2446 appellandi
1770 2416 1863 2447 spon-

1003 2458 1094 2488 soris.
1117 2457 1157 2487 cf.
1182 2459 1222 2488 ad
1243 2457 1341 2488 XVI.
1365 2458 1413 2494 15,
1438 2459 1465 2488 2.
1514 2458 1560 2489 Ut
1588 2459 1749 2499 oppositio
1779 2459 1864 2490 inter

1004 2512 1154 2542 Atticum
1184 2517 1215 2543 et
1243 2512 1437 2544 Ciceronem
1473 2513 1578 2553 magis
1614 2514 1756 2544 eluceret
1787 2523 1862 2544 611111

1004 2565 1138 2595 Klotzio
1162 2574 1207 2595 me
1229 2565 1342 2596 adieci.

100 2934 265 2975 utriusque
281 2934 372 2965 verbi
386 2935 454 2965 vim
469 2944 538 2966 esse
553 2936 695 2966 similem
711 2938 862 2978 exempla
869 2938 956 2968 haud
978 2955 979 2973 1
1015 2960 1017 2962 -

101 2988 200 3018 dubia
221 2989 404 3026 ostendunt,
427 2989 517 3019 velut
539 2988 605 3020 Sal.
627 2990 699 3030 Iug.
720 2991 767 3028 10,
784 2993 819 3021 4:
843 2991 957 3022 amicos
978 2983 979 3015 1

103 3051 163 3071 non
186 3051 264 3072 auro
279 3051 400 3082 parare
422 3052 534 3083 queas;
563 3042 661 3084 officio
683 3046 713 3073 et
725 3044 795 3084 fide
819 3045 955 3085 pariam·
979 3063 980 3090 1

103 3096 164 3125 tur.
186 3095 270 3126 Ibid.
293 3096 341 3133 31,
366 3095 414 3133 17,
438 3095 537 3127 maius
550 3096 682 3128 dedecus
697 3101 850 3139 estparta
869 3098 957 3130 amit·
979 3096 981 3125 ³1

104 3149 179 3186 tere,
202 3159 290 3191 quam
313 3149 436 3180 omnino
459 3161 520 3181 non
534 3151 711 3195 paravisse.
734 3153 807 3185 Hoc
823 3154 957 3185 concedi
