2117 3533
800 161 1128 207 PRAEFATIO.
1800 175 1847 203 [x

91 353 139 377 ex
173 337 246 377 hoc
282 336 526 386 Florentino,
561 335 630 376 sed
664 349 755 376 cum
789 349 835 375 eo
870 349 889 374 e
925 332 1127 374 communi
1162 331 1270 372 fonte
1295 331 1519 372 derivatum
1541 331 1768 372 iudicamus
1792 331 1849 385 ἥ).

91 422 148 463 Ut
181 435 396 462 consensus
446 435 537 460 cum
582 419 693 460 Med.
738 434 783 459 ex
830 418 964 472 aliquo
1008 416 1190 471 exemplo
1231 419 1434 470 appareat,
1480 414 1704 456 adscribam
1750 430 1850 470 quae

92 509 134 550 in
167 512 338 561 utroque
371 505 506 547 codice
541 504 679 546 eodem
713 504 831 545 modo
866 503 1013 558 scripta
1047 506 1142 543 sunt
1186 502 1229 542 in
1271 517 1334 557 ep.
1372 503 1442 552 16,
1488 500 1559 542 lib.
1594 501 1630 543 Ι.
1685 502 1850 557 Conspi-

93 596 184 633 rant
215 591 257 632 in
291 590 368 642 his,
403 606 441 646 p.
478 592 550 641 38,
601 592 657 631 24
703 589 800 629 edit.
846 602 978 629 meae:
1026 588 1140 628 illam
1185 587 1354 642 infamia
1397 587 1583 642 relinqui,
1625 603 1664 642 p.
1701 588 1772 637 39,
1810 589 1850 638 5,

93 675 261 717 homines
293 675 380 730 qais
412 689 587 724 summos,
634 675 687 714 13
724 673 971 726 impetrarat,
1010 674 1080 722 42,
1117 674 1141 711 8
1171 672 1295 724 plena
1328 671 1400 721 ita,
1439 673 1509 721 44,
1547 673 1572 711 4
1616 674 1851 726 reqenstfer-

93 775 232 811 remus,
270 761 290 801 7
319 765 439 814 putes
474 775 588 815 quam
620 759 762 809 dicere,
799 759 870 808 45,
909 759 930 797 5
968 757 1105 798 melias
1138 771 1349 810 nunquam,
1395 758 1418 795 9
1453 757 1582 806 trado,
1630 757 1682 796 12
1717 758 1852 797 barba-

95 846 173 888 tuli
205 852 331 897 tuens,
368 849 438 897 46,
475 848 497 887 1
534 851 571 887 et
605 846 714 886 ludet
745 844 780 885 si
808 842 1111 896 ylacliatoribus,
1151 842 1203 882 10
1239 841 1489 888 habitarent;
1521 855 1613 881 cum
1646 855 1767 882 manu
1794 856 1851 881 se-

94 929 225 972 cunda
258 929 368 971 Med.
404 930 630 971 communia
671 928 793 971 habet
836 926 958 967 codex
1007 926 1079 975 38,
1128 927 1184 965 24
1229 940 1275 965 ac·
1315 924 1504 975 sordibus,
1548 926 1621 975 39,
1658 927 1681 964 8
1724 926 1853 966 aerati

93 1031 221 1071 qnam,
258 1017 328 1066 41,
368 1017 420 1056 12
456 1030 596 1057 rernm.
632 1013 791 1055 Erravit
823 1010 1010 1053 librarius
1043 1025 1083 1064 p.
1119 1011 1191 1058 39,
1231 1009 1283 1048 10
1309 1007 1486 1048 scribens
1516 1008 1758 1049 inhaerentes
1783 1024 1853 1063 pro

93 1104 318 1150 maerentes,
352 1115 392 1154 p.
430 1100 500 1149 47,
539 1102 563 1139 4
598 1098 753 1139 comitia
788 1098 828 1138 z'n
863 1098 931 1138 XI
958 1097 1065 1145 Kal„
1098 1111 1137 1150 p.
1175 1098 1245 1144 48,
1282 1098 1303 1135 6
1344 1094 1524 1150 thlyhns,
1566 1094 1674 1149 quod
1708 1109 1853 1136 nomen

93 1184 136 1225 in
178 1183 287 1226 Med.
332 1185 372 1224 1.
413 1187 598 1224 exaratur
639 1182 824 1237 elctytins,
869 1196 976 1222 man.
1027 1195 1105 1221 sec.
1148 1180 1329 1236 tlttilyns.
1385 1180 1489 1221 Satis
1538 1179 1854 1222 demonstratum

95 1273 191 1324 puto
224 1268 409 1323 exiguam
444 1268 658 1309 utilitatem
692 1282 776 1308 esse
811 1266 930 1308 huius
963 1264 1055 1308 libri
1090 1265 1193 1315 MS„
1239 1264 1395 1319 quoties
1437 1268 1595 1305 constat
1638 1263 1686 1304 de
1733 1265 1853 1320 scrip-

94 1362 185 1398 tura
219 1355 368 1397 codicis
402 1354 591 1396 Medicei.
626 1354 769 1408 Itaque
802 1353 1025 1394 taediosum
1061 1358 1100 1395 et
1132 1352 1318 1394 inutilem
1352 1351 1523 1393 laborem
1560 1352 1719 1406 singula
1750 1368 1853 1393 com-

96 1440 262 1497 parandi
296 1439 432 1490 vitavi,
467 1438 684 1494 paucisque
720 1438 762 1478 in
795 1438 892 1479 locis
926 1438 1040 1479 valde
1085 1436 1281 1492 corruptis
1327 1435 1503 1491 quaesivi
1549 1451 1600 1476 an
1644 1435 1744 1477 forte
1790 1436 1855 1478 hic

96 1526 179 1567 veri
212 1524 381 1579 vestigia
414 1528 567 1565 servata
602 1527 747 1564 essent.
794 1523 836 1564 Si
870 1523 967 1578 quid
1002 1523 1121 1564 affero
1155 1538 1175 1563 e
1209 1524 1289 1563 eod.
1326 1522 1441 1575 Hesp.
1462 1520 1570 1562 hunc
1593 1520 1770 1562 codicem
1795 1537 1856 1563 me

97 1610 227 1652 dicere
261 1624 417 1650 moneo.

158 1697 207 1739 In
240 1696 377 1738 eadem
412 1694 656 1736 bibliotheca
689 1700 748 1735 est
781 1695 880 1736 alter
914 1694 1053 1744 codex,
1088 1694 1157 1748 qui
1202 1693 1304 1733 solas
1345 1692 1533 1747 epistolas
1579 1691 1629 1733 ad
1674 1692 1855 1733 Atticum

98 1781 390 1837 complectitur.
446 1781 518 1821 Est
551 1779 892 1830 membranaceus,
927 1780 968 1820 in
1015 1778 1197 1831 catalogo
1237 1777 1441 1818 indicatur
1485 1777 1612 1818 literis
1656 1779 1697 1833 ij.
1732 1780 1778 1820 Τ.
1818 1783 1858 1821 2.

99 1865 236 1907 Habet
268 1864 371 1906 hanc
404 1864 764 1920 subscriptionem:
802 1866 981 1919 Scriptus
1008 1880 1083 1918 per
1117 1879 1174 1905 me
1207 1864 1391 1905 Ioannem
1426 1865 1604 1905 Andreae
1626 1865 1673 1905 de
1700 1866 1859 1906 Colonia

100 1952 169 1991 snb
209 1964 310 1991 anno
354 1949 513 1989 Domini
558 1949 862 2003 MCCCCXXX
872 1949 907 1990 V
906 1950 961 1990 II
1002 1950 1064 1990 die
1105 1950 1160 1990 II
1202 1950 1424 1990 Novembris
1458 1951 1692 1993 Florentiae.
1753 1953 1790 1994 V
1787 1954 1860 1994 ale.

100 2035 228 2076 liklioe.
265 2034 343 2075 Hic
377 2033 477 2074 liber
510 2049 579 2089 per
612 2033 761 2074 librum
796 2034 816 2074 Ι
840 2039 880 2074 et
904 2037 1043 2089 paucis
1066 2037 1109 2077 in
1131 2037 1243 2086 locis,
1268 2052 1367 2091 quos
1390 2036 1626 2089 iudicaram,
1653 2039 1701 2080 ad
1726 2055 1859 2082 meum

104 2135 216 2161 usum
250 2119 454 2174 inspectus
487 2118 700 2160 manifesto
734 2134 754 2160 e
788 2119 973 2161 Mediceo
1007 2121 1230 2176 descriptus
1265 2126 1338 2172 est,
1374 2122 1554 2177 nihilque
1598 2124 1748 2179 proprii
1792 2125 1860 2166 ha-

101 2206 168 2246 bet
201 2209 356 2260 praeter
390 2204 543 2245 librarii
580 2205 691 2246 vitia.
726 2205 891 2246 Lacuna
925 2205 1075 2247 codicis
1109 2206 1221 2247 Med.
1256 2207 1296 2247 in
1331 2223 1393 2262 ep.
1432 2210 1485 2249 18
1533 2213 1572 2249 et
1617 2211 1686 2259 19,
1732 2210 1803 2251 lib.
1840 2212 1861 2252 1

143 2429 174 2467 *)
197 2428 268 2459 Has
291 2426 444 2468 epistolas
468 2436 509 2457 ex
534 2427 599 2457 alio
621 2427 744 2464 codice,
767 2437 866 2468 quain
890 2437 906 2458 e
936 2427 1046 2458 codice
1078 2427 1205 2467 Poggii,
1239 2427 1415 2468 descriptas
1450 2437 1520 2460 esse
1558 2431 1737 2462 ostendunt
1768 2433 1863 2473 scrip-

103 2499 192 2525 turae
215 2494 300 2524 inter
321 2503 355 2525 se
377 2498 593 2534 comparatae.
616 2494 656 2524 In
682 2493 802 2525 Codice
825 2493 920 2534 Hisp.
943 2497 1019 2524 sunt
1042 2503 1071 2533 p.
1095 2494 1144 2529 55,
1170 2492 1209 2522 12
1230 2494 1427 2534 anyuntqae;
1458 2493 1532 2524 milei
1554 2493 1669 2532 videor,
1697 2496 1732 2526 15
1757 2496 1866 2527 Incras-

102 2567 158 2589 eae
180 2557 338 2597 epistolae,
362 2558 400 2588 19
422 2557 491 2598 ipsa
513 2558 665 2588 medicina
689 2558 791 2599 efficit,
822 2559 871 2595 56,
896 2558 914 2589 3
937 2557 1098 2587 vehemens
1111 2555 1197 2596 favi,
1233 2556 1251 2586 9
1276 2557 1393 2597 equites
1414 2568 1441 2589 r.
1470 2558 1551 2598 qnod
1571 2561 1640 2589 erat
1663 2560 1714 2600 qni
1743 2561 1778 2591 ob
1804 2571 1865 2593 rem

103 2619 317 2652 indicandam.
341 2620 391 2652 Sic
412 2621 479 2657 ille,
501 2622 550 2659 57,
575 2622 590 2652 1
615 2622 746 2663 quidem,
783 2623 802 2653 2
825 2623 969 2660 tribulus,
1000 2622 1017 2651 3
1050 2621 1145 2658 nobis,
1182 2623 1231 2658 58,
1263 2623 1283 2651 4
1316 2622 1462 2663 leynlam,
1498 2623 1535 2653 13
1564 2623 1742 2663 scripsimus
1774 2626 1867 2656 tanta

104 2685 198 2716 etiam
220 2696 240 2715 a
263 2695 308 2715 me
330 2695 391 2716 non
413 2685 531 2726 scripta
547 2685 685 2726 perspici
707 2686 788 2716 seire
809 2686 939 2716 iussisse
971 2694 1035 2721 nos,
1067 2685 1115 2722 59,
1139 2685 1158 2715 2
1179 2695 1269 2726 quam
1285 2685 1457 2726 plurimum
1480 2686 1555 2727 (Ep.
1580 2687 1633 2725 19)
1657 2687 1675 2717 6
1704 2687 1867 2728 epistolam

104 2760 124 2779 a
159 2751 190 2778 te
211 2747 279 2778 sine
301 2747 423 2788 absque,
447 2749 496 2785 60,
519 2750 539 2778 4
572 2748 650 2779 Nam
674 2748 804 2780 Hednes
816 2749 947 2790 fratres
969 2750 1074 2780 nostri
1086 2752 1232 2790 puqnant
1248 2750 1343 2789 pueri
1371 2751 1405 2780 in
1438 2751 1494 2781 ala
1522 2750 1597 2782 mihi
1621 2755 1808 2793 puynarunt
1837 2755 1867 2783 et

101 2812 170 2842 sine
192 2810 294 2848 dubio,
327 2811 376 2848 61,
406 2812 424 2842 9
447 2812 528 2842 nihil
550 2812 716 2852 postulare
748 2813 888 2850 habebat,
911 2814 959 2852 ,10
988 2813 1186 2851 conditioni&
1212 2814 1250 2844 13
1274 2815 1453 2852 arteminos,
1485 2816 1535 2853 62,
1574 2816 1589 2846 1
1616 2816 1732 2856 populo
1761 2819 1865 2849 antem

106 2876 249 2918 Pompeio
273 2887 344 2907 nam
366 2876 401 2906 z'd
422 2888 600 2919 quamquam
626 2878 772 2916 volebam,
797 2880 815 2909 6
832 2879 934 2919 plane
956 2880 1076 2920 quidem
1100 2879 1174 2916 erit,
1207 2880 1255 2918 63,
1287 2881 1325 2911 16
1356 2882 1564 2912 constantiam
1589 2884 1798 2922 praesentem,
1831 2883 1868 2914 18

107 2942 198 2982 atque
221 2940 348 2971 tametsi
370 2940 415 2970 eis
438 2941 535 2978 novis,
562 2942 610 2979 65,
635 2942 672 2972 15
697 2943 780 2973 vobis
803 2954 917 2974 eoram.
940 2945 995 2974 Ad
1018 2953 1067 2985 ep.
1094 2945 1131 2975 19
1154 2945 1275 2976 codicis
1298 2946 1463 2987 Poggiani
1487 2947 1662 2988 scripturas
1685 2957 1727 2979 ex
1737 2958 1868 2989 apogra.

106 3005 170 3045 pho
193 3005 255 3035 Th.
279 3005 479 3036 Moininseni
509 3005 608 3038 edidit
643 3006 697 3038 Fr.
733 3007 943 3039 Hofmannus
976 3010 1007 3056 in
1043 3009 1143 3041 libro:
1185 3011 1443 3052 Ausgewaehlte
1466 3012 1577 3045 Briefe
1608 3023 1671 3044 von
1697 3013 1813 3047 Cicero
1843 3015 1868 3046 1.

106 3079 136 3109 p.
159 3068 220 3099 222
243 3079 290 3109 sq.
