2117 3533
734 180 842 220 LIB.
877 178 973 220 VII.
1008 179 1092 220 ΕΡ.
1129 181 1169 219 3.
1741 176 1823 216 297

76 330 186 357 TIOR.
220 317 359 371 Ipsum
401 321 535 356 tamen
581 314 816 369 Pompeium
857 313 1069 369 separatim
1113 312 1163 352 ad
1207 311 1460 352 concordiam
1502 309 1706 351 hortabor.
1763 310 1827 350 Sic

74 389 179 430 enim
213 389 340 429 sentio
373 388 545 429 maximo
578 388 621 427 in
653 386 830 441 periculo
863 401 946 427 rem
979 400 1077 426 esse.
1113 385 1195 425 Vos
1230 384 1382 425 scilicet
1414 384 1543 439 plura,
1569 384 1705 438 quiin
1729 383 1827 424 urbe

73 463 183 503 estis,
229 463 516 502 Verumtamen
548 460 645 500 haec
680 459 808 509 video,
852 475 942 499 cum
986 459 1146 499 homine
1192 457 1456 498 audacissimo
1497 456 1829 512 paratissimoque

73 535 277 589 negotium
312 548 411 583 esse,
446 547 582 573 omnes
617 531 837 581 damnatos,
884 546 1020 572 omnes
1053 529 1275 585 ignominia
1317 529 1492 579 affectos,
1538 544 1675 570 omnes
1719 529 1828 569 dam-

72 608 234 649 natione
267 605 568 661 ignominiaque
603 604 744 658 dignos
777 604 869 644 illac
903 603 1045 654 facere,
1081 618 1238 643 omnem
1272 602 1351 642 fere
1384 602 1650 653 iuventutem,
1671 618 1829 643 omnem

72 680 183 721 illam
215 678 409 720 urbanam
444 692 488 718 30
521 676 718 732 perditam
752 675 924 731 plebem,
971 675 1154 716 tribunos
1195 675 1372 716 valentes
1413 674 1551 715 addito
1596 675 1642 716 C.
1677 676 1829 726 Cassio,

73 767 223 802 omnes,
259 751 329 805 qui
362 766 449 792 aere
492 749 621 791 alieno
665 754 897 804 premantur
932 774 988 778 ω
1024 764 1122 803 (11105
1164 748 1298 803 plures
1341 763 1425 788 esse
1468 748 1666 802 intelligo,
1713 763 1831 801 quam

73 828 278 879 putaram:
314 838 475 864 causam
510 823 639 864 solum
671 823 739 863 illa
773 837 891 863 causa
926 837 1005 863 non
1041 821 1187 872 habet3
1231 821 1372 861 ceteris
1407 819 1525 861 rebus
1558 820 1739 861 abundat
1774 846 1830 850 —

72 897 138 937 hic
172 897 305 937 omnia
337 896 464 937 facere
500 911 649 945 omnes,
684 911 733 936 ne
769 896 888 936 armis
922 895 1173 945 decernatur,
1218 909 1387 948 quorum
1421 894 1552 935 exitus
1586 909 1740 949 semper
1771 895 1832 935 in-

72 969 183 1019 certi,
217 984 325 1010 nunc
358 969 558 1009 enimvero
592 967 635 1008 in
670 967 835 1008 alteram
868 971 1020 1022 partem
1054 967 1180 1020 magis
1214 965 1399 1006 timendi.
1455 965 1627 1007 Bibulus
1661 966 1710 1007 de
1743 982 1832 1021 pro-

72 1042 203 1082 vincia
237 1041 420 1090 decessit,
456 1040 721 1080 Veientonem
754 1039 960 1094 praefecit.
1011 1039 1060 1079 In
1095 1037 1326 1079 decedendo
1360 1038 1448 1088 erit,
1483 1043 1530 1079 ut
1573 1039 1707 1090 audio,
1754 1046 1833 1081 tar-

72 1114 172 1155 dior.
216 1114 347 1165 Quem
371 1128 495 1167 quum
513 1113 670 1153 ornavit
690 1112 804 1162 Cato,
825 1111 1042 1152 declaravit
1064 1111 1113 1152 iis
1137 1126 1177 1151 se
1206 1110 1299 1152 solis
1326 1112 1442 1165 [non]
1468 1111 1661 1161 invidere,
1686 1113 1833 1168 quibus

71 1187 174 1227 nihil
207 1192 277 1227 aut
310 1201 393 1226 non
427 1185 598 1226 multum
634 1185 683 1225 ad
717 1184 957 1238 dignitatem
990 1188 1124 1238 posset
1157 1184 1358 1224 accedere.
1394 1185 1435 1224 6.
1460 1184 1583 1225 Nunc
1620 1186 1754 1240 [venio
1783 1186 1833 1228 ad

72 1260 259 1315 privata],
294 1259 375 1300 fere
409 1259 515 1300 enim
548 1257 737 1313 respondi
770 1257 852 1298 tuis
886 1257 1012 1298 literis
1042 1257 1089 1297 de
1124 1272 1165 1297 re
1198 1255 1360 1311 publica
1394 1262 1434 1297 et
1466 1257 1529 1307 iis,
1554 1273 1651 1312 quas
1674 1259 1717 1299 in
1741 1259 1833 1300 sub-

113 1418 131 1448 3
154 1418 212 1448 hoc
245 1418 333 1448 video
356 1437 396 1440 —
429 1418 468 1448 10
498 1428 581 1448 nunc
614 1428 686 1448 vero
717 1417 810 1448 eliam
840 1435 879 1439 —
912 1417 951 1447 12

70 1469 149 1500 Fere
157 1493 267 1500 .......
290 1470 455 1510 scripsisti.
478 1470 531 1501 Ad
548 1470 674 1510 privata
698 1489 738 1492 —

70 1611 190 1642 Nescio
214 1616 333 1648 tamen,
357 1622 398 1642 an
423 1622 489 1642 non
511 1619 651 1652 praestet
675 1611 767 1642 illam
791 1612 926 1642 varieta-

69 1669 135 1695 tem
166 1664 304 1695 consilio
332 1665 444 1701 Attici,
476 1674 575 1705 quam
613 1665 791 1695 memoriae
827 1664 951 1695 errori*

67 1717 219 1747 tribuere.

116 1767 224 1798 Verum
247 1770 348 1798 {auten
372 1769 450 1799 haee
485 1768 581 1799 video.
621 1769 730 1799 Klotz.
761 1769 950 1800 revocavit*

68 1821 156 1852 Med.
181 1821 196 1850 1
221 1826 252 1851 et
275 1831 378 1860 marg.
404 1822 490 1851 Crat.
514 1822 717 1862 scripturam,
741 1822 817 1862 quia
832 1822 927 1862 plura

69 1873 223 1914 deinceps
246 1879 554 1904 connnemorantur.
579 1874 692 1914 Vulgo
715 1874 781 1904 hoe.

112 1925 197 1955 Illae
210 1925 337 1966 facere.
361 1925 532 1956 Sententia
565 1926 717 1966 requirit:
754 1926 826 1957 illas
859 1937 929 1967 par-

70 1986 117 2009 tes
139 1979 241 2019 sequi,
263 1989 339 2009 cum
370 1978 506 2010 Caesare
537 1979 706 2019 coniungi,
737 1980 823 2020 quod
853 1975 950 2010 dici-⁴,

70 2031 248 2071 turfacere
270 2041 336 2062 cum
357 2032 463 2073 aliquo
486 2043 516 2062 v.
530 2032 567 2062 ab
589 2032 704 2073 aliquo.
728 2032 793 2063 Sed
806 2042 929 2069 vereor,
949 2053 950 2060 .

70 2091 107 2115 ut.
129 2094 167 2115 ea
190 2085 311 2115 locutio
334 2086 406 2115 adv.
431 2085 507 2115 illae
530 2086 689 2122 athnittat,
713 2095 820 2126 neque
845 2095 930 2116 56111-
950 2115 951 2118 ,

70 2138 186 2178 pulum
210 2138 411 2169 sustulerunt
435 2148 480 2175 ea,
504 2148 586 2178 quae
608 2138 762 2169 Handius
785 2139 819 2169 in
835 2139 931 2169 Turs.
950 2178 951 2187 ἵ

70 2195 135 2225 III.
158 2194 219 2225 202
240 2195 280 2225 de
302 2194 334 2224 h.
359 2195 380 2224 l.
403 2195 541 2234 scripsit.
566 2194 704 2234 Corrigo
728 2194 813 2230 illuc,
832 2194 931 2234 idque

71 2257 251 2288 pronomen
275 2248 356 2278 mihi
380 2252 436 2284 est,
462 2258 526 2277 non
551 2248 753 2278 adverbium.
777 2247 862 2277 Illuc
875 2248 932 2287 fa-

71 2312 140 2332 cere
163 2307 209 2332 est
231 2302 268 2331 id
279 2302 405 2342 faeere,
429 2301 511 2343 qaod
537 2302 593 2332 ille
612 2302 712 2341 facit.
756 2303 795 2332 Id
824 2294 952 2342 postu-¹

72 2355 150 2391 lant,
173 2364 257 2395 quae
280 2354 313 2384 in
339 2354 441 2384 altero
464 2354 612 2385 membro
635 2354 686 2384 his
706 2360 930 2395 opponuntur:
950 2347 953 2365 '

72 2408 122 2438 laic
143 2409 246 2438 omnia
259 2409 375 2449 flavere
398 2418 510 2438 omnes.

116 2461 233 2492 Addilo
257 2462 290 2492 (7.
315 2462 428 2492 t'ussio.
454 2463 489 2492 (¹.
514 2463 646 2493 (assius
672 2463 745 2493 trib.
769 2463 811 2503 pl.
828 2474 855 2494 a.
873 2463 931 2495 705

73 2518 160 2555 (Art.
185 2518 265 2548 VII.
289 2518 337 2548 21.
373 2519 405 2557 2)
435 2518 591 2558 quamdiu
618 2517 732 2557 potuit,
764 2512 954 2558 Pompeia-2

74 2580 135 2599 nus
158 2569 289 2600 mansit.
312 2570 420 2609 Igitur
443 2569 469 2599 si
492 2570 532 2600 de
554 2570 617 2599 hoc
640 2570 787 2609 loquitur
807 2569 931 2606 Cicero,
952 2565 953 2599 1

73 2624 143 2654 61115
166 2623 307 2664 suspicio
330 2629 450 2654 eventu
473 2633 539 2653 non
564 2628 611 2653 est
631 2624 831 2653 confirmata.
855 2623 933 2654 For·
952 2614 953 2640 3

73 2680 157 2706 tasse
180 2681 289 2706 tamen
314 2675 442 2715 scripsit
468 2675 503 2715 Q.
532 2675 651 2711 Cassio,
683 2685 781 2715 quem
812 2676 933 2706 scimus

73 2729 135 2759 hoc
166 2729 237 2769 ipso
267 2734 412 2768 tempore
445 2738 519 2758 culn
550 2729 700 2759 Antonio
731 2734 761 2759 et
791 2729 953 2760 Curione'

75 2782 115 2812 ad
129 2780 303 2812 Caesarem
316 2781 498 2821 profectum
513 2790 592 2811 esse.
614 2781 705 2811 Fam.
723 2781 821 2812 XVI.
836 2783 884 2819 11,
905 2784 933 2813 2.
952 2795 954 2798 ’

118 2834 250 2865 Causam
271 2844 297 2864 s.
325 2835 385 2864 illa
416 2844 512 2864 eausa
542 2845 603 2865 non
633 2835 725 2865 habet
754 2845 786 2865 a:
820 2836 934 2867 Caesa-

75 2888 159 2918 riani
181 2888 409 2918 tantummodo
432 2887 577 2918 destituti
606 2892 683 2918 sunt
712 2888 795 2918 iusta
826 2899 932 2926 causa,
953 2900 955 2907 ¹

76 2951 141 2981 qua.
162 2951 219 2971 sua
242 2941 324 2971 facta
347 2940 535 2971 defendant.
579 2941 718 2971 Notetur
746 2951 822 2972 usus
852 2943 934 2973 eius-
954 2940 955 2946 ¹

75 2994 151 3023 dem
173 3003 243 3023 voc.
267 3002 381 3022 causae
403 2993 527 3033 duplici
549 2992 582 3022 vi
606 2993 714 3032 positi,
738 2993 778 3024 de
801 3004 866 3033 quo
889 2995 934 3025 vi-
954 2988 955 2999 ¹

75 3048 191 3078 deatur
213 3046 468 3087 Osenbruggeni
490 3048 600 3077 adnot.
623 3048 662 3077 ad
685 3052 764 3077 orat.
787 3058 816 3088 p.
838 3048 933 3079 Rosc.

81 3100 153 3129 Ani.
177 3110 204 3130 c.
228 3101 246 3129 2
268 3100 313 3129 in.
358 3099 420 3129 His
442 3099 481 3128 dv
504 3098 609 3129 camis
637 3109 691 3139 eyo
721 3099 793 3129 huie
822 3110 935 3131 emus-ae

71 3155 226 3195 salmam
250 3153 367 3183 eJ-stf‘ta'.
392 3152 570 3184 Simillima
594 3153 744 3193 exempla
760 3153 934 3185 inveniun-
953 3151 954 3154 ¹
971 3156 1045 3197 fere
1078 3158 1213 3188 enim...

982 1427 1040 1447 uon
1072 1417 1214 1447 invidere
1241 1435 1281 1439 —
1315 1416 1353 1447 13
1382 1417 1474 1448 Nune
1503 1417 1592 1448 venio
1627 1417 1671 1448 ad
1694 1419 1836 1458 privata,

949 1618 1026 1662 :tur
1049 1613 1082 1642 in
1112 1612 1202 1643 Ρ1·01.
1235 1613 1415 1644 Heautont.
1451 1614 1489 1643 41
1524 1620 1555 1644 et
1588 1613 1748 1654 Hecyrae,
1784 1615 1834 1654 47,

1015 1663 1107 1694 Nemo
1129 1664 1293 1696 enimvero.
1317 1665 1372 1696 Sic
1394 1667 1482 1706 quod
1505 1666 1538 1696 in
1561 1666 1650 1697 Med.
1671 1672 1718 1698 est
1738 1668 1833 1698 etiam

949 1732 950 1744 2
971 1729 1044 1750 vero
1065 1721 1209 1751 correxit
1230 1721 1451 1758 Hofmannus,
1475 1722 1604 1753 felicius
1629 1733 1728 1764 quam
1742 1725 1834 1756 Han·

972 1772 1044 1802 dius
1067 1777 1097 1803 et
1119 1772 1388 1814 Wesenbergius,
1412 1775 1552 1806 Emend.
1575 1786 1606 1815 p.
1625 1776 1675 1813 41,
1692 1777 1748 1817 qui
1763 1787 1834 1808 vero

971 1825 1063 1856 etiam
1088 1826 1186 1856 scribi
1209 1826 1373 1858 volebant.
1398 1827 1541 1859 Librarii
1555 1828 1643 1859 idem
1659 1835 1834 1870 peccarunt

948 1877 950 1901 J
972 1879 1005 1908 in
1032 1878 1172 1916 Quintil.
1197 1879 1222 1909 I.
1247 1878 1285 1911 Ο.
1310 1879 1374 1910 ΙΧ.
1397 1881 1426 1917 4,
1452 1881 1520 1911 118.

1013 1931 1117 1971 [Non]
1142 1931 1292 1962 iaz-idere.
1327 1933 1468 1973 Negatio
1492 1933 1526 1964 in
1550 1935 1704 1964 omnibus
1736 1934 1830 1965 libris

972 1983 1071 2014 adest.
1107 1984 1190 2014 Eam
1217 1984 1270 2015 hic
1301 1990 1386 2015 stare
1420 1996 1487 2016 non
1517 1996 1610 2026 posse
1646 1986 1835 2018 iudicabant

971 2038 1166 2078 Malaspina,
1188 2039 1382 2076 Lambinus,
1417 2039 1620 2077 Gronovius3
1651 2040 1835 2072 defendunt

973 2092 1039 2128 alii,
1063 2102 1146 2132 quos
1169 2099 1352 2133 sequuntur
1375 2092 1519 2125 Orellius
1549 2100 1581 2125 et
1611 2094 1836 2126 Hofmannus.

973 2145 1059 2175 Mihi
1081 2146 1220 2177 delenda
1253 2147 1397 2178 videtur:
1430 2158 1507 2178 nam
1539 2148 1572 2184 ii,
1603 2148 1721 2189 quibus
1751 2149 1836 2179 nihil

974 2204 1028 2228 aut
1050 2210 1116 2229 non
1148 2200 1289 2231 multum
1318 2201 1359 2231 ad
1388 2201 1583 2241 dignitatem
1612 2209 1722 2242 posset
1749 2212 1836 2234 acce-

951 2252 1061 2289 ,(161·6,
1091 2258 1167 2283 sunt
1197 2254 1253 2293 qui
1282 2254 1348 2284 iam
1388 2255 1628 2295 amplissimum
1665 2256 1836 2296 dignitatis

975 2306 1114 2345 gradum
1136 2307 1303 2337 consecuti
1327 2314 1412 2344 sunt,
1447 2309 1535 2348 quod
1565 2308 1652 2339 cadit
1680 2309 1715 2339 in
1747 2309 1837 2341 Cice-

950 2367 953 2386 f
975 2368 1099 2395 ronem,
1123 2360 1261 2391 minime
1284 2370 1362 2391 vero
1384 2361 1418 2391 in
1442 2362 1610 2399 Bibulum,
1635 2362 1701 2402 qui,
1725 2373 1838 2404 quam-

975 2412 1025 2442 vis
1060 2413 1254 2453 supplicatio
1283 2414 1344 2454 ipsi
1386 2420 1469 2446 esset
1498 2416 1636 2452 decreta,
1668 2427 1837 2457 nunquam

975 2470 1084 2496 tamen
1108 2467 1293 2507 praeclarus
1316 2468 1366 2498 vir
1394 2468 1582 2499 haberetur.
1626 2469 1701 2499 Tali
1732 2470 1836 2509 igitur

975 2519 1104 2550 homini
1127 2519 1210 2551 Cato
1234 2531 1299 2551 non
1324 2521 1512 2557 invidebat;
1537 2522 1576 2553 iis
1591 2523 1769 2560 invidebat,
1782 2524 1838 2563 qui

976 2581 1102 2601 summa
1126 2578 1233 2603 essent
1256 2574 1434 2605 consecuti.
1462 2573 1592 2605 Seclusi
1614 2575 1716 2615 igitur
1738 2585 1837 2615 nega-

975 2624 1109 2660 tionem,
1135 2635 1201 2654 non
1225 2625 1353 2662 sustuli,
1377 2631 1412 2656 ut
1444 2627 1575 2657 lectoris
1605 2627 1741 2657 arbitrio
1770 2637 1838 2667 per-

976 2676 1150 2713 mitterem,
1174 2687 1215 2706 an
1238 2677 1411 2708 retinenda
1436 2678 1612 2709 videretur.
1635 2680 1754 2710 Bosius
1778 2690 1838 2710 non

976 2740 993 2761 e
1016 2742 1098 2760 mmo
1120 2731 1242 2762 factum
1265 2733 1411 2772 putabat.

1018 2785 1036 2824 ξ
1061 2785 1088 2815 6.
1111 2785 1202 2816 Nunc
1226 2787 1314 2816 venio
1341 2786 1388 2816 ad
1408 2787 1549 2826 privata.
1590 2788 1667 2817 Fere
1702 2788 1780 2818 enim

954 2838 1140 2886 scripsisti.
1184 2840 1237 2870 Λιί
1261 2840 1394 2880 privata
1428 2841 1524 2871 venio.
1562 2842 1682 2873 Merito
1712 2843 1838 2873 Madvi‘

954 2910 955 2937 3
977 2893 1050 2932 gius
1075 2892 1230 2931 (Emend.
1253 2894 1287 2924 in
1312 2894 1382 2925 Cic.
1405 2895 1461 2924 lib.
1484 2895 1604 2935 philos.
1627 2906 1657 2935 p.
1681 2895 1757 2936 192)
1781 2897 1836 2926 mi-

976 2952 1068 2976 ratur
1108 2947 1233 2977 nemini
1271 2948 1477 2987 displicuisse
1513 2954 1579 2978 tam
1616 2949 1838 2988 inelegantem

954 2999 1217 3039 31·epetitionem,
1253 3001 1414 3041 imprimis
1453 3012 1554 3041 quum
1593 3002 1649 3031 illa
1691 3002 1838 3043 integrae

979 3053 1159 3083 sententiae
1195 3053 1261 3084 sint
1291 3054 1451 3084 subiecta:
1491 3064 1590 3094 quare
1626 3055 1742 3085 deletis
1772 3056 1838 3086 illis

980 3105 1068 3135 venio
1090 3105 1134 3135 nd
1147 3105 1278 3145 privam
1310 3107 1517 3137 scribendum
1548 3113 1654 3144 putat:
1686 3108 1776 3137 Num}
1800 3128 1839 3133 ὴ-

1255 3159 1410 3201 sumpsisti
1440 3178 1479 3181 —-
1516 3159 1560 3189 ad
1585 3160 1713 3199 privam
1751 3162 1838 3191 venio

1855 987 1889 1012 10
