2117 3533
747 157 853 199 LIB.
888 155 969 197 HI.
1003 154 1087 196 ΕΡ.
1125 156 1196 196 23.
1764 154 1848 193 153

91 296 180 347 tibi,
215 296 302 337 aliis
334 293 539 336 irridenda
572 292 770 335 videatur.
804 291 882 333 Sed
916 292 950 333 si
982 296 1043 332 est
1078 290 1231 345 aliquid
1263 291 1306 331 in
1341 305 1423 346 spe,
1451 288 1543 331 vide
1564 288 1707 344 legem,
1731 302 1851 342 quam

91 371 134 411 Τ.
167 368 291 410 Fadio
326 367 486 422 scripsit
519 366 732 417 Visessius3
767 381 813 407 ea
846 366 946 406 mihi
978 365 1193 420 perplacet.
1246 365 1353 405 Nam
1388 364 1506 406 Sestii
1548 363 1689 414 nostri,
1732 377 1851 417 quam

92 447 137 482 tu
169 440 244 481 tibi
277 439 437 495 probari
471 438 625 489 scribis,
660 438 761 479 mihi
793 453 875 479 non
908 438 1051 493 placet.
1107 439 1147 478 5.
1180 437 1314 478 Tertia
1348 442 1408 478 est
1441 436 1608 492 epistola
1639 435 1744 490 prid.
1785 434 1850 476 Id.

92 513 308 556 Novembr.
343 512 450 563 data,
484 513 527 553 in
561 527 638 566 qua
671 512 837 567 exponis
878 511 1096 567 prudenter
1139 516 1179 552 et
1229 510 1441 565 diligenter
1486 525 1586 564 quae
1627 509 1708 550 sint
1752 523 1851 562 quae

90 601 172 626 rem
205 585 395 625 distinere
428 584 657 634 videantur,
693 583 741 625 (16
776 584 931 634 Crasso,
967 583 1015 624 de
1056 583 1260 638 Pompeio,
1303 582 1352 623 de
1396 582 1550 623 ceteriS.
1606 582 1738 634 Quare
1783 598 1851 623 oro

89 663 128 700 te
160 663 220 708 ut,
255 657 289 698 si
321 672 400 712 qua
441 672 529 712 spes
572 657 661 707 erit,
703 672 817 711 posse
858 656 1002 698 studiis
1045 656 1256 707 bonorum,
1297 655 1548 705 auctoritate,
1590 655 1851 696 multitudine

87 735 313 786 comparata
344 745 427 771 rem
460 730 615 780 confici,
650 729 719 771 des
754 746 927 785 operam,
962 735 1010 771 ut
1046 745 1122 770 uno
1154 730 1310 785 impetu
1340 728 1654 784 perfringanbur,
1685 728 1728 768 in
1763 742 1849 768 eam

89 820 172 846 rem
204 802 413 845 incumbas
447 808 675 858 ceterosque
709 804 872 844 excites.
908 804 992 854 Sin,
1027 808 1074 844 ut
1107 818 1180 858 ego
1214 801 1409 857 perspicio
1444 816 1567 855 quum
1602 804 1671 840 tua
1696 800 1850 841 coniec-

90 884 193 929 tura,
228 881 315 917 tum
349 877 470 918 etiam
503 892 605 928 mea,
641 877 725 932 spei
759 877 862 917 nihil
896 882 969 928 est,
1005 892 1072 918 oro
1106 876 1362 931 obtestorque
1394 879 1448 925 te,
1483 878 1530 915 ut
1553 873 1753 925 Quintum
1775 872 1851 914 fra·

90 956 191 992 trem
225 965 346 1000 ames,
382 964 498 1004 quem
533 964 605 1004 ego
648 949 838 990 miserum
882 950 1024 990 misere
1064 948 1235 1004 perdidi,
1280 963 1379 989 neve
1424 947 1521 1001 quid
1565 961 1657 987 eum
1700 945 1851 1000 patiare

89 1023 250 1079 gravius
285 1022 490 1063 consulere
525 1022 573 1063 de
607 1038 661 1073 se,
698 1037 817 1076 quam
850 1022 1036 1077 expediat
1069 1022 1212 1063 sororis
1244 1026 1338 1062 tuae
1371 1020 1476 1071 fflio;
1518 1033 1651 1060 meum
1695 1019 1851 1060 Cicero-

88 1112 194 1147 nem,
229 1096 294 1137 cui
327 1095 431 1137 nihil
462 1095 616 1136 misello
650 1095 831 1149 relinquo
865 1100 1020 1150 praeter
1052 1094 1246 1135 invidiam
1293 1099 1332 1135 et
1371 1092 1635 1148 ignominiam
1675 1092 1851 1133 nominis

92 1169 182 1219 mei,
217 1173 367 1219 tueare,
403 1168 534 1223 quoad
567 1168 737 1223 poteris,
772 1167 1014 1218 Terentiam,
1059 1182 1181 1208 unam
1222 1166 1402 1207 omnium
1436 1165 1849 1216 aerumnosissimam,

91 1247 288 1284 sustentes
321 1241 403 1282 tuis
436 1241 589 1281 officiis.
624 1241 711 1294 Ego
743 1240 787 1280 in
821 1240 990 1294 Epirum
1022 1240 1262 1295 proficiscar,
1285 1254 1409 1293 quum
1442 1238 1661 1293 primorum
1695 1237 1850 1279 dierum

90 1315 255 1356 nuntios
288 1330 492 1369 excepero.
526 1315 588 1355 Tu
622 1313 671 1354 ad
704 1329 767 1354 me
800 1313 919 1354 velim
952 1313 1146 1368 proximis
1179 1312 1306 1353 literis
1345 1316 1392 1352 ut
1435 1326 1475 1352 se
1510 1311 1629 1353 initia
1665 1311 1850 1353 dederint

89 1387 326 1444 perscribas.
359 1387 464 1428 Data
497 1386 602 1442 prid.
638 1387 731 1427 Kal.
766 1384 978 1426 Decembr.

131 1608 150 1641 7
170 1607 387 1648 peffrz'nyatur
410 1626 451 1630 —

134 1811 166 1844 T.
190 1812 291 1844 Fadio
315 1814 418 1851 Gallo,
441 1814 500 1845 uni
523 1824 540 1845 e
574 1814 669 1845 novis
697 1813 848 1845 tribunis.
889 1813 945 1845 Ad

88 1866 129 1905 Q.
151 1867 189 1898 fr.
213 1868 241 1898 Ι.
262 1869 291 1905 4,
314 1869 343 1899 3.

137 1919 284 1951 Visellius
313 1922 413 1959 Ictus,
437 1921 541 1952 Tullii
570 1922 795 1958 consobrinus,
819 1922 859 1953 de
882 1931 946 1962 quo

90 1973 154 2004 vid.
179 1973 273 2004 Brut.
296 1974 367 2004 264.
390 1974 597 2006 Praenomen
621 1975 651 2006 ei
674 1980 742 2006 erat
759 1975 795 2006 C.
813 1985 880 2006 non
897 1975 946 2011 Τ.,

91 2027 179 2066 (111οᾱ
201 2035 309 2058 errore
320 2027 353 2057 h.
366 2027 387 2058 l.
399 2028 432 2058 in
449 2028 542 2058 codd.
565 2028 708 2059 Visellio
727 2027 947 2068 praeponitur.

90 2079 139 2110 De
163 2079 261 2111 Sestii
283 2081 454 2121 rogatione
476 2082 542 2111 vid.
567 2091 663 2122 supra
685 2082 734 2119 20,
759 2083 788 2112 3.

135 2134 152 2173 ἓ
191 2135 220 2163 5.
254 2133 466 2171 Auctoritate,
509 2134 711 2165 multitudine
756 2137 948 2176 comparata.

91 2187 285 2218 Thierschio
308 2187 415 2228 placet
438 2189 526 2228 quod
549 2198 591 2219 ex
613 2188 770 2219 Ambros.
792 2189 877 2219 libro
894 2199 949 2219 no-

92 2245 179 2271 tatur
200 2243 284 2271 auct.
307 2240 521 2271 multilztdim's
544 2244 736 2281 comparata.
775 2241 841 2273 Sed
863 2243 949 2273 mul-

92 2293 241 2325 titudinis
264 2294 358 2325 nulla
380 2299 427 2326 est
451 2295 625 2326 auctoritas
649 2296 720 2326 etsi
734 2296 787 2327 vel
803 2297 950 2327 maxime

93 2350 186 2383 esset,
210 2356 279 2376 voc.
303 2349 485 2387 comparata
509 2348 620 2388 inepte
643 2349 827 2379 adderetur.

134 2399 392 2441 Peffiv'nyantur.
426 2400 631 2442 Perfrinqere
664 2407 713 2433 est
742 2411 811 2433 rem
840 2403 951 2433 adver-

93 2463 162 2483 sam
184 2453 337 2493 frangere
360 2458 391 2485 et
412 2454 687 2495 impedimentum
709 2455 835 2486 tollere.
870 2455 951 2486 Ver-

95 2506 173 2536 bum
195 2507 475 2537 accommodatum
497 2508 539 2538 ad
562 2508 603 2545 id,
637 2508 724 2548 quod
753 2507 954 2538 mullitudine

93 2563 275 2600 comparata
299 2561 433 2601 geritur.
467 2561 533 2593 Sed
555 2572 658 2603 quum
689 2568 805 2602 agatur
833 2564 873 2594 de
902 2563 952 2599 iis,

93 2622 176 2652 quae
199 2622 269 2643 rem
290 2613 496 2651 distinerent,
521 2624 587 2645 non
611 2615 651 2645 de
674 2614 744 2654 ipsa
759 2624 803 2651 re,
812 2614 954 2654 perfim-

90 2669 219 2707 fflmtur,
243 2672 278 2697 ut
302 2672 349 2698 cst
371 2667 405 2698 in
428 2669 499 2698 cod.
521 2669 687 2706 Ambros.,
706 2670 846 2709 praetuli
861 2670 954 2700 alteri

87 2718 322 2759 pmfl‘inyatvr.
358 2719 457 2757 Quod
478 2719 637 2752 Graevius
660 2721 801 2751 coniecit
824 2720 953 2761 peyfim-

92 2781 206 2810 (samur
228 2781 295 2801 non
316 2772 393 2802 satis
416 2776 528 2812 aptum
551 2772 691 2804 videtur.

140 2823 234 2863 Quem
263 2834 317 2864 eqo
347 2843 387 2847 —
413 2825 549 2865 perdidi,
584 2835 622 2856 eo
658 2827 745 2866 quod
780 2826 955 2866 pecuniam

98 2876 224 2914 Quinto
246 2877 349 2908 Asiae
371 2878 512 2917 praetori
535 2887 577 2908 ex
599 2878 724 2908 aerario
748 2884 955 2909 numeratam

95 2929 277 2970 dissiparat,
302 2940 361 2961 nec
386 2931 549 2971 integram
573 2932 708 2962 reddere
731 2936 866 2972 poterat.
905 2931 955 2963 Cf.

95 2984 135 3013 ad
166 2983 206 3021 Q.
235 2983 273 3014 fr.
304 2984 331 3014 Ι.
361 2986 390 3021 3,
420 2984 448 3017 7.
478 2984 628 3015 Miserum
657 2984 767 3015 misere
796 2985 911 3017 iunxit
939 2995 956 3017 e

95 3038 335 3069 consuetudine
369 3038 605 3075 Romanorum,
643 3048 743 3079 quani
779 3039 958 3070 illustravit

1035 1814 1158 1846 Sororis
1180 1817 1254 1845 tuae
1265 1814 1341 1856 filio
1363 1824 1397 1846 οε
1421 1815 1548 1854 Quinto
1570 1816 1649 1854 filio,
1669 1816 1854 1858 Pomponia

993 1874 1080 1900 nato.

1038 1922 1214 1953 Terem‘z'am
1248 1933 1340 1953 unam
1375 1923 1507 1954 omnium
1535 1923 1852 1957 aerumnosissimam.

995 1976 1150 2017 Suspicor
1179 1977 1291 2008 deesse
1326 1976 1494 2007 mulierem.
1538 1977 1625 2008 Nam
1661 1978 1852 2010 nominibus

994 2029 1133 2071 propriis
1155 2039 1229 2059 raro
1251 2029 1412 2060 adiectiva
1434 2030 1522 2061 nude
1545 2031 1720 2061 adduntur.

1037 2082 1210 2113 Primorum
1239 2082 1357 2113 dierum
1380 2101 1422 2105 —
1442 2082 1547 2113 initia.
1584 2083 1742 2124 Spectant
1771 2084 1852 2116 haec

996 2137 1036 2167 ad
1059 2146 1162 2167 novos
1185 2137 1343 2174 tribunos,
1367 2136 1424 2177 qui
1447 2147 1568 2167 munus
1591 2148 1618 2168 a.
1641 2139 1671 2168 d.
1703 2138 1764 2169 IV.
1801 2139 1850 2169 Id.

996 2191 1073 2221 Dec.
1097 2190 1236 2221 inibant.
1264 2190 1324 2221 Cff.
1349 2200 1431 2231 quae
1453 2191 1566 2221 scribit
1588 2192 1626 2222 ad
1651 2192 1851 2229 Terentiam,

994 2242 1087 2274 Fam.
1110 2242 1208 2274 XIV.
1232 2244 1260 2280 3,
1284 2245 1302 2274 3
1326 2244 1442 2275 eodem
1462 2243 1531 2275 die:
1548 2243 1641 2274 Nunc
1651 2253 1719 2284 spes
1731 2244 1852 2285 reliqua

996 2300 1043 2328 est
1073 2298 1106 2328 in
1136 2299 1224 2329 novis
1253 2298 1387 2329 tribunis
1410 2299 1460 2339 pl.
1488 2301 1519 2329 et
1548 2299 1710 2339 inprimis
1732 2298 1854 2340 quidem

996 2349 1104 2381 diebus
1111 2363 1121 2386 ;
1145 2360 1215 2381 nam
1237 2350 1266 2380 si
1287 2350 1482 2387 ἱηυείενιινῑῖί,
1505 2353 1609 2382 actum
1631 2353 1687 2382 est.

1044 2403 1082 2433 Ut
1104 2412 1137 2434 Se
1157 2402 1253 2433 z'm'tz'a
1275 2402 1423 2434 dederint
1444 2414 1478 2435 o:
1503 2404 1614 2444 qualia
1642 2404 1765 2436 fuerint
1793 2404 1853 2436 ini-

997 2459 1051 2491 tia.
1076 2459 1125 2491 De
1146 2460 1210 2491 hoc
1232 2470 1294 2491 usu
1316 2460 1492 2491 verbomm
1513 2470 1548 2490 se
1569 2460 1647 2491 dare
1669 2461 1759 2491 vidd.
1780 2460 1855 2492 intt.

1000 2513 1040 2543 ad
1060 2512 1136 2543 Liv.
1159 2512 1333 2544 XXVIII.
1357 2514 1385 2550 5,
1409 2513 1437 2550 9,
1465 2516 1561 2553 prout
1591 2515 1709 2554 tempus
1739 2523 1776 2544 ac
1804 2523 1856 2544 res

999 2574 1032 2595 se
1053 2565 1157 2596 daret.
1181 2564 1231 2596 Cf.
1253 2575 1384 2606 quoque
1407 2565 1534 2597 Seneca
1555 2566 1596 2597 de
1618 2571 1724 2606 tranq.
1747 2576 1800 2596 an.
1826 2567 1854 2603 3,

1001 2620 1049 2656 15,
1082 2621 1235 2660 ulczmque
1263 2629 1297 2650 se
1328 2630 1406 2660 resp.
1438 2619 1535 2657 dabit,
1565 2625 1635 2657 cet„
1666 2626 1698 2652 et
1726 2630 1809 2661 quae
1839 2631 1857 2652 e

999 2672 1103 2713 poetis
1125 2673 1261 2713 collegit
1282 2673 1404 2705 Markl.
1426 2675 1467 2705 ad
1489 2673 1571 2706 Stat.
1594 2673 1676 2705 Silv.
1699 2675 1726 2705 Ι.
1749 2675 1776 2710 4,
1805 2674 1856 2705 49.

96 3090 263 3122 Naeckius
293 3091 327 3123 in
363 3092 449 3123 Mus.
480 3092 585 3123 Rhen.
623 3091 798 3123 Niebuhrii
830 3093 896 3125 111.
927 3103 957 3133 p.
1014 3084 1016 3086 ’

97 3142 157 3173 329
180 3154 226 3185 sq.

1872 968 1907 994 10

1870 1336 1903 1361 15
