2117 3533
248 139 302 178 40
647 138 730 179 ΕΡ.
766 139 842 179 AD
874 139 920 179 T.
955 139 1304 180 POMPONIUM
1337 138 1600 180 ATTICUM.

245 274 420 316 cusatori
454 274 624 315 dabatur
657 288 777 329 quam
809 273 1052 329 postulabat,
1087 272 1362 328 triumphabat
1396 297 1452 304 -—
1482 273 1578 328 quid
1611 274 1793 328 quaeris?>
1818 297 1875 305 —
1899 274 2003 316 Hor-

244 349 398 391 tensius
432 364 471 389 se
504 347 650 389 vidisse
682 352 856 399 tantum,
890 362 1006 389 nemo
1039 351 1136 398 erat,
1171 347 1240 401 qui
1271 347 1386 388 illum
1419 361 1531 388 reum
1564 361 1608 388 ac
1641 362 1723 388 non
1754 347 1883 388 milies
1912 362 2004 389 eon-

246 422 477 464 demnatum
511 421 782 462 arbitraretur.
817 422 885 462 Me
918 435 1010 462 vero
1042 424 1144 461 teste
1177 419 1386 475 producto,
1422 420 1539 460 credo
1571 425 1611 460 te
1644 435 1692 460 ex
1722 419 2004 461 acclamatione

245 494 377 535 Clodii
410 493 692 535 advocatorum
725 493 883 535 audisse
928 508 1027 548 quae
1068 492 1338 533 consurrectio
1378 492 1560 533 iudicum
1602 492 1708 533 facta
1749 492 1813 542 sit,
1854 496 1901 532 ut
1943 506 2006 532 me

217 586 231 610 5
246 567 593 617 circumsteterint,
628 572 675 607 ut
707 572 839 622 aperte
872 566 1011 621 iugula
1045 581 1116 607 sua
1147 580 1218 621 pro
1250 580 1338 606 meo
1367 565 1495 620 capite
1519 565 1567 606 P.
1592 564 1733 606 Clodio
1751 563 2005 605 ostentarint.

246 640 358 692 Quae
391 639 491 680 mihi
525 655 585 680 res
618 639 744 680 multo
778 638 1102 680 honorificentior
1135 637 1220 679 visa
1253 642 1313 678 est
1345 651 1466 691 quam
1499 641 1569 678 aut
1600 637 1683 688 ffla,
1719 652 1844 692 quum
1875 637 2006 678 iurare

244 713 307 754 tui
340 712 445 766 cives
479 712 745 754 Xenocratem
778 712 1055 753 testimonium
1088 710 1287 752 dicentem
1319 708 1626 764 prohibuerunt,
1671 713 1742 751 aut
1785 724 1909 764 quum
1949 713 2009 750 ta-

245 785 359 827 bulas
392 785 548 827 Metelli
581 785 804 836 Numidici,
840 800 964 840 quum
985 800 1066 835 eae,
1088 789 1135 825 ut
1156 799 1242 825 mos
1267 787 1340 834 est,
1366 782 1728 833 circumferrentur,
1751 782 1878 824 nostri
1900 781 2007 824 iudi-

247 874 311 900 ces
345 859 545 914 adspicere
580 859 819 910 noluerunt,
853 858 981 899 multo
1013 857 1125 908 haec,
1160 858 1339 912 inquam,
1373 860 1509 897 nostra
1534 871 1596 897 res
1616 856 1756 897 maior.
1793 858 1834 897 5.
1867 856 2009 911 Itaque

198 949 234 974 10
246 932 428 974 iudicum
461 932 639 983 vocibus,
676 948 799 987 quum
833 947 906 987 ego
940 932 996 972 sic
1030 930 1080 972 ab
1112 931 1176 982 iis,
1210 935 1258 971 ut
1291 929 1396 972 salus
1430 929 1595 985 patriae,
1631 929 1877 980 defenderer,
1911 929 2010 970 frac-

246 1012 312 1047 tus
345 1021 435 1047 reus
469 1011 508 1046 et
540 1021 621 1046 una
654 1006 813 1062 patroni
846 1020 982 1046 omnes
1027 1003 1303 1045 conciderunt.
1368 1001 1434 1043 Ad
1476 1017 1539 1043 me
1580 1006 1715 1043 autem
1755 1001 1893 1044 eadem
1936 1001 2011 1044 fre-

247 1080 411 1135 quentia
443 1079 634 1134 postridie
669 1079 869 1129 convenit,
906 1092 1077 1133 quacum
1112 1076 1249 1119 abiens
1277 1076 1488 1117 consulatu
1508 1090 1596 1117 sum
1619 1075 1783 1117 domum
1805 1075 2010 1117 reductus.

247 1153 426 1194 Clamare
460 1152 650 1208 praeclari
684 1151 941 1207 Ariopagitae
976 1166 1016 1192 se
1048 1165 1130 1192 non
1165 1164 1248 1191 esse
1282 1153 1471 1190 venturos
1503 1148 1584 1189 nisi
1624 1147 1822 1204 praesidio
1865 1148 2011 1190 consti-

246 1231 349 1268 tuto.
390 1226 575 1267 Refertur
608 1225 658 1266 ad
693 1224 904 1266 consilium
913 1243 924 1275 3
959 1238 1040 1265 una
1075 1222 1157 1264 sola
1191 1220 1389 1262 sententia
1422 1219 1668 1276 praesidium
1699 1235 1781 1261 non
1815 1219 2012 1262 desidera-

199 1321 232 1346 15
247 1301 318 1342 vit.
379 1299 566 1341 Defertur
599 1314 659 1339 res
694 1298 743 1339 ad
778 1301 980 1347 senatum3
1015 1295 1246 1351 gravissime
1281 1293 1610 1348 ornatissimeque
1644 1293 1885 1345 decernitur,
1927 1294 2012 1336 lau-

249 1374 394 1416 dantur
426 1373 593 1422 iudices,
629 1372 747 1413 datur
774 1371 982 1425 negotium
1012 1366 1335 1424 magistratibUS,
1367 1381 1648 1422 responsurum
1673 1366 1875 1408 hominem
1897 1382 2014 1408 nemo

249 1445 531 1488 arbitrabatur.
595 1440 794 1487 ‘'Eo-nete
827 1445 920 1487 νῦν
951 1456 1041 1500 μοι
1106 1440 1335 1494 Μοῦσαι,
1378 1435 1544 1489 ὅππως
1585 1432 1644 1492 δὴ
1687 1439 1883 1497 πρῶτον
1922 1441 2016 1498 πῦρ

249 1516 434 1578 ἔμπεσε.
472 1518 594 1560 Nosti
627 1518 795 1559 Calvum
829 1517 854 1559 †
888 1531 935 1557 ex
968 1513 1223 1556 Nanneianis
1260 1512 1410 1568 [illum]
1446 1511 1561 1553 illum
1594 1511 1842 1554 laudatorem
1866 1526 2012 1563 meum,

290 1714 329 1744 18
354 1710 490 1747 Calvum,
514 1720 554 1740 ea·
576 1705 778 1739 Nanneianis
798 1703 896 1740 illum,
920 1702 1007 1732 illum
1031 1719 1072 1724 —

295 1882 519 1924 Triumphabat
542 1891 575 1911 o:
599 1879 696 1911 valde
720 1877 912 1909 laetabatur.
935 1874 975 1906 cf.
993 1873 1113 1906 Caesar
1135 1868 1138 1924 J
1160 1871 1380 1904 eruditionem
1402 1873 1566 1901 ostentare
1588 1870 1748 1901 videatur.
1771 1869 1871 1908 Quod
1891 1871 1932 1902 de
1949 1871 2018 1902 Me·

250 1941 284 1971 in
308 1939 401 1980 epist.
423 1936 509 1968 infra
532 1934 596 1966 IX.
614 1934 662 1964 16.
681 1932 749 1964 Cic.
765 1942 795 1972 p.
813 1930 944 1962 Cluent.
962 1930 1011 1959 14.
1033 1927 1112 1959 Gro-
1159 1924 1239 1956 tello
1261 1928 1421 1960 narratur,
1444 1922 1479 1953 in
1502 1922 1624 1953 iudicio
1646 1923 1687 1953 de
1708 1922 1855 1963 pecuniis
1869 1928 2019 1964 repetun-

252 1992 370 2024 novius
385 1995 472 2021 recte
486 1987 617 2019 monuit
632 1994 701 2018 esse
715 1985 854 2016 verbum
863 1981 1112 2017 Terentianum,
1136 2019 1137 2031 ἵ
1157 1979 1205 2010 dis
1229 1978 1392 2014 accidisse,
1416 1986 1459 2008 ex
1481 1977 1597 2008 eodem
1618 1977 1692 2008 loco
1713 1977 1878 2008 discimus.

253 2052 286 2077 et
308 2043 462 2084 exempla
484 2041 593 2082 posuit
614 2040 649 2070 in
673 2039 784 2069 adnot.
800 2037 841 2067 ad
856 2036 942 2067 Eun.
958 2035 1024 2066 III.
1041 2034 1068 2071 1,
1084 2035 1114 2064 3.
1136 2060 1137 2083 ἰ
1200 2031 1298 2072 Quum
1321 2041 1376 2062 eae
1397 2048 1440 2053 —
1461 2029 1750 2070 circumferrentur.
1772 2030 1812 2062 cf.
1836 2032 1877 2062 ad
1891 2031 1919 2062 1.
1942 2032 1971 2069 3,
1987 2033 2017 2063 2.

254 2099 321 2131 Sed
341 2098 406 2128 huc
429 2106 496 2127 non
527 2093 624 2125 debet
652 2091 767 2123 referri
796 2090 888 2120 locus
917 2098 961 2120 ex
991 2097 1040 2128 ep.
1064 2087 1113 2124 12,
1199 2087 1217 2126 ξ
1241 2087 1268 2116 5.
1292 2084 1441 2125 Refertur
1463 2084 1507 2115 ad
1529 2084 1704 2115 eonsilium.
1723 2085 1744 2115 i.
1762 2095 1789 2116 e.
1805 2085 1953 2117 iudicum
1967 2095 2019 2128 pe-

253 2153 311 2184 lib.
334 2152 381 2182 ΙΙ.
404 2151 445 2181 ad
466 2149 559 2180 Fam.
583 2148 601 2187 ξ
624 2148 642 2177 3
665 2145 723 2176 ubi
747 2144 859 2176 Caelio
882 2142 1005 2173 dicenti
1025 2140 1114 2173 Cice·
1136 2174 1137 2178 ,
1158 2140 1232 2171 titio
1254 2137 1394 2177 refertur
1415 2138 1456 2169 ad
1477 2137 1655 2168 consilium
1676 2138 1844 2178 praetoris,
1868 2139 1957 2180 quod
1978 2139 2019 2171 de

254 2215 369 2237 ronem
391 2213 408 2235 e
431 2201 600 2244 provincia
627 2209 708 2240 spem
731 2196 878 2237 triwaphz'
908 2205 976 2227 esse
1004 2203 1115 2225 conse·
1136 2187 1137 2206 ³
1159 2201 1197 2223 ea
1222 2191 1390 2222 iudicaret.

255 2266 377 2295 cutum,
400 2257 454 2288 1118
476 2255 667 2296 respondet:
691 2251 777 2282 Satis
797 2250 934 2291 yion-iose
947 2248 1115 2288 triumpha·
1138 2243 1139 2255 ¹
1201 2244 1365 2275 Hominem
1387 2253 1463 2275 cum
1485 2248 1654 2275 contemtu
1676 2243 1756 2275 dicit
1778 2242 1944 2275 Clodium.
1970 2243 2018 2276 Si-

256 2322 328 2349 rem,
351 2311 379 2341 si
401 2320 461 2340 non
484 2318 579 2339 essem
602 2305 741 2347 equidem
764 2303 883 2334 tamdia
906 2302 938 2332 in
959 2301 1116 2332 desiderio
1159 2298 1282 2329 militer
1297 2296 1412 2328 Graeci
1435 2293 1624 2343 ἄνθρωπον
1641 2302 1769 2338 ponunt
1785 2297 1855 2329 sine
1870 2298 2018 2330 articulo.

256 2375 360 2396 rerum
388 2361 464 2394 milri
494 2358 726 2391 caris-simarum
758 2366 790 2387 οε
822 2355 908 2386 celer
929 2354 1053 2386 reditus
1082 2353 1116 2384 in
1139 2346 1224 2388 'vid.
1249 2355 1403 2387 Bremius
1425 2356 1466 2387 ad
1487 2355 1611 2387 Aesch.
1634 2355 1673 2386 de
1696 2354 1734 2386 F.
1758 2355 1797 2386 L.
1822 2355 1841 2395 ξ
1862 2357 1893 2386 4.

257 2419 374 2449 urbem
397 2420 481 2447 esset
510 2412 593 2444 mihi
622 2410 807 2451 triumphus
837 2408 915 2439 satis
945 2407 1117 2448 gloriosus.
1190 2401 1339 2442 Ἐσπετε
1370 2419 1404 2440 χ.
1433 2421 1468 2441 τ.
1499 2406 1531 2440 λ,
1574 2423 1587 2434 n
1597 2408 1682 2440 Rem
1710 2409 1939 2441 admirabilem
1967 2420 2021 2442 ex.

259 2473 312 2504 Ita
348 2470 437 2502 enim
465 2468 522 2499 ille
551 2467 642 2497 loeus
671 2463 862 2496 scn'bendus
892 2467 923 2492 et
953 2460 1118 2501 explican—
1140 2452 1142 2480 ‘¹
1160 2466 1324 2508 posit-urus
1346 2474 1442 2506 opem
1463 2464 1636 2496 Musarum
1650 2464 1791 2496 invocat,
1813 2465 1940 2497 Eodem
1957 2466 2020 2497 hoc

260 2526 321 2556 dus
344 2528 402 2555 est.
1161 2530 1257 2552 versu
1281 2528 1323 2550 ex
1345 2518 1385 2549 Il.
1410 2529 1449 2550 π.
1473 2518 1534 2548 112
1563 2517 1717 2549 similiter
1740 2527 1838 2549 usum
1860 2527 1930 2550 esse
1951 2518 2025 2550 Pla-

302 2577 349 2608 Ac
372 2585 433 2606 72072
456 2584 488 2604 0:
514 2583 549 2603 ae
572 2581 638 2602 non
660 2570 779 2611 potius.
809 2568 887 2599 Vid.
910 2568 950 2598 de
971 2567 1032 2598 hac
1054 2576 1119 2597 cor·
1163 2583 1286 2612 tonem,
1310 2574 1402 2605 VI11
1424 2574 1465 2604 de
1486 2574 1589 2615 Repb‚
1618 2584 1648 2614 p,
1673 2575 1731 2604 545
1762 2580 1846 2607 extr,
1876 2575 2024 2607 observa.

262 2629 392 2671 rigendi
426 2627 568 2659 formula
604 2624 724 2656 Matth.
761 2623 802 2661 ad
837 2627 917 2652 orat.
952 2631 982 2661 p.
1025 2620 1120 2651 Rose.
1163 2628 1212 2660 vit
1234 2628 1271 2658 Ρ,
1295 2627 1497 2658 ’Ἥρωι-ἰωῇ
1520 2626 1627 2658 Beier,

262 2685 341 2717 Am.
364 2683 413 2713 92.
1205 2679 1300 2710 Nosti
1325 2679 1450 2709 Calvum
1467 2689 1505 2709 ex
1522 2677 1723 2709 Nanneianis
1738 2678 1837 2715 illum,
1853 2678 1942 2709 illum
1958 2679 2026 2709 lau-

304 2736 354 2767 Ex
375 2731 604 2765 acelamaiioae
628 2729 671 2761 Cl.
694 2729 765 2760 adv.
800 2729 960 2760 Ernestus
983 2727 1023 2757 ad
1044 2726 1077 2756 h.
1100 2726 1121 2755 1.
1143 2726 1144 2745 ³
1165 2732 1304 2763 datorem
1329 2741 1434 2767 meum,
1458 2736 1519 2761 cet,
1549 2730 1615 2761 Hic
1645 2741 1712 2761 non
1742 2730 1796 2770 agi
1826 2731 1866 2762 de
1895 2730 2025 2762 Licinio

264 2796 377 2823 monet
399 2789 479 2820 haec
502 2787 600 2817 verba
624 2795 689 2815 11011
713 2784 854 2825 pendere
883 2793 900 2812 a
929 2792 959 2811 v.
982 2779 1121 2816 audisse,
1144 2819 1145 2822 Ἴ
1165 2784 1307 2824 quodam
1331 2782 1443 2819 Calvo,
1468 2783 1525 2813 sed
1546 2783 1586 2813 de
1601 2782 1647 2813 M.
1664 2781 1795 2819 Crasso,
1806 2788 1934 2822 praeter
1948 2781 2024 2813 Cor-

267 2846 324 2877 sed
345 2853 421 2875 cum
443 2840 655 2882 sequentibus
678 2839 862 2869 cohaerere.
891 2836 1020 2866 Iudices
1050 2845 1123 2865 con·
1168 2837 1284 2867 raduni
1307 2845 1420 2866 onmes
1442 2835 1636 2875 interpretes
1665 2835 1829 2865 viderunt.
1863 2835 1950 2865 Vere
1979 2835 2024 2865 vi-

268 2898 447 2938 surgebant
469 2900 600 2936 propter
622 2894 729 2933 ipsum
752 2892 938 2927 clamorem,
962 2899 1026 2930 quo
1051 2888 1123 2920 Clo·
1146 2930 1147 2935 1
1166 2890 1250 2920 disse
1273 2900 1340 2920 non
1364 2888 1507 2928 negabit,
1531 2888 1588 2928 qui
1611 2893 1759 2918 extrema
1782 2887 1897 2918 verba:
1921 2887 1961 2917 de
1977 2898 2025 2917 en-

269 2950 358 2981 diani
395 2947 562 2980 Ciceronis
591 2944 817 2976 testimonium
847 2942 1003 2983 impedire
1038 2940 1124 2971 vole·
1146 2947 1147 2952 ¹
1167 2943 1215 2973 ius
1238 2943 1381 2973 oratione
1405 2952 1480 2982 erya
1503 2952 1549 2972 me
1571 2941 1742 2973 honorifica
1764 2940 1809 2971 ad
1840 2943 1870 2970 te
1898 2941 2026 2980 seripse-

270 3004 359 3033 bant,
1167 3006 1231 3026 ram
1250 2995 1427 3026 contulerit
1441 3005 1517 3024 curn
1533 2995 1581 3031 iis,
1597 3003 1680 3034 quae
1695 2995 1852 3033 leguntur
1867 3003 1915 3033 ep.
1932 2994 1979 3030 14,
1996 2995 2025 3024 3.

317 3054 412 3094 Quum
435 3053 544 3083 iurare
566 3070 607 3073 —
622 3048 861 3090 prohihuermzi.
890 3047 987 3086 Diog.
1016 3045 1125 3076 Laert.
1168 3049 1283 3089 Neque
1321 3048 1527 3079 abliolruisse
1572 3054 1697 3078 tantam
1734 3047 1971 3087 turpitudinem
2008 3057 2024 3077 a

274 3108 335 3139 IV.
359 3107 387 3139 T.
422 3106 536 3138 Cicero
559 3105 647 3136 idern
669 3108 779 3133 narrat
800 3111 831 3141 p.
854 3100 960 3131 Balbo
984 3100 1032 3135 12,
1055 3108 1126 3138 sup·
1169 3101 1277 3132 Crassi
1300 3101 1445 3132 moribus
1469 3106 1596 3131 constat
1624 3110 1701 3131 cum
1723 3099 1911 3130 testimonio
1935 3098 2023 3130 Cice-

273 3171 382 3203 presso
405 3158 600 3191 Xenocratis
623 3157 766 3193 nomine,
785 3164 825 3186 ne
841 3163 950 3185 corani
966 3152 1126 3183 iudicibus
1170 3155 1267 3186 sonis.
1290 3155 1345 3195 qui
1370 3164 1444 3185 811111
1468 3152 1543 3186 1ὈΓῙΪ
1569 3154 1594 3184 Ι.
1622 3153 1694 3191 109)
1718 3152 1829 3184 scribit
1850 3151 1951 3184 fuisse
1979 3161 2022 3183 ex
