2117 3533
660 175 769 218 LIB.
803 176 855 217 V.
888 176 973 218 ΕΡ.
1010 177 1081 218 10.
1118 178 1189 218 11.
1713 177 1797 216 225

43 311 364 367 Transpadanus.
409 311 473 351 Ita
506 310 605 351 mihi
638 310 796 351 videtur
837 326 918 352 non
961 311 1095 352 minus
1139 310 1333 352 stomachi
1376 315 1512 352 nostro
1556 325 1601 350 ac
1642 309 1803 351 Caesari

44 384 196 425 fecisse.
232 383 309 425 Sed
342 382 418 423 1100
450 383 536 438 ipse
570 382 728 424 viderit.
773 385 813 424 3.
849 384 1065 439 Pompeius
1098 384 1198 425 mihi
1232 399 1390 439 quoque
1425 383 1649 434 videbatur,
1696 381 1802 437 quod

44 458 183 500 scribis
216 459 435 499 Varronem
469 458 614 509 dicere,
648 459 691 499 in
726 458 967 513 Hispaniam
1001 463 1105 499 certe
1139 459 1284 499 iturus.
1329 458 1378 498 Id
1413 472 1485 511 ego
1518 457 1681 498 minime
1715 471 1804 510 pro-

44 531 201 582 babam,
252 531 321 585 qui
365 530 526 585 quidem
568 530 804 585 Theophani
846 530 961 571 facile
1005 531 1185 585 persuasi
1228 530 1331 571 nihil
1373 545 1456 570 esse
1500 529 1642 570 melius
1685 543 1804 582 quam

43 604 156 645 11111111
189 618 388 657 nusquam
422 603 639 644 discedere.
674 604 781 658 Ergo
817 604 995 645 Graecus
1028 603 1249 645 incumbet.
1285 603 1404 644 Valet
1432 607 1566 644 autem
1589 602 1805 643 auctoritas

44 677 128 719 eius
162 676 265 732 apud
300 677 413 717 illum
447 677 679 732 plurimum.
724 679 764 717 4.
799 677 885 731 Ego
919 677 990 718 has
1024 677 1152 732 pridie
1186 678 1326 718 Nonas
1360 676 1503 728 Quint.
1552 676 1806 730 proficiscens

44 750 215 792 Athenis
247 750 353 801 dedi,
390 766 510 804 quum
547 750 604 790 ibi
639 750 775 790 decem
809 750 916 804 ipsos
962 750 1125 790 fuissem
1168 749 1266 790 dies.
1315 750 1491 790 Venerat
1536 748 1806 803 Pomptinius,

43 838 123 864 una
157 823 229 864 Cn.
264 823 469 873 Volusius,
505 822 641 864 aderat
674 827 872 877 quaestor,
908 827 1003 862 tuus
1037 838 1142 863 1111115
1170 822 1326 863 Tunius
1356 821 1506 862 aberat.
1538 816 1806 879 ”Achocxroc

44 896 290 938 Rhodiorum
327 901 366 937 01
402 890 609 954 δίκροτα
645 895 979 949 Mytilenaeorum
1014 894 1212 935 habebam
1253 899 1293 935 et
1334 894 1486 948 aliquid
1531 890 1803 937 ἐπικώπων.

44 969 104 1009 De
138 968 298 1009 Parthis
331 973 416 1009 erat
449 969 667 1010 silentium.
702 967 822 1019 Quod
856 973 1056 1023 superest,
1084 967 1141 1008 dii
1174 968 1334 1008 iuvent!
1374 969 1414 1008 5.
1448 968 1534 1008 Nos
1569 966 1700 1008 adhuc
1733 966 1809 1006 iter

44 1056 113 1096 per
147 1041 356 1082 Graeciam
401 1057 556 1082 summa
601 1056 692 1081 cum
737 1040 1001 1081 admiratione
1051 1040 1232 1090 fecimus,
1277 1056 1350 1081 nec
1394 1039 1620 1081 mehercule
1664 1037 1808 1089 habeo,

45 1113 151 1168 quod
186 1112 317 1154 adhuc
350 1129 467 1169 quem
503 1128 685 1155 accusem
718 1128 912 1154 meorum.
969 1113 1171 1154 Videntur
1203 1112 1303 1154 mihi
1336 1129 1451 1154 nosse
1489 1114 1597 1168 [nos]
1632 1116 1810 1153 nostram

46 1202 206 1228 causam
257 1191 297 1227 et
342 1186 614 1227 conditionem
656 1185 915 1241 profectionis
960 1201 1068 1227 suae.
1119 1186 1243 1227 Plane
1289 1186 1468 1227 serviunt
1522 1185 1810 1227 existimationi

46 1274 169 1299 meae.
212 1259 331 1310 Quod
366 1264 559 1313 superest,
602 1259 635 1299 si
678 1274 815 1299 verum
858 1258 959 1299 illud
1003 1264 1063 1299 est
1107 1256 1280 1317 οἵαπερ
1319 1274 1345 1311 η
1396 1252 1657 1313 δέσποινα,
1706 1264 1811 1300 00110

47 1331 354 1387 permanebunt.
388 1331 504 1371 Nihil
539 1331 644 1371 enim
680 1346 701 1371 a
734 1346 796 1371 me
831 1331 915 1372 fieri
947 1331 1005 1372 ita
1038 1330 1247 1381 videbunt,
1281 1335 1328 1371 111
1362 1330 1439 1371 sibi
1473 1331 1525 1372 sit
1550 1331 1811 1386 delinquendi

46 1403 171 1445 locus.
208 1404 279 1445 Sin
314 1403 356 1444 id
391 1418 530 1458 parum
564 1402 771 1457 profuerit,
806 1403 874 1444 fiet
907 1403 1059 1457 aliquid
1094 1418 1115 1443 a
1149 1402 1265 1443 nobis
1299 1403 1489 1444 severius.
1540 1404 1647 1445 Nam
1681 1405 1812 1446 adhuc

45 1477 209 1517 lenitate
243 1476 379 1517 dulces
414 1491 552 1516 sumus
586 1481 638 1525 et,
673 1481 719 1516 ut
753 1491 880 1530 spero,
916 1475 1145 1530 proficimus
1181 1476 1448 1529 aliquantum.
1485 1476 1562 1517 Sed
1596 1492 1669 1532 ego
1692 1478 1811 1529 hanc,

47 1553 93 1589 ut
125 1549 150 1592 †
185 1549 339 1604 singuli
373 1549 529 1599 dicunt,
563 1546 773 1600 α’νεξίαν
805 1548 848 1589 111
880 1564 1007 1589 unum
1042 1563 1192 1589 annum
1227 1547 1444 1590 meditatus
1478 1564 1581 1590 511111.
1638 1550 1812 1592 Proinde

91 1723 130 1754 12
152 1732 242 1754 nosse
264 1732 332 1761 nos,
354 1724 492 1754 nostram
516 1739 555 1745 ›ae

48 1889 245 1921 Plutarchus
268 1898 399 1929 quoque
417 1888 616 1921 Comensem
633 1894 728 1920 vocat
750 1887 809 1922 ἕνα
837 1891 904 1922 τῶν
927 1892 930 1915 ῑ
955 1892 1066 1923 Omnes
1080 1893 1142 1923 iam
1155 1893 1256 1924 nostri
1261 1896 1394 1934 praeter
1411 1894 1543 1926 Tullium
1556 1897 1639 1927 suum
1653 1900 1814 1933 venerum,

49 1943 116 1978 ἐκεῖ
156 1941 366 1989 βουλευτῶν,
405 1945 438 1976 111
463 1945 555 1977 Caes.
579 1946 628 1977 29.
672 1945 728 1976 Ab
758 1945 809 1976 his
839 1954 906 1976 non

49 2002 219 2033 dissentiet
242 2001 366 2038 Cicero,
390 2002 568 2032 dummodo
598 2002 797 2033 retineamus
827 2001 907 2032 Mss.

51 2055 225 2086 lectionem
251 2054 404 2096 yesserit;
451 2065 527 2085 nani
571 2055 801 2087 coniunctivus
840 2064 908 2095 per-

51 2110 127 2142 fecti
151 2111 305 2150 temporis
327 2121 403 2141 eum
426 2111 484 2141 etsi
514 2116 599 2142 recte
628 2111 841 2151 coniungitur
869 2111 909 2141 ad

51 2164 265 2195 indicandum
298 2165 341 2200 id,
371 2165 458 2204 quod
492 2169 621 2195 tantuin
658 2165 728 2195 fieri
766 2165 933 2215 potuisse¹

51 2218 224 2258 cogitetur.
247 2217 288 2248 cf.
311 2218 436 2248 Handii
460 2219 555 2249 Turs.
580 2219 626 2248 II.
650 2229 680 2259 p.
704 2218 763 2251 607
780 2229 827 2259 sq.
845 2220 909 2249 Ita-

52 2280 115 2311 que
139 2270 253 2302 Ciccro
275 2271 369 2301 dicit:
396 2286 409 2297 υ
422 2271 482 2302 etsi
504 2271 625 2308 nescio,
648 2276 757 2301 utrum
780 2271 837 2302 ille
857 2280 910 2311 ge-

52 2326 154 2356 rendo
172 2325 401 2365 magistratum
415 2325 581 2356 civitatem
594 2326 729 2366 adeptus
743 2326 784 2356 sit
796 2335 910 2362 necne,

52 2384 121 2410 erat
143 2384 252 2409 tamen
276 2379 447 2410 Latinus.'“

94 2431 207 2462 Nostro
230 2441 262 2461 o:
289 2431 349 2462 Cn.
373 2431 542 2472 Pompeio,
566 2431 659 2462 cuius
682 2436 773 2472 pater
792 2432 911 2462 Trans-

53 2485 197 2524 padanos
234 2484 304 2515 iure
340 2484 429 2514 Latii
466 2484 655 2515 donaverat.
699 2484 911 2525 Quantopere

52 2541 161 2568 autem
182 2537 257 2567 talis
281 2537 402 2567 iniusta
424 2537 560 2567 saevitia
584 2536 715 2568 Caesari
738 2537 912 2577 displicue-

53 2591 103 2627 rit,
126 2591 180 2622 vel
202 2591 279 2621 inde
302 2595 442 2631 apparet,
466 2591 555 2631 quod
579 2591 604 2621 is
629 2590 666 2622 C.
690 2590 847 2622 Pisonem
878 2591 911 2621 in

54 2644 174 2674 iudicio
194 2645 450 2684 repetundarum
473 2644 675 2684 oppugnavit
697 2649 828 2684 propter
860 2655 913 2675 cu-

54 2696 181 2727 iusdam
193 2697 421 2737 Transpadani
433 2697 631 2737 supplicium
651 2697 820 2728 iniustum.
846 2696 913 2728 Sal.

55 2748 126 2780 Cat.
148 2750 198 2786 49,
222 2750 250 2780 2.

97 2803 115 2843 ξ
138 2804 168 2833 3.
191 2803 230 2833 Im
253 2803 443 2843 Hispaniam
472 2804 555 2833 certe
586 2817 599 2828 ιι
612 2803 639 2833 51
669 2813 735 2833 non
759 2803 793 2834 in
816 2804 915 2834 aliam

55 2857 267 2896 provinciam,
292 2862 401 2887 tamen
426 2857 459 2887 in
482 2843 713 2896 Hispaniam.'''
737 2857 816 2887 Ern.

99 2911 167 2949 §AL
199 2910 251 2941 Cn.
282 2910 435 2941 Volusius.
476 2911 567 2940 Inter
590 2910 724 2941 comites
748 2904 915 2942 Ciceronis

60 2962 93 2993 in
116 2964 286 3004 provincia
308 2969 508 2995 memoratur
530 2963 571 3001 Q.
596 2963 766 3000 Volusius,
781 2964 848 2995 11.1.
866 2974 915 3005 ep.

59 3017 109 3054 21,
133 3018 160 3055 6,
185 3019 398 3059 eiusdemque
420 3017 625 3049 mentionem
648 3016 726 3048 facit
749 3018 915 3056 Vatinius,

58 3070 151 3102 Fam.
174 3072 216 3103 V.
242 3073 290 3110 10,
315 3074 343 3103 2.
366 3072 487 3103 Merito
503 3070 666 3102 Corradus
681 3071 815 3112 putabat
825 3082 916 3112 prae-

59 3133 179 3155 nomen
201 3126 234 3156 h.
256 3126 278 3156 ].
301 3130 490 3166 corruptum
514 3133 593 3156 csse.

104 3176 187 3207 Tuus
208 3188 288 3209 unus
314 3178 348 3210 T.
369 3179 489 3210 aberat.
519 3176 573 3209 Sic
596 3186 646 3219 cp.
670 3178 717 3216 14,
741 3178 760 3209 2
789 3176 916 3209 scribit:
940 3184 942 3195 ¹

122 3229 159 3273 Ι.

998 1941 1156 1990 ἄφρακτα
1180 1947 1244 1987 (ep.
1269 1947 1317 1983 12,
1343 1947 1370 1977 1.
1393 1946 1438 1977 Χ.
1462 1948 1510 1985 11,
1545 1950 1579 1989 4)
1609 1955 1685 1982 sunt
1715 1962 1815 1983 naves

953 2012 1019 2033 non
1043 2006 1237 2039 constratae,
1259 2012 1341 2043 quas
1364 2003 1501 2043 scriptor
1522 2005 1563 2036 (10
1595 2005 1682 2036 bello
1712 2007 1814 2039 Alex.

930 2087 932 2100 Κ
955 2055 990 2086 11
1015 2057 1144 2096 apertas
1166 2061 1276 2091 vocat;
1312 2051 1454 2100 ὃίκροτα
1487 2057 1574 2097 (Att.
1597 2058 1696 2090 XVI.
1719 2061 1748 2097 4,
1781 2063 1814 2099 4)

955 2108 1103 2139 biremes.
1129 2107 1169 2137 Et
1193 2108 1317 2149 aliquid
1338 2106 1531 2150 ἐπικώπων,
1564 2114 1600 2140 111
1629 2113 1817 2143 emendavit

955 2165 983 2195 Ι.
1005 2165 1044 2195 F.
1066 2164 1165 2195 Gron.
1190 2175 1223 2195 o:
1248 2167 1279 2195 et
1300 2165 1419 2206 aliquot
1443 2176 1539 2195 naves
1562 2167 1736 2199 actuarias.
1766 2169 1815 2200 Cf.

932 2216 1083 2248 *Gellius
1107 2217 1150 2247 X.
1183 2218 1232 2247 25.
1268 2214 1436 2249 ἐπίκωποι
1467 2223 1542 2248 511111
1579 2229 1702 2257 01111105,
1734 2231 1817 2261 quae

956 2271 1054 2302 remis
1092 2275 1244 2310 aguntur,
1279 2270 1389 2310 itaque
1426 2270 1525 2302 etiam
1564 2267 1721 2317 δίκροτοι,
1760 2275 1817 2305 sed

956 2327 1085 2368 proprie
1108 2327 1153 2357 sic
1177 2327 1379 2358 vocabantur
1402 2336 1511 2364 naves,
1531 2328 1650 2368 quibus
1664 2330 1817 2362 homines

933 2406 934 2416 γ
956 2376 1260 2413 transvehebantur,
1284 2372 1498 2420 ἐπιβάτιὸες.
1526 2376 1576 2408 Cf.
1600 2378 1699 2410 XIV.
1724 2381 1771 2418 16,
1789 2382 1816 2415 1,

958 2428 1114 2469 Proprius
1138 2429 1178 2459 ad
1201 2429 1272 2460 cod.
1294 2429 1394 2466 Med„
1419 2429 1452 2460 in
1476 2440 1542 2470 quo
1575 2433 1816 2466 ΕΠΙΚΟΝΔΕΙ

934 2500 935 2516 1
957 2482 1088 2522 legitur,
1102 2481 1352 2521 Peerlkampius
1361 2482 1458 2513 scribi
1471 2483 1617 2515 volebat:
1627 2503 1667 2507 ——
1677 2481 1817 2532 δίκροτοι

958 2534 1221 2575 Μίίμῐθηαεωνῑωη
1244 2534 1390 2565 habebam
1413 2534 1542 2575 aliquot.
1572 2528 1730 2583 Ἐπεῖγον
1765 2537 1819 2572 ἀεί

959 2600 992 2621 οε
1017 2600 1145 2631 semper
1168 2590 1345 2621 incitabam
1370 2591 1523 2631 remiges.

1005 2646 1022 2684 ξ
1047 2647 1074 2674 5.
1105 2643 1258 2674 I'idenlm·
1280 2644 1467 2675 milzimosse
1491 2646 1579 2686 [nos]
1594 2651 1731 2679 nostram
1746 2660 1819 2681 eau-

959 2710 1025 2729 sam
1047 2701 1077 2729 et
1101 2699 1307 2729 eondifz‘onem
1324 2699 1536 2740 profectionis
1558 2712 1643 2733 suae.
1670 2704 1819 2735 Vocabu-

961 2756 1029 2786 lum
1054 2766 1108 2786 nos
1132 2756 1213 2786 mihi
1237 2761 1422 2796 suspectum
1447 2762 1503 2794 est,
1526 2767 1626 2797 quum
1650 2766 1820 2801 propterea

962 2809 1050 2848 quod
1074 2809 1103 2839 ei
1126 2809 1159 2839 in
1183 2809 1286 2839 altero
1315 2809 1464 2839 membro
1492 2819 1526 2839 se
1554 2812 1675 2851 opponi
1703 2813 1820 2845 debue-

961 2867 1019 2898 rat,
1043 2866 1111 2891 tum
1135 2861 1212 2901 quia
1246 2861 1278 2891 in
1310 2861 1494 2892 trimembri
1524 2863 1671 2894 oratione
1704 2867 1822 2906 copula

962 2918 1037 2943 ante
1068 2912 1220 2943 ultimam
1250 2922 1365 2944 vocem
1396 2913 1504 2943 omitti
1534 2915 1626 2947 solet.
1667 2917 1821 2950 Klotzius

962 2967 1113 2997 similiter
1134 2967 1302 2998 iudicavit.

1009 3017 1128 3064 οἵαπερ
1156 3017 1175 3055 ἡ
1209 3016 1390 3052 δέσποινα.
1415 3018 1526 3051 Schol.
1549 3021 1635 3053 Plat.
1665 3025 1705 3055 ad
1735 3025 1823 3057 VIII

963 3076 1002 3106 de
1026 3075 1106 3115 ch.
1128 3085 1160 3115 p.
1183 3076 1242 3106 563
1266 3076 1303 3107 C.
1326 3076 1461 3117 plenum
1484 3079 1694 3114 proverbium
1720 3081 1822 3119 affert,

964 3122 1081 3169 οἵαπερ
1111 3122 1129 3160 ἡ
1163 3120 1342 3163 δέσποινα,
1372 3120 1450 3156 τοία
1479 3122 1524 3168 χὴ
1557 3127 1660 3160 κύων.

1010 3176 1046 3207 Ue
1069 3179 1085 3215 †
1107 3176 1224 3218 sc'wuli
1254 3177 1363 3208 dicun!
1393 3174 1546 3216 ἀνεξίαν.
1577 3180 1603 3211 I.
1632 3181 1670 3212 F.
1698 3184 1821 3214 Grono-

1582 3238 1634 3277 15

1829 978 1864 1003 10

1833 1344 1866 1370 15
