2117 3533
712 165 820 207 LIB.
854 165 954 207 VII.
987 165 1073 206 ΕΡ.
1110 165 1305 206 18—20.
1806 164 1891 203 325

130 304 201 342 aut
233 300 342 341 domi
374 313 518 340 numos
552 298 732 350 Quintus
766 298 912 340 habeat
952 303 1023 339 aut
1065 297 1222 352 exigere
1267 296 1316 338 ab
1362 297 1535 352 Egnatio
1581 302 1652 337 aut
1696 310 1897 337 versuram

127 386 299 427 usquam
331 371 458 413 facere
490 371 631 426 possit,
666 370 834 411 miratur
867 376 907 412 te
940 385 1022 411 non
1068 369 1257 411 habuisse
1303 369 1500 411 rationem
1543 369 1666 411 huius
1711 367 1896 424 publicae

130 443 394 485 difficultatis.
427 443 516 497 Ego
549 447 698 492 autem,
735 443 810 483 etsi
832 442 935 483 illud
961 434 1339 497 Ψευδησιόδειον
1363 465 1420 472 ——-
1444 441 1503 482 ita
1525 441 1633 483 enim
1657 446 1824 497 putatur
1841 463 1897 470 -

130 515 311 566 observo,
344 509 470 573 μηδὲ
505 509 669 569 δίκην,
704 515 939 570 praesertim
970 515 1014 556 in
1047 519 1102 565 te,
1137 528 1159 554 a
1193 528 1271 567 quo
1303 513 1408 554 nihil
1442 528 1619 568 unquam
1644 513 1728 555 vidi
1750 519 1899 554 temere

130 588 228 638 fieri,
261 593 396 629 tamen
427 587 537 628 illius
571 587 731 642 querela
767 586 967 628 movebar.
1004 587 1108 635 Hoc,
1143 585 1344 641 quidquid
1379 590 1453 636 est,
1488 592 1527 626 te
1562 586 1661 626 scire
1698 586 1819 627 volui.

1043 748 1146 780 Plura
1167 749 1208 780 de
1230 748 1291 779 illo
1314 757 1410 779 versu
1432 755 1545 779 monet
1569 748 1767 780 Leutschius
1786 750 1826 779 ad
1842 748 1902 779 Pa-

1040 803 1217 843 roemiogr.
1239 801 1295 833 Gr.
1318 802 1365 833 Π.
1390 812 1419 842 p.
1443 801 1514 834 759.

1082 856 1180 887 Illius
1201 855 1329 896 querela
1352 855 1494 886 movebar
1516 865 1549 886 o:
1574 856 1644 886 iure
1674 855 1773 886 illum
1801 856 1841 887 de
1871 862 1902 887 te

131 749 277 780 Titinius
300 749 362 781 etsi
384 748 543 780 viaticum
566 760 634 781 non
666 749 773 787 habet,
806 756 916 782 tamen
939 759 991 791 pe-

131 802 265 833 cuniam
296 811 364 833 non
395 802 507 842 exegit
542 802 605 833 hoc
642 809 788 843 tempore
824 813 843 833 a
870 802 993 834 debito-

132 854 221 886 ribus
233 853 310 891 suis,
326 854 384 886 sed
394 854 557 886 concessit
580 854 629 892 iis,
646 859 682 885 ut
697 855 887 891 retinerent,
902 855 993 885 duni-

131 907 231 938 modo
252 906 341 938 idem
362 906 451 947 quod
473 910 569 937 antea
592 906 688 938 fenus
711 907 945 948 persolverent.
1041 909 1134 950 queri
1156 908 1325 950 putabam.
1362 908 1540 950 Perperam
1570 908 1681 939 Klotz.
1712 908 1841 949 scripsit
1869 908 1903 938 in

174 955 265 1004 μηδὲ
287 955 399 994 δίκην.
424 959 560 999 Integer
574 968 688 990 versus
701 964 765 990 est:
781 955 872 1003 μηδὲ
894 955 992 994 δίκην
1017 979 1018 985 1
1039 962 1129 993 illius
1151 961 1278 1004 querela
1301 962 1451 993 movebar.
1474 963 1561 993 Nam
1574 963 1664 1003 quod
1687 962 1720 993 in
1743 962 1833 994 Med.
1858 967 1905 992 est

131 1011 290 1062 δικάσῃς,
319 1010 398 1059 πρὶν
415 1012 541 1059 ἀμφοῖν
569 1013 684 1059 μῦθον
705 1012 869 1062 ἀκούσῃς,
894 1024 994 1055 quem
1016 1029 1018 1061 j
1040 1019 1169 1055 nullim,
1193 1023 1302 1049 ortum
1318 1025 1367 1049 est
1381 1028 1397 1049 e
1412 1028 1511 1058 prava
1527 1018 1752 1058 geminatione
1768 1018 1904 1049 ultimae

131 1072 188 1103 alii
212 1071 370 1108 Hesiodo,
394 1070 451 1101 alii
474 1069 618 1107 Pittheo,
651 1070 827 1111 Phocylidi
850 1070 908 1101 alii
938 1070 991 1101 tri·
1015 1065 1017 1115 j*
1040 1071 1156 1103 literae
1179 1071 1269 1103 vocis
1292 1072 1526 1112 praecedentis.

133 1123 285 1155 buebant.
309 1123 400 1154 Hinc
422 1117 684 1166 ψευὸησιόδειον
701 1123 845 1163 appellat
863 1121 995 1154 Cicero.
1015 1116 1017 1138 ⁴

733 1231 848 1272 XJX.
915 1231 980 1283 (A.
1024 1231 1069 1270 U.
1108 1231 1149 1270 o.
1190 1230 1308 1282 705.)

193 1345 311 1387 Nihil
344 1343 486 1394 habeo,
523 1346 629 1398 quod
664 1345 714 1386 ad
748 1351 787 1385 te
822 1343 1010 1394 scribam,
1045 1343 1115 1397 qui
1145 1343 1265 1384 etia-m
1290 1357 1375 1384 eam
1405 1343 1630 1398 epistolam,
1655 1358 1774 1397 quam
1800 1358 1906 1384 eram

132 1417 406 1467 elucubratus,
442 1417 492 1458 ad
526 1422 565 1458 te
598 1433 679 1459 non
714 1417 908 1458 dederim.
960 1417 1058 1458 Erat
1092 1417 1199 1457 enim
1240 1416 1359 1471 plena
1403 1416 1488 1471 spei
1533 1416 1675 1465 bonae,
1719 1415 1826 1470 quod
1869 1423 1907 1456 et

136 1491 337 1532 contionis
370 1491 622 1532 voluntatem
658 1491 863 1532 audieram
896 1495 936 1531 et
979 1489 1095 1530 illum
1140 1488 1445 1530 conditionibus
1493 1503 1656 1529 usurum
1700 1487 1906 1542 putabam,

131 1563 365 1619 praesertim
398 1563 496 1604 suis.
537 1563 641 1605 Ecce
675 1562 752 1604 tibi
787 1576 856 1604 111.
892 1563 988 1603 Non
1022 1560 1144 1602 Febr.
1180 1576 1296 1602 mane
1333 1561 1468 1616 accepi
1503 1561 1639 1602 literas
1673 1566 1778 1611 tuas,
1814 1560 1909 1601 Phi·
1949 1575 1962 1597 5

133 1636 276 1686 lotimi,
312 1635 467 1686 Furnii,
503 1636 690 1677 Curionis
724 1635 774 1677 ad
810 1635 1021 1685 Furnium,
1057 1633 1208 1689 quibus
1255 1632 1397 1674 irridet
1438 1633 1487 1674 L.
1522 1634 1703 1675 Caesaris
1745 1633 1909 1688 legatio-

133 1722 237 1749 nem.
273 1707 396 1749 Plane
429 1708 607 1763 oppressi
641 1707 838 1757 videmur,
870 1722 943 1747 nec
978 1705 1077 1762 quid
1113 1705 1274 1746 consilii
1308 1706 1478 1761 capiam,
1515 1706 1613 1757 scio,
1648 1721 1721 1747 nec
1756 1705 1909 1746 meller-

135 1780 223 1822 cule
257 1780 306 1822 de
339 1796 402 1822 me
434 1779 592 1822 laboro:
630 1780 678 1822 de
711 1781 847 1836 pueris
881 1779 979 1835 quid
1014 1794 1129 1834 agam
1163 1794 1245 1820 non
1278 1777 1421 1820 habeo.
1456 1778 1638 1834 Capuam
1662 1785 1797 1820 tamen
1822 1794 1909 1834 pro-

135 1852 342 1894 ficiscebar
375 1852 473 1894 haec
509 1852 703 1903 scribens,
739 1868 818 1907 quo
852 1852 1011 1893 facilius
1046 1851 1093 1892 de
1128 1850 1311 1906 Pompeii
1345 1849 1465 1892 rebus
1500 1865 1794 1905 cognoscerem.

177 2000 197 2031 2
218 2001 361 2033 scribam.
389 2001 472 2042 Quin
496 2020 536 2023 —
558 2003 576 2033 3
600 2012 661 2033 non
684 2002 768 2034 dedi.
793 2021 831 2025 -

181 2133 241 2175 Qui
263 2132 358 2164 etiam
381 2151 422 2157 —
443 2143 506 2165 non
529 2133 677 2165 dederim.
703 2133 789 2166 Cum
803 2133 999 2165 Wesenber-
1044 2133 1137 2163 etiam
1162 2150 1203 2154 —
1225 2130 1383 2168 dederam,
1408 2141 1466 2172 pro
1489 2140 1554 2172 quo
1578 2131 1615 2168 is,
1640 2131 1697 2172 qui
1719 2132 1790 2162 cod.
1819 2131 1908 2163 Med.

139 2186 205 2227 gio,
227 2185 367 2217 Emend.
390 2195 422 2227 p.
445 2185 505 2217 123
529 2195 596 2217 non
619 2186 747 2223 dubito,
768 2185 850 2226 quin
866 2185 912 2216 ita
925 2185 1001 2216 scri-
1044 2185 1198 2221 correxit,
1221 2183 1295 2214 dedi
1317 2184 1404 2214 male
1427 2184 1584 2225 reposuit.
1619 2184 1769 2225 Epistola
1798 2190 1908 2216 autem

139 2239 285 2271 bendum
308 2239 360 2277 sit,
382 2244 418 2270 ut
440 2239 625 2270 Lambinus
650 2239 684 2270 in
707 2239 936 2270 Tornaesiano
954 2239 1001 2270 in-
1021 2266 1023 2285 Χ
1045 2237 1103 2268 illa
1126 2237 1167 2268 ad
1188 2236 1341 2268 Atticum
1365 2245 1432 2267 non
1455 2236 1532 2267 data
1553 2246 1621 2267 non
1644 2242 1803 2277 superest.

139 2293 241 2325 venit.
284 2293 421 2325 Leviter
442 2294 659 2334 depravatum
682 2299 731 2325 est
753 2293 787 2323 in
812 2292 903 2323 aliis:
927 2287 1024 2333 quini
1089 2289 1249 2321 Contionis
1272 2290 1473 2321 voluntatem.
1498 2289 1549 2322 Cf.
1573 2299 1622 2330 ep.
1647 2290 1695 2325 IS,
1721 2290 1749 2320 1.

747 2411 837 2451 XX.
903 2411 969 2464 (A.
1012 2408 1057 2449 U.
1096 2409 1137 2449 o.
1177 2407 1294 2460 705.)

205 2525 243 2564 l.
279 2524 631 2578 Breviloquentem
665 2524 744 2565 iam
780 2539 841 2565 me
875 2529 1034 2578 tempus
1068 2522 1202 2576 ipsum
1226 2519 1337 2562 facit.
1374 2521 1518 2562 Pacem
1546 2522 1651 2562 enim
1678 2521 1907 2576 clespe1·avi;

141 2596 289 2637 bellum
322 2598 451 2638 nostri
483 2598 638 2638 nullum
677 2597 976 2638 administrant.
1028 2594 1133 2635 Cave
1168 2594 1276 2635 enim
1310 2599 1428 2649 putes
1461 2594 1682 2648 quidquam
1718 2609 1802 2635 esse
1836 2595 1909 2634 mi-

139 2669 247 2710 noris
282 2669 344 2710 his
378 2669 627 2720 consulibus,
663 2684 833 2723 quorum
867 2683 960 2724 ergo
1006 2682 1073 2722 spe
1119 2665 1312 2707 audiendi
1357 2666 1510 2719 aliquid
1555 2671 1593 2706 et
1640 2667 1909 2720 cognoscendi

183 2836 200 2874 ξ
225 2835 254 2864 1.
279 2833 402 2864 Bellum
425 2833 527 2864 nostri
556 2833 677 2863 nullum
708 2833 935 2864 administrant
966 2842 1000 2863 o:
1023 2865 1025 2872 ¹
1047 2833 1137 2864 Med.
1161 2833 1387 2864 auctoritatem
1409 2833 1609 2873 proscribere
1631 2833 1764 2873 aliquid,
1780 2833 1910 2873 quodsi

144 2886 226 2917 nihil
248 2891 360 2926 agunt,
384 2896 450 2926 quo
475 2895 556 2926 opus
580 2891 627 2917 est
650 2886 691 2916 ad
713 2886 850 2917 bellum.
1023 2876 1026 2942 l
1051 2896 1106 2927 eqo
1135 2886 1304 2923 retinetur,
1321 2896 1387 2917 non
1405 2890 1510 2926 potest
1523 2886 1665 2918 defendi.
1692 2886 1825 2927 Quorum
1839 2897 1911 2928 eryo

186 2938 249 2968 His
282 2938 468 2969 consulibus.
498 2938 583 2969 Sunt
612 2938 726 2968 dativi·
762 2938 856 2968 Nihil
893 2938 1002 2969 minus
1025 2958 1028 3011 1
1055 2946 1103 2973 est
1118 2952 1245 2982 quormn
1274 2951 1370 2971 causa
1395 2946 1426 2972 et
1449 2942 1547 2973 verba
1561 2952 1612 2982 spe
1626 2941 1778 2972 audiendi
1791 2942 1914 2984 aliquio!

144 2995 258 3020 curant
279 3000 380 3031 quam
405 2990 540 3021 bellum.
1053 2999 1116 3025 cet.
1153 2993 1311 3030 indicant,
1341 3003 1406 3034 qua
1431 3003 1465 3024 re
1488 2994 1648 3034 impulsus
1670 2994 1817 3034 Capuam
1839 3005 1910 3034 pro-

188 3042 323 3083 Quorum
346 3054 418 3085 erqo
440 3054 493 3085 spe
515 3043 666 3074 audiendi
688 3043 822 3084 aliquid.
845 3044 916 3074 Etsi
933 3054 1005 3085 erqo
1055 3045 1156 3077 fectus
1173 3045 1225 3076 sit.
1246 3045 1391 3077 Orellius
1413 3046 1525 3076 citavit
1543 3046 1645 3086 Verg.
1668 3046 1755 3077 Aen.
1774 3047 1835 3077 VI.
1852 3047 1912 3078 670

146 3105 212 3126 non
236 3096 269 3126 in
299 3096 411 3127 codice
441 3096 614 3127 inventum
646 3100 702 3133 est,
726 3096 772 3126 sic
797 3102 906 3127 tamen
930 3105 1007 3127 cum
1054 3097 1145 3127 illius
1174 3106 1247 3138 erqo
1259 3096 1406 3128 venimus.
1431 3096 1480 3129 Cf.
1496 3107 1579 3138 quae
1594 3098 1706 3129 monui
1721 3099 1761 3129 ad
1779 3099 1844 3129 111.
1862 3100 1910 3130 23

146 3148 246 3180 Bosio
276 3160 333 3190 pro
363 3160 417 3188 eqo
446 3150 587 3181 scribere
622 3150 734 3187 malui,
767 3160 865 3191 (uiam
895 3156 1007 3182 contra
1029 3134 1031 3161 Μ’
1056 3153 1085 3182 2.
1105 3152 1161 3183 Ad
1173 3162 1227 3182 vv.
1247 3153 1279 3182 ut
1289 3161 1370 3182 eram
1387 3152 1490 3182 iussus
1513 3151 1553 3182 cf.
1578 3152 1608 3182 h.
1627 3152 1646 3182 l.
1666 3152 1713 3189 16,
1733 3153 1752 3182 2
1771 3158 1802 3184 et
1820 3148 1866 3189 17,
1884 3155 1910 3183 5.
