2117 3533
762 164 870 206 LIB.
904 164 939 204 I.
973 163 1057 204 ΕΡ.
1095 163 1165 203 18.
1786 158 1838 199 57

89 317 176 344 rum
208 316 289 342 non
322 301 492 356 putavit.
530 302 570 340 4.
604 300 678 341 Est
711 302 843 340 autem
878 298 923 339 C.
959 297 1188 339 Herennius
1222 297 1385 351 quidam
1418 295 1605 338 tribunus
1628 294 1698 350 pl„
1726 309 1843 349 quem

88 381 135 417 tu
180 374 344 415 fortasse
388 389 438 414 110
478 374 585 414 nosti
630 372 791 427 quidem
805 390 816 423 5
860 372 1020 412 tametsi
1064 375 1175 426 potes
1215 385 1352 421 nosse3
1396 369 1556 410 tribulis
1600 368 1707 409 enim
1748 372 1844 408 tuus

89 453 161 498 est,
196 452 236 488 et
269 448 426 497 Sextus,
461 451 572 501 pater
605 446 704 496 eius,
739 460 882 485 numos
916 443 1027 484 vobis
1073 443 1249 484 dividere
1298 441 1464 483 solebat.
1521 441 1562 482 Is
1603 440 1652 481 ad
1687 440 1844 495 plebem

89 522 135 562 P.
170 519 354 561 Clodium
387 520 563 560 traducit
595 519 780 572 idemque
814 518 902 568 fert,
937 522 983 558 ut
1015 516 1223 557 universus
1256 515 1428 570 populus
1459 515 1503 555 in
1536 529 1674 569 campo
1696 513 1844 555 Martio

89 592 322 647 suffragium
355 592 403 632 de
436 607 477 632 re
512 592 643 633 Clodii
677 591 790 632 ferat.
836 590 959 631 Hunc
994 604 1065 643 ego
1101 589 1236 643 accepi
1268 588 1311 628 in
1345 592 1502 637 senatu,
1534 591 1580 626 ut
1614 587 1719 627 soleo
1730 605 1740 637 3
1776 586 1844 627 sed

87 665 190 707 nihil
222 669 282 706 est
313 664 382 705 illo
415 664 576 705 homine
608 664 770 705 lentius.
808 665 848 703 5.
883 662 1072 703 Metellus
1105 667 1165 703 est
1198 661 1337 702 consul
1360 660 1543 715 egregius
1566 664 1606 700 et
1628 675 1702 701 1105
1725 664 1844 710 amat,

89 738 157 780 sed
189 738 395 779 imminuit
439 738 716 778 auctoritatem
758 751 884 786 suam,
935 735 1041 789 quod
1082 734 1205 776 habet
1248 735 1348 775 (11015
1388 749 1507 774 031153
1550 732 1847 788 promulgatum

88 811 189 853 illud
226 811 367 866 [idem]
405 810 452 850 (10
487 809 642 851 Clodio.
692 809 789 849 Auli
823 813 953 849 autem
988 807 1106 858 filius,
1142 822 1164 847 0
1198 806 1255 847 (111
1286 806 1548 847 immortales!
1586 820 1705 859 quam
1736 805 1848 859 igna-

88 899 161 924 vus
195 898 240 924 ac
274 883 358 924 sine
393 882 525 923 animo
560 882 693 922 miles!
731 896 850 935 quam
883 880 1043 936 dignUS,
1079 880 1148 935 qui
1181 879 1384 930 Palicano,
1431 878 1535 919 sicut
1567 877 1676 928 facit,
1722 892 1765 918 05
1798 876 1848 918 ad

128 1039 147 1068 8
168 1036 252 1068 z'dem
273 1036 344 1068 sine
367 1036 473 1069 obelo.

88 1188 204 1225 hibuit,
227 1197 413 1229 magnaque
443 1189 644 1220 contumelia
673 1188 790 1220 affecit.
833 1189 949 1220 Manu-

88 1243 153 1274 tius
176 1243 376 1284 comparavit
399 1252 416 1274 e
447 1243 542 1274 Verr.
575 1244 601 1274 1.
635 1245 693 1274 123
722 1244 803 1274 haec
832 1244 947 1274 verba:

89 1299 237 1339 Superbia
259 1310 319 1340 qua
332 1298 448 1338 fecerit,
478 1299 545 1340 quis
574 1300 729 1340 issum-aff?
759 1299 949 1340 quemadmo-

89 1351 158 1382 dum
188 1351 217 1381 is
244 1351 454 1382 tenuissimum
478 1362 622 1393 quemque
644 1352 871 1392 contempserit,
900 1352 949 1382 de-

87 1405 235 1445 spexerit,
265 1404 395 1435 liberum
426 1415 493 1435 esse
516 1415 672 1446 nunquam
703 1405 859 1436 emerit?
900 1405 949 1437 Cf.

90 1468 220 1499 quoque
241 1458 334 1490 Fam.
358 1459 437 1490 VII.
469 1459 517 1496 27,
548 1460 583 1490 2:
614 1459 678 1497 Me,
702 1462 833 1500 propser
864 1471 951 1501 quem

89 1511 187 1542 celeri
204 1511 294 1542 liberi
310 1514 390 1549 sunt,
407 1512 462 1542 tibi
476 1512 604 1542 liberum
619 1523 679 1543 non
694 1513 790 1543 visam
805 1512 949 1543 demiror.

133 1566 151 1605 ξ
174 1567 202 1596 4.
227 1565 275 1597 Cf.
300 1576 348 1606 ep.
372 1576 438 1607 seq.
464 1567 481 1606 ξ
505 1568 536 1596 5.
559 1586 599 1589 -
623 1567 659 1598 P.
692 1567 826 1598 Clodius
855 1568 950 1608 patri-

91 1619 159 1650 cius
182 1620 223 1650 ad
244 1620 376 1660 plebem
398 1621 536 1652 transire
559 1621 718 1661 cupiebat,
742 1626 777 1651 ut
799 1622 950 1652 tribunus

91 1672 135 1712 pl.
152 1672 223 1703 fieri
246 1677 277 1703 et
298 1682 368 1703 rem
382 1673 548 1713 publicam
570 1674 675 1713 magis
699 1683 819 1705 vexare
834 1679 950 1714 posset.

93 1724 270 1765 Propterea
299 1726 428 1766 plebeio
457 1727 596 1763 cuidam,
627 1727 683 1767 qui
713 1727 746 1757 in
784 1732 864 1758 orat.
894 1738 951 1768 pro

93 1779 200 1816 domo,
224 1781 272 1810 34.
297 1779 334 1810 P.
350 1780 509 1811 Fonteius
525 1781 715 1821 appellatur,
732 1782 952 1821 arrogandum

93 1841 127 1862 se
149 1832 247 1869 dedit,
271 1831 409 1863 Caesare
431 1833 611 1869 annitente,
636 1833 726 1864 Suet.
751 1833 841 1864 Caes.
865 1835 915 1865 20.

136 1884 251 1915 Nzcmos
284 1884 367 1915 vobis
390 1885 529 1915 (lividere
552 1886 683 1916 solebat.
706 1886 827 1918 Fuerat
852 1887 953 1927 igitur

94 1938 221 1976 divisor,
244 1940 284 1970 de
308 1949 372 1979 quo
402 1940 576 1970 hominum
605 1950 725 1980 genere
755 1941 825 1972 dixi
857 1951 953 1982 supra

95 1993 136 2022 ad
158 2002 207 2033 ep.
233 1993 281 2030 16,
306 1993 354 2024 12.

140 2045 178 2075 Ut
200 2045 364 2076 universus
383 2046 517 2086 populus
538 2046 690 2087 —ferat.
714 2047 952 2088 Arrogationes

95 2099 217 2130 fiebant
238 2099 273 2129 in
296 2100 437 2130 comitiis
459 2100 607 2137 curiatis,
631 2101 821 2132 Herennius
844 2106 952 2133 autem

73 2147 178 2189 Ιι11111,
201 2156 236 2182 ut
264 2153 303 2183 de
333 2154 540 2191 arrogatione
571 2154 680 2185 Clodii
709 2155 864 2195 suffragia
892 2155 952 2186 fer-

95 2211 208 2236 rentur
230 2205 264 2236 in
287 2206 428 2237 comitiis
450 2207 590 2237 tributis.

137 2257 231 2289 Hunc
259 2269 314 2299 eqo
342 2259 449 2299 accepi
477 2277 518 2281 —
546 2261 580 2289 ut
608 2259 692 2290 soleo
721 2270 753 2290 o:
783 2260 953 2291 hominem

96 2320 208 2342 severe
230 2311 398 2349 castigavi,
421 2316 456 2341 ut
485 2312 575 2342 soleo
604 2312 764 2343 eiusmodi
792 2313 952 2344 homines.

96 2363 244 2404 Accipere
266 2365 379 2395 eadem
402 2365 435 2395 vi
457 2365 591 2405 ponitur
613 2365 646 2395 in
670 2366 756 2396 dicto
785 2366 954 2406 Archytae

97 2417 137 2447 ad
160 2416 295 2447 vilicmn
318 2417 414 2447 Tusc.
437 2417 497 2447 IV.
522 2417 571 2449 78.
612 2417 677 2457 Quo
700 2421 731 2448 te
753 2418 841 2449 modo
870 2428 953 2449 acee-

92 2469 218 2510 pissem,
242 2469 305 2500 nisi
326 2470 429 2501 iratus
451 2480 557 2501 essem.

138 2523 231 2553 Nihil
252 2525 299 2553 est
320 2523 377 2554 illo
399 2523 520 2554 homine
542 2524 671 2555 lentius.
697 2524 814 2555 Lentus
836 2526 954 2556 dicitur

97 2575 134 2612 is,
159 2575 214 2615 qui
236 2586 303 2606 non
326 2582 477 2607 movetur
497 2576 663 2614 conviciis,
690 2587 756 2608 non
780 2577 876 2609 facile
898 2588 953 2609 ex-

98 2627 245 2664 ardescit,
268 2628 429 2668 patienter
449 2629 713 2669 obiurgationem
735 2634 767 2660 et
780 2630 954 2661 maledicta

98 2680 168 2711 fert.
193 2680 281 2712 Orat.
304 2682 348 2712 Π.
373 2682 441 2712 190.
471 2682 576 2723 Neque
598 2682 677 2713 enim
691 2683 797 2722 facile
819 2686 865 2714 est
881 2694 954 2724 per-

87 2732 199 2773 ficere,
222 2735 255 2763 ut
278 2733 438 2764 irascatur
461 2734 491 2764 ei
513 2735 562 2764 eui
585 2737 619 2765 ίιι
641 2735 718 2765 velis
739 2735 844 2773 iudex,
867 2737 896 2766 si
920 2739 954 2766 tu

98 2785 162 2825 ipse
183 2785 219 2816 z'd
238 2786 323 2817 lente
343 2786 437 2826 ferre
465 2787 600 2818 videare.
633 2788 766 2829 Fragm.
781 2812 784 2814 ,
798 2790 954 2821 Hortens.

99 2838 138 2871 76
161 2838 216 2870 Or.
238 2839 291 2880 qui
312 2850 399 2880 quum
418 2840 563 2879 publicas
591 2841 727 2872 iniurias
755 2843 840 2874 lente
868 2843 956 2874 tulis-

98 2894 154 2929 set,
176 2901 264 2923 suam
285 2903 347 2923 non
375 2894 461 2924 tulit.
491 2894 531 2932 Q.
555 2894 593 2925 fr.
616 2896 642 2925 Ι.
674 2896 700 2932 1,
741 2898 791 2927 38.
819 2899 956 2929 omnino

99 2956 166 2977 non
188 2946 283 2977 irasci
305 2946 505 2977 lentitmlassnis
528 2957 595 2979 esse
618 2949 746 2980 dicitur.

143 3000 162 3039 ξ
185 3001 213 3029 5.
240 2999 330 3039 Quod
350 3000 441 3030 habet
464 3001 558 3031 -de
575 3001 692 3032 Clodio.
715 3003 859 3043 Egregie
870 3005 955 3036 hanc

102 3052 277 3084 lectionem
299 3053 479 3084 vindicavit
509 3053 652 3086 Orellius
683 3055 716 3086 in
747 3057 856 3088 adnot.
885 3059 956 3089 crit.

101 3105 141 3136 ad
162 3105 194 3136 h.
217 3106 238 3136 l.
261 3105 419 3137 Formula
439 3106 519 3137 dieis
532 3117 639 3144 causa,
655 3118 738 3148 quae
753 3114 880 3149 praeter
892 3111 955 3142 11.1.

101 3162 149 3188 est
170 3159 255 3199 apud
277 3159 471 3191 Ciceronem
495 3159 590 3191 Verr.
614 3161 675 3191 IV.
699 3163 748 3198 53,
763 3163 849 3204 apud
860 3163 955 3196 Varr.

994 1188 1031 1220 de
1054 1189 1093 1220 L.
1116 1189 1154 1220 L.
1178 1190 1238 1220 VI.
1263 1190 1300 1220 (31
1325 1195 1356 1221 et
1388 1191 1437 1227 95,
1469 1191 1649 1222 illustratur
1678 1201 1697 1221 a
1728 1191 1850 1228 multis,

993 1252 1075 1282 quos
1099 1242 1252 1273 Schottus
1275 1248 1306 1273 et
1338 1243 1489 1277 Ernstius
1519 1244 1654 1274 laudant
1683 1244 1724 1274 ad
1753 1242 1850 1274 Corn.

993 1296 1064 1325 Att.
1088 1296 1116 1325 8.
1153 1294 1247 1333 Quae
1268 1295 1422 1326 Klotzius
1444 1297 1484 1326 de
1507 1305 1544 1326 ea
1566 1297 1746 1336 disputasse
1775 1296 1851 1326 dici-

994 1353 1046 1378 tur
1068 1348 1102 1378 in
1124 1348 1210 1378 Nov.
1232 1348 1324 1379 Ann.
1348 1349 1469 1379 Philol.
1493 1348 1628 1380 XXIII.
1652 1360 1681 1390 p.
1705 1350 1764 1380 210
1784 1359 1850 1389 seq.

994 1408 1061 1428 non
1103 1398 1181 1428 vidi.
1217 1398 1405 1438 Respondet
1441 1397 1495 1428 Gr.
1535 1395 1638 1442 λόγου
1669 1396 1765 1430 ἕνεκα
1802 1409 1851 1439 ap.

995 1455 1078 1486 Plat.
1102 1456 1237 1487 Theaet.
1261 1467 1290 1496 p.
1316 1457 1373 1486 191
1399 1455 1444 1492 C„
1470 1455 1594 1487 Criton.
1624 1467 1654 1497 p.
1678 1456 1717 1486 46
1740 1456 1790 1493 D.‚
1821 1462 1853 1487 et

994 1501 1091 1542 ὁσίας
1119 1503 1215 1537 ἕνεκα
1240 1506 1273 1536 111
1297 1505 1413 1545 fragm.
1436 1505 1638 1536 comicorum
1660 1515 1710 1546 ap.
1729 1506 1852 1537 Athen.

996 1562 1074 1592 VII.
1097 1573 1127 1602 p.
1150 1563 1209 1592 311
1234 1562 1272 1593 D.
1297 1568 1327 1593 et
1351 1563 1449 1593 VIII.
1463 1574 1492 1603 p.
1509 1563 1568 1593 359
1587 1563 1640 1600 A„
1656 1568 1767 1594 nostro
1782 1574 1854 1595 voor

994 1616 1032 1646 de
1060 1617 1137 1653 lem,
1167 1617 1351 1657 diciturque
1381 1619 1421 1648 de
1451 1627 1498 1654 eo,
1530 1618 1619 1658 quod
1648 1628 1714 1648 11011
1746 1619 1782 1649 tit
1812 1628 1854 1650 ex

996 1669 1098 1700 animi
1121 1670 1291 1707 sententia,
1315 1671 1371 1701 sed
1394 1672 1524 1711 quando
1547 1671 1642 1701 aliter
1671 1680 1767 1710 agere
1797 1671 1855 1702 vix

997 1722 1084 1752 licet.
1130 1722 1169 1752 In
1195 1728 1273 1753 orat.
1298 1734 1327 1763 p.
1351 1724 1438 1754 Mur.
1462 1724 1500 1754 26
1524 1728 1556 1754 ct
1579 1723 1611 1753 in
1636 1723 1722 1754 Plin.
1746 1724 1789 1754 H.
1813 1724 1855 1755 N.

996 1774 1149 1805 XXVII.
1173 1775 1199 1811 I,
1217 1774 1264 1812 27,
1281 1775 1338 1805 ubi
1354 1776 1492 1807 eandem
1510 1776 1686 1806 formula-m
1701 1776 1857 1806 nonnulli

996 1828 1088 1857 codd.
1113 1833 1145 1858 et
1167 1828 1254 1858 editt.
1279 1832 1344 1858 ant.
1368 1828 1536 1865 exhibent,
1559 1839 1647 1859 nunc
1665 1829 1755 1859 aliud
1770 1834 1856 1860 recte

996 1881 1181 1912 restitutum
1203 1886 1260 1912 est.
1304 1883 1343 1912 In
1368 1881 1467 1913 Corn.
1489 1883 1571 1923 Nep.
1596 1883 1616 1913 l.
1640 1893 1666 1913 c.
1690 1893 1748 1923 pro
1771 1883 1856 1913 neeis

997 1945 1094 1966 causa
1124 1935 1278 1967 Cuiacius
1310 1946 1481 1977 perperam
1510 1937 1590 1967 dieis
1625 1947 1722 1967 eausa
1757 1937 1856 1968 scribi

996 1990 1098 2021 iussit.
1128 2010 1169 2014 —
1205 1991 1309 2021 Habet
1332 1992 1564 2031 promulyatunz
1594 2002 1661 2022 11011
1691 2001 1729 2022 eo
1758 1993 1856 2022 modo

996 2044 1119 2074 dictum
1142 2048 1198 2081 est,
1222 2054 1288 2084 quo
1310 2044 1344 2074 in
1369 2045 1444 2075 Vat.
1475 2044 1513 2075 16
1544 2045 1584 2075 de
1614 2045 1771 2075 tribunis:
1802 2045 1855 2074 lca-

996 2097 1128 2127 bmermzz‘
1151 2097 1236 2138 Zeqes
1251 2098 1480 2138 promulyalcw,
1504 2102 1535 2128 et
1564 2097 1660 2128 habeo
1691 2097 1854 2137 eofflnsstum,

996 2151 1164 2191 multaque
1191 2151 1313 2182 similia
1335 2170 1376 2174 —
1398 2161 1475 2181 nam
1503 2151 1659 2182 Metellus
1687 2162 1754 2182 11011
1785 2161 1855 2192 pro-

997 2204 1161 2243 mulgarat
1182 2213 1254 2234 eam
1277 2205 1490 2244 rogationem,
1521 2214 1634 2235 verum
1665 2204 1699 2236 C.
1729 2205 1855 2236 Heren-

997 2253 1072 2283 nius
1095 2271 1136 2275 —-
1150 2253 1207 2283 sed
1222 2253 1313 2283 habet
1331 2258 1378 2284 est
1392 2252 1522 2290 iudicat,
1545 2253 1688 2298 νομίζει,
1712 2258 1748 2284 ut
1762 2254 1855 2284 Fam.

998 2310 1039 2340 V.
1064 2311 1112 2347 20,
1136 2311 1156 2340 2
1176 2310 1207 2340 in
1225 2309 1392 2349 provincia
1413 2310 1543 2340 relictas
1565 2310 1707 2340 rationes
1720 2320 1781 2351 pro
1809 2321 1855 2341 re-

997 2364 1074 2394 lalz's
1096 2364 1219 2394 habere.
1263 2364 1431 2402 Quoniam
1461 2369 1569 2395 autem
1599 2364 1758 2395 iudicium
1787 2366 1855 2397 Me-

997 2418 1077 2454 telli,
1101 2417 1164 2448 nisi
1187 2417 1296 2448 verbis
1326 2417 1533 2448 enuntiatum
1562 2422 1654 2455 esset,
1686 2418 1754 2449 eius
1784 2429 1856 2450 auc-

997 2470 1160 2500 toritatem
1194 2469 1389 2501 imminuere
1418 2480 1485 2500 non
1515 2474 1649 2510 poterat,
1679 2481 1737 2511 pro
1765 2471 1856 2501 habet

996 2522 1205 2553 scribendum
1226 2526 1303 2562 puto
1326 2522 1382 2552 az‘t.
1418 2522 1547 2553 Deinde
1571 2522 1685 2554 Cicero
1708 2534 1774 2554 non
1803 2534 1855 2564 po-

996 2579 1078 2605 terat
1099 2574 1240 2605 scribere
1262 2573 1346 2604 illud
1366 2574 1446 2605 idem
1459 2574 1497 2605 de
1512 2574 1627 2613 Clodio,
1641 2585 1743 2616 quum
1756 2576 1857 2607 vellet

1000 2628 1093 2658 illam
1115 2628 1332 2668 rogationem.
1355 2627 1465 2667 Quare
1494 2628 1574 2659 idem
1598 2638 1615 2660 e
1637 2629 1857 2670 dittographia

1001 2687 1109 2712 ortum
1132 2681 1259 2712 seclusi.

1043 2734 1114 2764 Sine
1130 2733 1234 2765 animo
1250 2733 1348 2765 miles.
1371 2734 1560 2772 Afranium,
1583 2735 1639 2776 qui
1663 2745 1738 2766 cum
1761 2735 1859 2766 Pom-

1002 2787 1075 2828 peio
1096 2787 1131 2817 in
1154 2787 1237 2817 Asia
1258 2787 1465 2825 militaverat,
1488 2792 1568 2819 teste
1587 2788 1675 2818 Plut.
1690 2788 1725 2818 in
1741 2788 1857 2829 Pomp.

1004 2842 1052 2878 34,
1075 2840 1204 2871 militem
1226 2845 1329 2878 vocat,
1364 2851 1429 2881 quo
1456 2841 1561 2881 magis
1591 2841 1659 2872 eius
1689 2841 1858 2881 ignaviam

1004 2899 1103 2925 notet.
1146 2894 1241 2924 Nihil
1270 2894 1359 2925 enim
1391 2895 1425 2925 in
1463 2894 1568 2925 milite
1604 2895 1739 2935 turpius.
1784 2895 1858 2925 Hac

1004 2949 1223 2989 explicatione
1246 2948 1283 2979 P.
1307 2949 1450 2979 Manutii
1471 2949 1549 2980 satis
1577 2948 1764 2980 defenditur
1792 2960 1858 2980 om-

1004 3005 1096 3035 nium
1118 3004 1277 3034 librorum
1299 3004 1459 3044 scriptura
1481 3004 1633 3034 adversus
1653 3004 1860 3044 ingeniosam

1004 3056 1196 3088 Bandinelli
1217 3056 1445 3096 suspicionem,
1469 3056 1623 3096 legentis:
1653 3067 1743 3098 quam
1772 3057 1859 3098 imea-

1002 3120 1058 3140 vus
1078 3119 1117 3139 ae
1137 3109 1206 3140 sine
1227 3108 1331 3139 animo
1352 3108 1512 3150 mulierque
1533 3109 1658 3149 dissuas,
1680 3114 1740 3141 cet.

1045 3162 1208 3193 Palicano.
1231 3163 1281 3195 De
1304 3163 1365 3194 1100
1378 3163 1514 3195 homine
1533 3163 1605 3196 dixi
1620 3164 1660 3195 ad
1674 3173 1723 3206 ep.
1738 3164 1764 3196 I.
1782 3165 1809 3202 1,
1832 3165 1859 3195 1.
