2117 3533
783 164 891 206 LIB.
925 164 960 205 I.
995 164 1079 206 ΕΡ.
1116 165 1187 205 16.
1808 163 1862 202 43

106 301 260 341 homini
292 300 372 341 iam
406 301 558 356 Syriam
592 299 736 350 ademi,
771 303 953 340 senatum
987 299 1037 340 ad
1069 298 1279 354 pristinam
1315 312 1427 339 suam
1469 297 1718 339 severitatem
1756 311 1865 338 revo-

108 374 193 415 cavi
226 378 345 428 atqne
379 372 579 414 abiectum
613 371 797 422 excitavi,
833 371 1019 412 Clodium
1052 375 1301 427 praesentem
1334 370 1433 425 fregi
1466 371 1509 411 in
1554 374 1697 411 senatu
1741 385 1866 424 quum

107 447 521 502 oratione⁵²perpetua,
556 446 786 501 plenissima
819 445 1039 499 gravitatis,
1074 450 1161 486 tum
1195 444 1451 485 altercatione
1481 444 1690 495 eiusmodi,
1716 460 1763 485 ex
1787 459 1866 499 qua

106 520 199 561 licet
231 534 358 575 pauca
391 519 592 573 degustes.
657 520 764 560 Nam
798 524 926 559 cetera
960 534 1039 559 non
1073 523 1241 573 possunt
1274 517 1419 558 habere
1452 532 1582 571 neque
1615 517 1696 557 vim
1736 532 1865 572 neque

106 596 369 642 venustatem,
403 596 554 632 remoto
586 591 655 632 1110
689 591 823 632 studio
858 591 1140 641 contentionis,
1176 606 1294 645 quem
1327 587 1505 648 ἀγῶνα
1540 604 1608 629 vos
1642 588 1865 644 appellatis.
1897 599 1909 622 5

110 667 149 705 9.
183 665 304 714 Nam,
338 669 385 705 ut
417 664 525 705 Idib.
560 665 681 706 Maiis
713 665 756 705 in
790 669 973 705 senatum
1007 665 1280 714 convenimus,
1316 668 1478 718 rogatus
1512 678 1584 717 ego
1626 663 1865 704 sententiam

106 737 232 778 multa
265 737 349 778 dixi
382 738 430 778 de
464 753 619 778 summa
651 753 692 778 re
724 737 887 792 publica
921 742 1039 792 atque
1073 737 1140 778 ille
1172 738 1283 778 locus
1317 737 1509 778 inductus
1543 751 1565 776 a
1598 751 1659 776 me
1704 741 1765 777 est
1808 736 1867 776 di-

106 810 277 850 vinitus:
319 837 338 860 Ι]
350 825 400 850 110
433 825 514 851 una
547 810 663 865 plaga
697 815 859 864 accepta
892 816 1023 864 patres
1065 810 1279 865 conscripti
1321 808 1591 858 conciderent,
1633 824 1682 849 ne
1727 808 1867 849 defice-

106 886 194 922 rent
204 900 214 932 ;
250 882 396 922 vulnus
430 897 513 923 esse
548 882 759 932 eiusmodi,
794 882 902 937 quod
937 882 1034 923 mihi
1068 898 1140 923 nec
1176 881 1511 923 dissimulandum
1544 896 1616 921 nec
1660 881 1866 936 pertimes-

106 955 278 995 cendum
310 955 511 997 videretur
525 974 536 1007 3
571 971 619 996 ne
655 958 739 1010 (aut
761 956 977 996 metuendo
1000 956 1261 1010 ignavissimi)
1297 960 1366 996 aut
1393 954 1616 1009 ignorando
1639 953 1910 994 stultissimiio

104 1027 394 1079 iudicaremur5
429 1027 490 1069 bis
524 1028 753 1069 absolutum
786 1043 870 1069 esse
903 1028 1137 1078 Lentulum,
1179 1027 1240 1068 bis
1282 1027 1510 1077 Catilinam,
1553 1027 1661 1066 hunc
1702 1025 1866 1066 tertium

105 1101 184 1141 iam
217 1116 301 1141 esse
335 1117 356 1142 a
389 1101 592 1143 iudicibus
625 1102 667 1142 111
701 1117 783 1142 rem
816 1101 1019 1156 publicam
1051 1101 1289 1142 immissum.
1354 1101 1487 1150 Erras,
1530 1099 1660 1150 Clodi,
1702 1114 1782 1140 non
1826 1105 1865 1139 te

104 1173 257 1215 iudices
290 1174 396 1224 urbi,
432 1175 498 1215 sed
540 1175 687 1215 carceri
730 1179 996 1224 reservarunt,
1041 1189 1170 1229 neque
1213 1179 1253 1214 te
1297 1173 1466 1214 retinere
1510 1173 1553 1213 in
1594 1173 1755 1213 civitate
1797 1173 1865 1214 sed

106 1247 244 1287 exsilio
277 1247 431 1301 privare
465 1247 693 1288 voluerunt.
757 1246 1041 1298 Quamobrem,
1076 1251 1208 1301 patres
1243 1246 1472 1301 conscripti,
1514 1245 1653 1299 erigite
1696 1246 1863 1296 animos,

105 1320 273 1361 retinete
306 1325 477 1360 vestram
512 1319 765 1374 dignitatem.
800 1320 941 1360 Manet
973 1319 1042 1360 illa
1074 1320 1118 1359 in
1151 1334 1191 1359 re
1225 1318 1385 1373 publica
1414 1318 1609 1359 bonorum
1634 1319 1908 1370 consensi0315

105 1393 216 1435 dolor
249 1393 415 1435 accessit
449 1392 563 1434 bonis
597 1394 705 1444 viris,
741 1394 868 1434 virtus
901 1408 982 1433 non
1007 1398 1067 1433 est
1091 1393 1304 1433 imminuta
1314 1411 1324 1444 3
1351 1393 1452 1433 nihil
1478 1397 1537 1433 est
1561 1392 1697 1433 damni
1714 1391 1865 1432 factum

104 1466 212 1515 novi,
247 1465 329 1516 sed,
364 1465 471 1520 quod
505 1470 602 1514 erat,
636 1466 846 1506 inventum
880 1470 953 1506 est.
989 1466 1039 1506 In
1071 1465 1192 1506 unius
1226 1465 1400 1506 hominis
1433 1464 1579 1520 perditi
1602 1464 1754 1505 iudicio
1777 1465 1865 1519 plu-

104 1555 165 1581 res
198 1539 346 1580 similes
380 1539 525 1594 reperti
559 1539 698 1580 sunt.”

104 1612 225 1653 tolam
265 1612 425 1653 inclusi.

105 1780 155 1806 ret
178 1774 328 1811 Senatus,
353 1774 454 1805 effeci.
478 1776 518 1805 de
540 1786 632 1815 prov.
647 1786 735 1806 cons.
751 1776 806 1808 37:
823 1776 875 1818 qui
891 1787 961 1807 ‹⁷021-

105 1832 156 1862 εκῑ
177 1831 252 1862 Kal.
276 1831 348 1861 Ian.
379 1831 492 1861 habere
516 1831 711 1872 provinciam
741 1832 841 1869 debet,
872 1832 899 1862 is
931 1835 963 1863 (ct

106 1896 171 1916 eam
194 1885 389 1926 desponsam,
411 1896 469 1915 non
494 1885 651 1916 decretam
666 1886 780 1916 habere
797 1886 964 1917 videatur-⁹⁹

108 1940 134 1969 I.
155 1938 193 1969 F.
216 1938 316 1969 Gron.

150 1991 261 2022 Oratio
290 1994 445 2032 perpetua
488 2002 583 2032 saepe
622 1993 797 2033 opponitur
832 1993 965 2024 alterca-

106 2044 195 2075 tioni.
218 2045 296 2075 Vid.
318 2045 485 2076 Drakenb.
508 2046 548 2076 ad
570 2046 644 2076 Liv.
666 2046 728 2076 IV.
745 2046 772 2081 6,
790 2047 817 2076 1.
831 2065 873 2068 -
887 2046 965 2077 Cae-

107 2105 213 2130 terum
244 2099 428 2139 fragmenta
455 2100 554 2130 huius
583 2100 740 2131 orationis
771 2107 802 2131 et
832 2101 964 2132 alterca—

108 2152 205 2183 tionis
229 2163 245 2184 e
268 2153 468 2191 Quintiliani
490 2154 516 2184 1.
533 2153 582 2190 O„
600 2160 631 2184 et
644 2154 870 2194 Palimpsestis
884 2154 963 2185 Am-

108 2206 259 2236 brosiano
296 2212 327 2236 et
363 2207 562 2237 Taurinensi
598 2207 745 2243 collecta,
785 2207 964 2247 explicavit

108 2258 181 2288 Car.
203 2258 339 2289 Beierus
362 2259 396 2288 in
418 2258 551 2298 Fragm.
575 2258 665 2290 Orat.
688 2258 889 2298 1).71—120.
914 2259 964 2290 Cf.

107 2312 176 2343 Cic.
206 2311 288 2352 Opp.
318 2313 367 2343 ed.
398 2311 499 2343 Orell.
529 2313 591 2342 IV.
622 2312 786 2344 947—950
819 2318 850 2343 et
885 2313 964 2343 Hal-

106 2366 164 2397 mii
187 2366 300 2406 Symb.
323 2367 363 2397 ad
385 2368 512 2398 emend.
536 2367 652 2407 fragm.
675 2378 705 2408 p.
731 2368 767 2397 15
792 2377 881 2408 seqq.

148 2419 267 2464 ἀγῶνα
296 2430 327 2450 o:
359 2426 524 2451 certamen
560 2421 699 2451 forense.
745 2420 795 2451 Cf.
831 2421 965 2452 Ernesti

107 2480 203 2510 lexic.
228 2479 370 2510 technol.
392 2480 503 2510 Latin.
526 2481 609 2511 rhet.
633 2491 662 2521 p.
686 2481 736 2511 89.

149 2534 167 2573 ξ
190 2534 218 2563 9.
259 2532 302 2563 De
323 2543 439 2563 summa
469 2533 549 2573 repb.
586 2533 723 2574 Semper
751 2534 784 2564 in
813 2535 874 2565 hae
904 2535 964 2565 for-

106 2585 197 2615 mula
217 2595 287 2615 voc.
310 2595 425 2615 summa
450 2592 498 2616 est
521 2586 719 2617 adiectivum
742 2593 774 2617 et
799 2587 965 2626 genitivus

106 2636 200 2676 reipb.
231 2637 352 2677 ubique
385 2639 578 2675 mutandiis;
617 2639 656 2668 de
693 2649 758 2679 quo
794 2639 964 2670 dubitabat

108 2689 243 2720 Beierus
271 2691 311 2720 ad
342 2690 409 2721 Cic.
439 2700 470 2731 p.
501 2691 591 2721 Tull.
621 2692 639 2730 ξ
663 2693 690 2728 8,
720 2698 806 2722 recte
836 2693 965 2723 monuit

108 2742 278 2782 Zumptius
302 2743 342 2772 ad
365 2743 460 2774 Verr.
483 2744 522 2774 L.
546 2744 592 2774 II.
617 2746 666 2774 28.
703 2745 831 2776 Indieat
855 2752 965 2776 autem

107 2795 211 2835 ipsam
233 2795 470 2835 rempublicam
493 2803 524 2826 et
548 2807 710 2827 summam
725 2798 794 2828 eius
812 2798 962 2835 salutem,
986 2814 988 2827 l

107 2858 173 2878 non
197 2848 341 2887 aliquam
363 2848 463 2888 reipb.
486 2855 621 2888 partem.

147 2900 310 2930 Biz-initus
334 2902 461 2941 proprie
485 2902 617 2941 quidem
640 2910 687 2934 est
713 2914 730 2933 α
754 2903 826 2941 Deo,
842 2904 965 2934 numine
987 2919 988 2940 ;

108 2956 236 2983 auclore
243 2967 253 2989 ,1
278 2955 332 2984 sed
359 2954 473 2985 Cicero
496 2964 591 2995 saepe
613 2956 722 2995 posuit
740 2967 798 2997 pro
813 2957 924 2988 divine
941 2967 964 2987 5.

108 3007 282 3047 praeclare.
297 3007 375 3038 Vid.
391 3007 687 3040 (δι-8111711111.
703 3010 828 3041 Eadem
838 3011 965 3041 ratione

109 3060 235 3099 scripsit
257 3060 303 3090 ΙΙ.
327 3061 375 3097 21,
400 3061 433 3091 6;
458 3061 622 3100 Pompeias
644 3061 781 3102 loquitur
803 3063 965 3093 divinitas.
987 3063 988 3066 ’

729 3116 765 3147 P.
791 3116 964 3148 Cornelius

111 3167 274 3200 Lentulus
303 3169 387 3200 Sura
416 3170 503 3201 inter
533 3170 694 3212 principes
730 3171 965 3203 coniurationis

150 3114 209 3144 Bis
231 3115 404 3146 absolutum
428 3126 495 3146 esse
516 3115 692 3146 Lenlulum.

987 2590 988 2593 ¹
1009 2580 1059 2610 cio
1088 2579 1230 2619 ponitur.

987 2642 989 2651 *
1010 2633 1174 2664 lullianis
1197 2632 1341 2662 munivit
1362 2633 1406 2662 A.
1429 2630 1467 2661 G.
1491 2632 1664 2672 Zumptius
1687 2632 1727 2662 ad
1750 2642 1795 2661 or.
1830 2632 1869 2662 de

987 2694 989 2704 ¹
1011 2686 1075 2725 leg.
1098 2695 1166 2725 agr.
1190 2685 1216 2715 Ι.
1242 2685 1290 2715 13.

766 1540 836 1579 10.
872 1538 949 1580 Sed
984 1539 1079 1594 quid
1116 1540 1216 1594 ago?
1250 1555 1374 1594 paene
1417 1539 1635 1579 orationem
1676 1538 1719 1578 in
1763 1539 1865 1594 epis-

482 1611 615 1652 Redeo
657 1611 706 1653 acl
751 1611 1063 1653 altercationem.
1115 1613 1251 1667 Surgit
1300 1612 1526 1667 pulchellus
1569 1627 1681 1666 puer,
1727 1611 1867 1652 obiicit

1008 1778 1230 1815 Catilinariae,
1254 1779 1353 1809 homo
1376 1778 1535 1818 pessimus
1566 1785 1598 1809 et
1627 1788 1643 1808 a
1674 1778 1864 1808 censum-ibus

1008 1839 1123 1863 senatu
1145 1838 1263 1868 motus,
1287 1832 1406 1862 iterum
1429 1841 1512 1868 reus,
1537 1831 1699 1862 incertum
1722 1842 1787 1872 quo
1808 1832 1866 1862 cri-

1009 1885 1108 1921 mine,
1132 1885 1256 1915 iudices
1278 1885 1417 1925 pecunia
1439 1884 1592 1924 corrupit,
1610 1890 1647 1915 ut
1663 1885 1760 1915 tradit
1778 1885 1866 1915 Plut.

1010 1939 1043 1969 in
1068 1938 1136 1969 Cic.
1161 1938 1209 1970 17.

1053 1991 1234 2022 [amissum.
1258 1992 1392 2032 Proprie
1415 1996 1586 2022 venatores
1609 2001 1705 2022 canes
1728 1992 1760 2022 in
1785 1991 1867 2022 feras

1010 2045 1211 2081 immittunt;
1235 2045 1311 2075 hinc
1335 2044 1498 2084 significat
1514 2044 1654 2075 nocendi
1671 2044 1781 2075 animo
1796 2045 1868 2075 mit-

1011 2105 1087 2130 tere.
1125 2099 1237 2129 Verbo
1259 2099 1430 2129 sabos-nare
1453 2098 1567 2128 Cicero
1590 2108 1657 2128 non
1680 2098 1784 2128 utitur
1806 2098 1868 2128 nisi

1013 2153 1052 2183 de
1082 2152 1325 2183 accusatoribus
1362 2158 1394 2182 et
1424 2151 1572 2182 testibus.
1617 2150 1667 2181 cf.
1699 2150 1783 2181 Sest.
1820 2150 1868 2182 78.

1012 2206 1216 2236 Gladiatores
1239 2208 1272 2235 lu
1297 2224 1336 2228 —-
1358 2205 1390 2235 εἰ]
1405 2205 1512 2245 foram
1543 2205 1701 2235 immittas.
1740 2206 1812 2236 (sat.
1842 2206 1868 2235 I.

1009 2258 1057 2295 27,
1081 2258 1233 2289 immissus
1256 2259 1289 2288 ilc
1313 2259 1423 2288 urbem.

1051 2312 1173 2342 liz-silio
1190 2312 1332 2352 ptz‘vare.
1367 2312 1615 2343 Condemnatus
1638 2312 1726 2342 enim
1751 2312 1783 2341 in
1815 2321 1868 2341 ex-

1009 2369 1120 2399 silium
1143 2369 1232 2399 abire
1254 2369 1422 2408 potuisset,
1446 2378 1534 2398 nunc
1564 2367 1609 2397 ad
1635 2367 1764 2408 aliquod
1785 2377 1868 2397 seve-

1009 2422 1076 2452 rius
1111 2421 1256 2452 iecdc'ct'um
1294 2432 1332 2452 ae
1371 2420 1470 2451 maim
1497 2420 1681 2461 supplicium
1712 2419 1870 2450 reservari

1008 2475 1188 2505 videbatur.
1242 2473 1292 2504 Cf.
1333 2474 1450 2513 fragm.
1486 2479 1567 2504 orat.
1602 2473 1636 2503 in
1672 2478 1747 2513 toga
1777 2473 1870 2503 cand.

1009 2528 1072 2558 IV.
1095 2538 1124 2567 p.
1148 2527 1208 2557 942
1237 2526 1339 2558 Orell.
1370 2525 1522 2556 Exsilimn
1551 2526 1582 2556 h.
1614 2526 1634 2556 l.
1664 2536 1721 2566 pro
1752 2525 1870 2556 benefi-

1275 2578 1340 2609 Sed
1368 2578 1499 2618 privare
1528 2588 1562 2609 re
1591 2579 1679 2609 mala
1708 2578 1870 2618 exemplis

1051 2739 1151 2769 Dolor
1173 2738 1306 2768 accessit
1329 2739 1416 2768 bonis
1447 2739 1524 2768 viris
1554 2749 1587 2768 o:
1624 2739 1701 2768 boni
1732 2738 1793 2768 viri
1824 2739 1869 2769 in-

1011 2792 1202 2833 dignatione
1225 2792 1341 2832 repleti
1364 2798 1450 2822 sunt.
1474 2792 1514 2822 In
1539 2792 1634 2822 Verr.
1660 2792 1722 2822 IV.
1739 2793 1795 2822 135
1813 2803 1871 2832 pro

1010 2846 1154 2876 accidere
1176 2847 1264 2886 quod
1286 2846 1325 2876 (le
1348 2846 1459 2876 dolore
1482 2846 1607 2876 dietum
1630 2846 1740 2876 minus
1755 2847 1870 2885 placet,

1011 2900 1063 2930 vel
1088 2898 1236 2928 accedere
1258 2898 1310 2929 vel
1333 2898 1474 2938 accipere
1497 2899 1705 2928 scribendum
1729 2904 1786 2929 est.

1057 2953 1074 2991 ξ
1098 2952 1146 2981 10.
1177 2950 1294 2991 Smyz'l.
1324 2951 1473 2981 Verbum
1497 2951 1644 2981 solemne
1666 2952 1706 2981 de
1736 2951 1784 2988 iis,
1815 2953 1871 2992 qui

1012 3006 1110 3036 verba
1126 3005 1243 3036 facturi
1259 3010 1345 3035 sunt.
1360 3005 1548 3044 Respondet
1561 3004 1616 3035 Gr.
1633 2997 1869 3039 ἀνίστασθαι.

1013 3063 1062 3094 Cf.
1091 3063 1264 3102 Krugerus
1293 3064 1379 3103 apud
1410 3063 1574 3094 Schaefer.
1610 3064 1697 3104 App.
1734 3064 1774 3094 ad
1810 3064 1870 3094 De-

1011 3117 1130 3148 mosth.
1154 3117 1196 3147 V.
1219 3127 1249 3157 p.
1273 3116 1332 3149 762
1355 3127 1401 3158 sq.

1054 3168 1240 3201 Pulc-hellus
1254 3179 1345 3210 puer.
1368 3169 1499 3202 Ironice
1520 3170 1655 3208 dictum,
1678 3181 1743 3212 quo
1762 3176 1795 3202 et
1809 3171 1870 3203 illi-
