2117 3533
176 1019 209 1044 10

176 1388 208 1414 15

238 124 323 164 154
635 128 718 169 ΕΡ.
752 129 828 169 AD
860 130 906 170 Τ.
941 130 1289 173 POMPONIUM
1323 133 1585 176 ATTICUM.

804 315 968 357 XXIV.
1032 316 1094 369 (A.
1135 317 1178 358 U.
1218 319 1258 358 C.
1295 320 1414 373 696.)

304 428 339 466 l.
375 427 518 476 Antea,
553 441 677 480 quum
711 427 761 468 ad
795 443 857 468 me
891 429 1148 483 scripsissetis
1181 436 1311 473 vestro
1352 447 1548 474 consensu
1586 435 1792 476 consulum
1837 436 1991 490 provin-

237 499 317 539 cias
351 503 509 539 ornatas
543 514 641 549 esse,
676 501 751 541 etsi
783 500 947 541 verebar
979 517 1168 556 quorsum
1200 504 1243 544 id
1274 520 1458 546 casurum
1489 511 1605 556 esset,
1628 512 1762 548 tamen
1785 508 1989 563 sperabam

236 586 304 611 vos
338 572 491 625 aliquid
525 572 739 627 aliquando
772 574 919 615 vidisse
953 575 1212 629 prudentius,
1246 582 1382 632 postea
1416 594 1532 632 (1113111
1566 580 1665 621 1111111
1694 585 1732 621 et
1756 580 1908 620 dictum
1931 584 1992 621 est

235 650 275 686 et
309 645 502 700 scriptum
535 647 789 688 veliementer
823 648 1035 689 consilium
1069 654 1245 690 vestrum
1277 651 1527 706 reprehendi,
1562 666 1649 691 511111
1682 652 1854 705 graviter
1886 668 1990 693 com-

234 723 380 768 motus,
416 719 522 772 quod
556 719 624 760 illa
657 720 743 774 ipsa
776 736 864 775 spes
900 721 1058 776 exigua,
1094 737 1193 777 quae
1228 729 1324 773 erat,
1348 724 1550 765 videretur
1573 740 1656 765 esse
1680 725 1849 766 sublata.
1884 727 1987 766 Nam

233 790 267 830 si
300 790 454 831 tribuni
486 791 541 846 pl.
575 791 690 832 nobis
725 797 974 843 succensent,
1011 808 1111 847 quae
1144 800 1275 849 potest
1308 811 1395 850 spes
1429 797 1540 837 esse?>
1594 798 1653 837 Ac
1688 797 1874 838 vident-ur
1905 798 1990 839 iure

233 878 478 915 succensere,
515 880 637 919 quum
671 870 710 905 et
743 871 922 920 expertes
957 867 1114 908 consilii
1148 867 1298 909 fuerint
1331 869 1380 920 ei,
1417 870 1486 922 qui
1519 884 1677 910 causam
1703 875 1878 911 nostram
1906 886 1990 911 5115-

232 941 430 991 ceperant,
465 942 505 978 et
536 942 671 978 nostra
704 939 957 980 concessione
991 955 1147 981 omnem
1183 941 1263 981 vim
1296 942 1358 982 5111
1380 942 1479 982 111115
1503 943 1721 993 amiserint,
1755 944 1986 997 praesertim

234 1023 357 1062 quum
391 1009 447 1049 ita
480 1009 617 1050 dicant
651 1025 690 1051 se
724 1015 860 1051 nostra
894 1026 1013 1052 causa
1046 1012 1218 1053 voluisse
1253 1028 1364 1054 suam
1397 1019 1634 1068 potestatem
1679 1030 1762 1056 esse
1807 1015 1855 1055 de
1899 1031 1990 1057 con-

234 1082 388 1123 sulibus
422 1082 624 1133 ornandis,
659 1097 740 1123 non
773 1088 821 1123 ut
853 1098 919 1124 eos
952 1084 1207 1139 impedirent,
1242 1085 1311 1126 sed
1343 1090 1390 1126 ut
1422 1085 1471 1126 ad
1504 1090 1680 1127 nostram
1721 1102 1880 1128 eausam
1924 1088 1991 1128 ad-

233 1155 467 1209 iungerent3
511 1169 633 1205 nunc,
669 1155 701 1195 51
735 1155 917 1196 6011511165
951 1171 973 1196 a
1005 1156 1121 1197 nobis
1154 1156 1362 1198 alieniores
1396 1172 1479 1198 esse
1512 1158 1650 1209 velint,
1679 1175 1792 1214 posse
1810 1161 1852 1201 id
1868 1161 1992 1203 libere

233 1226 384 1278 faeere;
419 1227 481 1268 sin
512 1228 636 1269 velint
668 1233 804 1269 nostra
837 1244 969 1280 causa,
1003 1230 1105 1270 nihil
1138 1246 1252 1285 posse
1287 1246 1326 1271 se
1359 1231 1512 1271 invitiS.
1554 1232 1661 1272 Nam
1694 1233 1800 1286 quod
1835 1233 1989 1284 scribis,

232 1300 275 1341 ni
307 1301 365 1341 ita
398 1300 511 1342 vobis
543 1301 772 1356 placuisset,
806 1302 896 1343 illos
930 1302 1005 1344 hoc
1038 1304 1145 1344 idem
1178 1319 1247 1359 per
1280 1305 1470 1359 populum
1503 1310 1752 1346 assecuturos
1773 1305 1908 1357 fuisse,
1932 1306 1991 1347 in-

233 1373 324 1414 vitis
357 1373 532 1414 tribunis
565 1374 619 1429 pl.
654 1375 738 1415 fieri
771 1375 881 1416 nullo
915 1376 1032 1417 modo
1067 1377 1212 1431 potuit.

1277 1378 1341 1418 Ita
1375 1394 1510 1419 vereor
1543 1394 1592 1419 ne
1626 1384 1666 1419 et
1697 1377 1830 1419 studia
1862 1378 1987 1419 tribu-

234 1460 374 1487 norum
408 1447 654 1488 amiserimus
689 1453 741 1498 et,
777 1448 810 1488 51
855 1449 987 1489 studia
1030 1455 1232 1501 maneant,
1280 1451 1456 1491 vinclum
1499 1451 1599 1492 illud
1642 1451 1987 1505 adiungendorum

232 1519 441 1560 consulum
475 1520 664 1561 amissum
698 1521 763 1561 sit.
801 1524 840 1561 2.
875 1522 1043 1563 Accedit
1077 1523 1186 1563 aliud
1221 1539 1301 1564 non
1334 1539 1499 1579 parvum
1534 1523 1845 1575 incommodum,
1880 1525 1986 1579 quod

274 1685 292 1723 ξ
316 1685 343 1714 1.
372 1683 479 1714 Vestro
496 1693 656 1714 consensu.
679 1685 745 1715 Int.
759 1695 957 1717 eonsensum
973 1695 1085 1717 eorum

232 1738 391 1773 omnium,
416 1738 473 1778 qui
497 1736 664 1768 Ciceronis
687 1749 819 1769 causam
842 1744 1061 1780 susceperant.

275 1791 362 1822 Cons.
379 1791 562 1831 provincias
584 1794 715 1822 ornatas
741 1802 816 1823 esse.
838 1793 945 1823 Aliud
968 1798 1015 1824 est
1038 1792 1088 1823 de-

229 1853 356 1874 cernere
370 1843 563 1883 provincias,
587 1843 676 1874 aliud
699 1854 823 1874 ornare.
846 1845 937 1875 Illud
960 1845 1088 1884 exlege

230 1899 426 1939 Sempronia
449 1909 467 1929 a
489 1904 603 1929 senatu
626 1900 723 1930 fiebat
747 1906 823 1931 ante
852 1901 985 1931 comitia
1013 1910 1088 1931 con-

229 1953 360 1989 sularia,
384 1958 519 1992 eratque
541 1957 691 1990 statuere,
716 1963 795 1993 quas
817 1954 1003 1994 provincias
1013 1964 1087 1984 con-

230 2007 316 2038 sules
350 2017 454 2047 (11111111
475 2008 668 2047 magistratu
693 2008 859 2045 abiissent,
883 2009 1086 2045 obtinerent3

229 2060 292 2090 hoe
314 2069 392 2090 vero
415 2064 482 2090 erat
504 2060 714 2097 constituere,
738 2071 819 2091 num
836 2062 1021 2102 provincias
1034 2062 1088 2091 ob-

231 2113 374 2144 tinerent
397 2123 471 2143 eum
494 2113 642 2153 imperio,
674 2115 850 2145 decernere
881 2119 959 2155 quot
988 2115 1087 2155 legio-

229 2167 326 2197 nibus
360 2170 522 2197 constaret
556 2167 731 2204 exercitus,
763 2178 939 2199 numerum
968 2169 1088 2208 legato-

228 2229 301 2249 rum
322 2219 459 2249 definire
484 2225 516 2249 et
538 2219 668 2250 similia.
706 2220 755 2251 De
778 2220 829 2250 his
852 2221 1007 2251 omnibus
1041 2231 1089 2252 re·
1113 2217 1115 2223 χ

231 2273 289 2303 bus
312 2273 509 2304 decernendi
532 2278 672 2313 potestas
702 2279 770 2305 erat
798 2284 898 2315 penes
927 2280 1086 2312 senatum,

230 2327 286 2356 sed
309 2331 477 2366 receptum
498 2332 574 2363 erat,
598 2331 634 2357 ut
656 2327 735 2357 11366
758 2338 824 2357 11011
849 2328 938 2367 prius
960 2328 1085 2365 fierent,

229 2390 328 2420 quam
350 2380 428 2410 novi
457 2380 607 2411 eonsules
638 2390 757 2411 munus
786 2381 946 2412 iniissent.
990 2381 1088 2411 Nunc

230 2442 308 2463 vero
331 2433 492 2463 incertum
514 2442 579 2472 qua
600 2433 640 2464 de
663 2443 760 2463 631153
782 2433 907 2464 factum
930 2438 998 2464 erat
1013 2439 1088 2465 ante

229 2485 305 2515 Kal.
328 2484 416 2521 Dee„
440 2490 476 2515 ut
498 2494 660 2515 novorum
683 2485 891 2516 tribunorum
913 2486 956 2526 pl.
976 2486 1088 2517 nullae

229 2538 263 2568 in
286 2538 338 2568 his
361 2542 468 2578 partes
491 2538 623 2569 fuerint.
649 2537 710 2569 Cff.
735 2539 807 2569 intt.
831 2539 871 2569 ad
891 2537 982 2569 Suet.
997 2538 1087 2571 Caes.

230 2592 279 2622 18.
303 2592 343 2622 In
375 2592 489 2622 eadem
518 2601 552 2622 re
582 2592 681 2622 etiam
710 2592 770 2633 ipsi
800 2592 1010 2632 magistratus
1040 2603 1087 2623 or·

230 2647 302 2677 nari
324 2647 487 2683 dicuntur,
510 2652 546 2678 ut
569 2647 670 2678 infra:
702 2647 740 2678 de
770 2648 947 2678 consulibus
976 2658 1088 2679 ornan-

230 2701 290 2732 dis.
313 2702 354 2732 ad
382 2701 423 2740 Q.
452 2702 490 2731 fr.
523 2702 569 2732 II.
597 2703 625 2738 3,
657 2703 685 2732 1.
718 2702 925 2741 Referebalur
955 2702 993 2733 de
1015 2713 1087 2743 pro-

231 2756 342 2786 vinciis
364 2757 560 2796 quaestorum
583 2758 613 2786 et
636 2755 674 2785 (le
699 2756 851 2786 ornandis
873 2756 1085 2796 praetoribus.

277 2809 424 2851 Quorszsm
456 2809 493 2840 id
517 2820 660 2841 casurum
695 2813 786 2841 esset.
817 2810 885 2849 ξ2.
916 2810 1008 2841 Haec
1037 2821 1088 2841 res

232 2862 480 2903 quemadmodum
506 2861 667 2892 ceciderit.
691 2861 740 2893 Cf.
765 2872 813 2902 ep.
837 2862 864 2899 7,
889 2863 916 2893 1.
940 2862 1023 2893 Sane
1042 2862 1087 2892 ita

233 2916 374 2953 cadebat,
397 2918 431 2945 ut
446 2916 564 2946 vellem.
587 2916 804 2946 Locutionem
820 2916 978 2946 Romanis
993 2916 1088 2956 serip-

232 2971 357 3001 toribus
380 2971 556 3001 admodum
578 2969 773 3001 familiarem
796 2971 836 3000 31)
853 2971 923 3001 alea
938 2971 1087 3010 desump—

233 3030 297 3054 tam
329 3033 398 3054 esse
426 3024 544 3054 docent
572 3023 742 3053 Manutius
772 3024 811 3053 ad
841 3022 907 3054 Cic.
937 3023 1030 3053 Fam.
1060 3023 1088 3053 Ι.

235 3075 261 3110 7,
293 3077 309 3105 5
343 3076 463 3116 aliique
494 3076 583 3107 cita-ti
618 3076 651 3107 in
689 3074 912 3117 Oudendorpii
946 3075 1088 3106 Scholiis

234 3139 263 3170 p.
288 3129 357 3159 201.

1174 1685 1292 1716 Nostra.
1323 1686 1517 1717 concessione
1546 1697 1578 1717 o:
1617 1692 1748 1718 senatus
1784 1688 1914 1718 decreto
1949 1689 1990 1719 de

1133 1740 1288 1771 ornandis
1311 1741 1499 1781 provinciis.
1524 1741 1589 1772 Sed
1612 1747 1649 1772 ut
1671 1752 1767 1782 supra
1790 1744 1892 1772 vestro
1922 1752 1989 1774 con-

1133 1804 1235 1831 sensu,
1258 1795 1304 1825 sic
1326 1795 1358 1825 h.
1382 1796 1403 1825 l.
1427 1797 1531 1825 restra
1555 1795 1753 1826 concessione
1770 1796 1990 1826 necessarium

1133 1853 1295 1887 putamus.
1326 1849 1419 1879 Idem
1442 1849 1550 1879 visum
1574 1848 1719 1880 Corrado
1741 1854 1772 1880 et
1796 1850 1823 1879 I.
1846 1849 1882 1879 F.
1906 1848 1988 1880 Gro-

1134 1901 1242 1937 novio,
1267 1901 1323 1941 qui
1345 1906 1454 1932 tamen
1479 1902 1563 1932 nihil
1586 1902 1758 1932 affirmant.

1175 1953 1224 1984 De
1246 1955 1423 1985 consulibus
1444 1955 1595 1986 ornandis
1624 1965 1656 1986 o:
1688 1956 1776 1996 quod
1805 1955 1921 1986 attinet
1942 1956 1989 1995 ,ad

1133 2008 1317 2047 provincias
1340 2009 1514 2039 consulum
1537 2010 1709 2039 ornandas.
1747 2008 1783 2039 Si
1805 2009 1885 2039 haec
1913 2018 1989 2049 pen-

1133 2061 1247 2091 derent
1270 2072 1286 2091 3
1303 2064 1493 2101 potestatem
1515 2071 1582 2092 esse
1598 2061 1712 2093 Cicero
1726 2061 1905 2101 scripsisset
1921 2071 1989 2092 coa-

1132 2114 1232 2144 sulum
1255 2115 1474 2145 ornandorum.

1178 2166 1230 2197 Sin
1256 2167 1353 2198 velint
1367 2169 1473 2197 nostra
1494 2177 1599 2197 eausa.
1622 2167 1781 2198 Ernestus
1797 2167 1990 2198 soloecismo

1134 2222 1281 2261 (vellent)
1320 2220 1469 2250 Tullium
1498 2219 1658 2250 liberavit.
1696 2218 1744 2249 Cf.
1774 2219 1988 2258 Wesenberg,

1114 2273 1115 2299 l
1134 2275 1228 2307 Obss.
1252 2275 1323 2305 crit.
1346 2274 1380 2304 in
1404 2272 1487 2304 Sest.
1511 2284 1541 2313 p.
1565 2274 1615 2303 48.
1646 2271 1730 2303 Velle
1746 2272 1879 2302 alienius
1893 2282 1990 2303 causa

1113 2345 1114 2352 .
1136 2335 1185 2360 est
1208 2328 1307 2359 alicui
1334 2327 1415 2358 bene
1437 2327 1534 2363 velle,
1565 2326 1634 2357 eius
1663 2326 1834 2357 commoda
1865 2335 1990 2366 promo-

1113 2386 1209 2428 {vere
1232 2380 1330 2411 velle.
1354 2378 1404 2410 Cf.
1427 2379 1497 2409 Att.
1522 2378 1603 2409 XII.
1627 2379 1676 2415 28,
1702 2379 1729 2408 1.
1765 2378 1863 2409 XIII.
1887 2379 1937 2414 49,
1962 2378 1989 2408 1.

1134 2434 1232 2465 XVI.
1256 2433 1295 2462 16
1318 2432 1372 2468 A„
1397 2432 1424 2462 6.
1448 2431 1634 2462 Gronovius
1657 2433 1697 2462 ad
1720 2431 1812 2462 Fam.
1834 2432 1862 2461 I.
1878 2431 1905 2467 1,
1922 2431 1937 2460 1
1954 2430 1987 2460 in

1134 2488 1223 2518 lectt.
1246 2486 1392 2516 Tullian.
1416 2496 1446 2525 p.
1470 2486 1498 2515 1.
1522 2485 1651 2524 Zumpt.
1668 2485 1708 2515 ad
1723 2484 1825 2515 divin.
1843 2485 1877 2514 in
1895 2483 1989 2515 Caec.

1133 2540 1182 2570 21.

1174 2594 1212 2623 Se
1232 2593 1341 2623 invitis
1364 2603 1396 2622 o:
1421 2597 1533 2623 eontra
1556 2591 1759 2622 voluntatem
1770 2591 1988 2621 tribunorum.

1134 2648 1233 2678 Pron.
1257 2647 1454 2678 reflexivum
1475 2646 1616 2686 ponitur,
1647 2645 1803 2686 quoniam
1832 2645 1988 2675 infinitivi

1113 2715 1114 2727 ³
1129 2710 1218 2741 posse
1234 2707 1265 2731 et⁴
1281 2700 1363 2730 nihil
1372 2710 1465 2739 posse
1485 2700 1628 2739 pendent
1644 2699 1684 2729 ab
1701 2698 1747 2728 iffa
1762 2698 1881 2734 dieunt,
1899 2699 1987 2737 quod

1113 2765 1196 2794 iquo
1219 2754 1324 2791 magis
1347 2760 1523 2794 appareret,
1547 2752 1791 2783 distinctionem
1813 2751 1950 2781 mutavi.

1174 2807 1236 2837 Per
1252 2807 1410 2846 populum.
1432 2807 1508 2837 Non
1522 2806 1704 2846 suppeditat
1719 2805 1908 2845 exemplum
1918 2814 1988 2844 pro-

1113 2858 1260 2906 {vinciae
1289 2870 1346 2901 per
1374 2861 1532 2901 populum
1561 2866 1705 2895 ornatae,
1729 2860 1785 2889 sed
1807 2859 1987 2898 aliquando

1112 2913 1232 2944 ‘etiam
1268 2913 1408 2953 populus
1438 2913 1542 2943 invito
1571 2917 1687 2942 senatu
1717 2910 1900 2951 provincias
1936 2911 1988 2940 de-

1113 2968 1244 3005 ici-evit,
1269 2967 1382 2997 Vatin.
1405 2969 1443 2997 35
1467 2976 1512 3007 sq.
1536 2966 1610 2996 Liv.
1626 2964 1798 2996 XXVIII.
1821 2964 1861 2993 40
1884 2970 1915 2994 et
1938 2965 1986 2994 45.

1112 3013 1222 3051 'Suet
1262 3019 1354 3051 Caes.
1393 3021 1442 3056 22,
1473 3025 1505 3050 et
1539 3019 1765 3059 imperatorem
1795 3017 1835 3047 ad
1865 3017 1989 3047 belhun

1134 3073 1265 3109 creavit,
1290 3073 1401 3103 Vatin.
1426 3073 1471 3102 l.l.
1496 3072 1566 3102 Att..
1591 3071 1670 3101 VII.
1694 3070 1721 3106 7,
1740 3071 1768 3107 4,
1788 3074 1822 3101 ut-
1838 3070 1989 3101 observat

1136 3126 1338 3159 Tunstallus.
1363 3126 1421 3166 Op.
1447 3127 1466 3156 l.
1491 3136 1519 3165 p.
1545 3126 1582 3155 53
1606 3134 1692 3164 seqq.
