2117 3533
733 151 841 194 L]]3.
874 151 951 194 IV.
986 151 1071 194 ΕΡ.
1107 153 1179 193 16.
1752 149 1836 190 197

82 289 180 344 quid
213 287 383 330 scribam
416 287 572 339 uescio3
607 301 813 341 nunquam
846 301 919 341 ego
952 287 1036 329 vidi
1068 291 1152 328 tam
1184 300 1297 341 pares
1341 283 1591 326 candidatos.
1645 283 1841 326 Messalae

81 362 214 417 copias
246 361 366 402 nosti.
411 361 604 402 Scaurum
635 359 813 401 Triarius
847 375 960 401 reum
993 360 1102 402 fecit.
1138 360 1180 402 Si
1223 359 1394 414 quaeris,
1437 358 1549 399 nulla
1591 362 1651 400 est
1694 373 1841 413 magno

82 449 197 490 opere
230 437 427 475 commota
459 430 767 490 συμπάθεια.
817 433 895 474 Sed
936 438 1071 475 tamen
1116 433 1239 474 habet
1272 431 1457 473 aedilitas
1491 432 1577 473 eius
1609 431 1841 473 memoriam

81 522 162 548 non
194 507 406 561 ingratam,
441 511 481 547 et
513 510 573 547 est
605 506 762 560 pondus
808 507 913 561 apud
958 507 1130 548 rusticos
1173 506 1216 546 in
1260 505 1386 560 patris
1428 505 1633 545 memoria.
1679 504 1841 559 Reliqui

81 579 160 620 duo
192 578 339 634 plebeii
374 579 429 619 sic
463 582 750 632 exaequant-ur,
784 582 831 618 ut
863 579 1067 619 Domitius
1101 578 1231 619 valeat
1264 576 1416 626 amicis,
1462 576 1674 618 adiuvet-ur
1706 581 1840 618 tamen

80 667 162 693 non
195 652 356 707 (minus)
391 652 618 707 gratissimo
651 667 829 703 munere,
872 653 1089 693 Memmius
1133 651 1313 693 Caesaris
1362 650 1663 691 commendetur
1704 651 1840 692 milit-i-

80 723 168 777 bus,
203 724 386 780 Pompeii
419 723 551 766 Gallia
583 724 750 765 nitatur.
785 724 944 776 Quibus
978 725 1010 765 si
1044 740 1125 765 non
1159 723 1342 774 valuerit,
1377 726 1524 778 putant
1546 722 1628 764 fore
1653 723 1840 777 aliquem,

81 799 149 852 qui
182 797 344 838 comitia
375 797 419 838 in
452 797 669 838 adventum
703 797 884 838 Caesaris
926 797 1127 848 detrudat,
1173 797 1324 838 Catone
1368 796 1602 851 praesertim
1642 795 1841 837 absoluto.

84 872 122 913 7.
156 871 376 912 Paccianae
411 871 600 926 epistolae
634 871 837 926 respondi.
872 871 1076 925 Cognosce
1110 874 1254 911 cetera.
1296 870 1358 910 Ex
1391 868 1523 909 fratris
1556 868 1682 909 literis
1714 869 1842 909 inere-

78 943 219 985 dibilia
252 944 446 998 quaedam
480 944 528 985 de
563 943 742 985 Caesaris
775 944 819 985 in
852 959 914 985 me
951 959 1082 984 amore
1117 943 1287 998 cognovi
1320 957 1445 997 eaque
1480 946 1576 982 sunt
1599 941 1726 996 ipsius
1745 942 1840 983 Cae-

78 1017 176 1058 saris
209 1016 419 1058 uberrimis
452 1016 578 1057 literis
612 1017 862 1057 confirmata.
897 1016 1125 1057 Britannici
1155 1015 1251 1056 belli
1283 1015 1414 1056 exitus
1437 1018 1703 1070 exspectatur.
1738 1014 1842 1055 Con-

78 1094 157 1131 stat
189 1090 297 1131 enim
329 1089 463 1131 aditus
495 1090 649 1131 insulae
684 1105 766 1130 esse
799 1090 978 1130 munitos
1012 1089 1189 1129 mirificis
1223 1087 1410 1128 molibus.
1460 1087 1594 1128 Etiam
1627 1087 1728 1128 illud
1762 1087 1842 1128 iam

79 1163 286 1218 cognitum
317 1168 391 1215 est,
425 1178 556 1218 neque
590 1164 747 1219 argenti
782 1163 1003 1219 scripulum
1044 1177 1129 1203 esse
1173 1161 1300 1202 ullum
1340 1161 1383 1202 in
1423 1159 1493 1202 illa
1534 1160 1667 1201 insula
1711 1174 1841 1214 neque

121 1326 139 1356 5
162 1327 265 1358 tamen
287 1329 304 1366 †
325 1337 387 1359 noa
405 1327 586 1369 §ratissimo
609 1345 650 1350 -

77 1482 254 1520 candidati,
284 1484 351 1514 duo
378 1484 425 1514 Μ.
464 1484 618 1515 Valerius
650 1485 793 1516 Messala
830 1490 861 1516 et
890 1484 938 1515 M.

986 1485 1135 1522 clientes,
1166 1490 1211 1522 ut,
1245 1485 1271 1516 si
1300 1485 1355 1516 hic
1390 1484 1501 1522 vellet,
1539 1484 1739 1516 Memmium
1775 1484 1843 1515 suis

77 1539 243 1570 Aemilius
281 1539 423 1571 Scaurus
458 1541 596 1580 patricii,
633 1542 698 1571 duo
731 1541 852 1581 plebeii
876 1539 936 1571 Cn.
960 1554 962 1589 μ
987 1539 1150 1579 suffragiis
1174 1539 1335 1570 iuvarent.
1370 1539 1569 1579 Pompeium
1590 1539 1752 1570 Memmio
1775 1543 1840 1569 stu-

76 1588 242 1619 Domitius
277 1588 436 1620 Calvinus
473 1594 505 1620 et
540 1589 578 1620 C.
611 1590 800 1621 Memmius.
828 1586 937 1626 Μόλις
960 1593 962 1627 ἰ
985 1592 1094 1622 duisse
1118 1592 1273 1622 discimus
1297 1601 1339 1622 cx
1362 1601 1411 1632 ep.
1436 1591 1483 1628 17,
1507 1592 1526 1622 2
1549 1592 1666 1632 <vulgo
1690 1592 1739 1628 18,
1763 1592 1808 1632 2).

77 1637 161 1674 ποτὲ
188 1635 235 1685 τῷ
279 1637 419 1686 ἑβδόμω
457 1641 553 1686 μηνί,
590 1648 627 1673 ut
661 1643 773 1673 scribit
803 1642 935 1674 Cassius

78 1699 143 1730 Dio
166 1699 241 1730 XL.
270 1698 318 1736 17,
348 1699 459 1740 itaque
489 1710 601 1731 mense
631 1700 776 1738 Quintili
806 1711 833 1731 a.
864 1700 933 1737 701,

76 1753 242 1784 Domitius
283 1758 316 1784 et
357 1753 501 1784 Messala
533 1754 744 1785 consulatum
779 1754 933 1785 inierunt.

76 1805 127 1837 Cf.
148 1806 213 1836 Dio
235 1805 311 1836 XL.
333 1807 384 1837 45.

116 1857 265 1889 Scaurum
289 1858 432 1889 Triarius
454 1869 538 1889 reum
551 1859 636 1899 fecit
665 1860 705 1890 de
734 1860 933 1900 repetundis.

75 1911 216 1944 Scaurus
238 1911 272 1942 in
294 1912 356 1943 hoe
379 1912 501 1943 iudicio
524 1922 628 1952 quum
650 1913 690 1943 ab
713 1913 796 1949 aliis,
821 1918 891 1944 tum
915 1924 932 1943 a

75 1965 235 1997 Cicerone
275 1965 438 2003 defensus,
469 1966 536 1997 fere
572 1966 725 1997 omnibus
760 1967 931 1997 sententiis

73 2019 241 2050 absolutus
265 2024 313 2050 est
335 2030 364 2050 a.
386 2020 416 2050 d.
440 2020 494 2050 IV
515 2020 602 2051 Non.
636 2019 724 2061 Sept.
762 2020 839 2051 Vid.
870 2020 932 2051 As-

74 2072 190 2103 conius
214 2072 248 2102 in
272 2071 496 2103 Scaurianam.

117 2125 279 2156 Aedilz'tas
302 2125 379 2163 εἰπε,
403 2136 503 2166 quam
526 2136 554 2156 a.
586 2126 646 2157 696
676 2127 931 2167 magnificent-is-

74 2180 157 2211 sime
179 2186 334 2219 gesserat.
371 2179 420 2211 Cf.
444 2180 507 2212 Off.
537 2181 583 2211 II.
612 2180 662 2213 47.
696 2181 826 2212 Aedilis
856 2181 932 2212 fecit

74 2233 247 2270 theatrum,
271 2234 358 2273 quod
381 2233 511 2264 Plinius
533 2233 578 2263 H.
600 2234 643 2264 N.
665 2233 836 2264 XXXVI.
872 2233 930 2264 113

72 2296 161 2327 seqq.
184 2286 364 2326 descripsit.

115 2338 208 2379 Apud
228 2338 363 2369 rusticos
387 2349 420 2369 a:
445 2339 532 2380 apud
555 2339 658 2370 tribus
688 2339 833 2370 rusticas.
872 2339 931 2369 Pa—

73 2396 122 2422 ter
144 2391 207 2422 fuit
229 2392 286 2422 ille
308 2392 368 2431 M.,„
379 2391 532 2429 Scaurus,
550 2392 700 2432 princeps
716 2397 857 2429 senatu&
874 2391 930 2432 qui

73 2453 91 2473 a
115 2442 152 2474 C.
174 2443 321 2474 Graccho
345 2445 385 2475 ad
409 2444 449 2482 Q.
478 2444 617 2474 Varium
641 2444 689 2483 (0;
714 2444 755 2473 ab
770 2453 799 2473 a.
814 2444 874 2473 630
890 2445 930 2474 ad

73 2496 148 2536 663)
183 2497 345 2528 seditiosis
375 2497 529 2528 omnibus
557 2497 715 2528 restitisse
743 2497 863 2527 dicitur
894 2497 928 2527 in

73 2558 119 2579 or.
141 2559 172 2589 p.
195 2548 280 2580 Sest.
303 2550 373 2580 101.

114 2602 291 2634 Adina-etur
312 2606 416 2634 tamen
438 2613 499 2634 uon
522 2604 652 2643 (minus)
665 2604 849 2644 fsralissimo
868 2615 928 2634 ma-

73 2666 157 2687 nere.
197 2656 305 2687 Minus
345 2657 469 2688 inserui
507 2659 546 2688 de
588 2657 715 2688 Klotzii
752 2658 926 2689 sententia.

72 2710 221 2741 Eandem
250 2711 386 2742 habebis
410 2711 615 2748 sentent-iam,
633 2712 661 2742 si
679 2721 755 2742 cum
770 2711 928 2742 Schutzio

70 2763 254 2803 scripseris:
286 2764 351 2794 adi.
388 2764 481 2794 etiam
507 2767 590 2803 qrat.
621 2775 764 2800 manere,-
797 2766 854 2796 sed
884 2765 928 2795 ita

71 2826 138 2847 non
162 2817 345 2858 explicatur
367 2818 460 2858 origo
491 2818 686 2857 negationis,
717 2828 799 2859 quae
827 2819 861 2850 in
892 2819 927 2850 11-

73 2870 138 2901 bris
161 2871 289 2911 scriptis
313 2872 466 2902 omnibus
491 2873 592 2903 adest.

116 2923 256 2965 Pompeii
280 2925 389 2955 Gallia
411 2925 544 2955 nitatur.
577 2925 668 2956 Male
690 2924 724 2955 in
746 2925 835 2955 Med.
858 2935 928 2955 cor—

71 2984 196 3011 rectum
219 2984 266 3010 est
289 2988 306 3010 e
328 2978 452 3009 Mureti
474 2978 661 3009 coniectura
690 2977 725 3008 P.
745 2977 856 3018 qratia
880 2978 927 3008 ni-

72 3035 170 3063 tatur.
193 3031 415 3072 Cogitandum
437 3037 485 3062 est
506 3032 547 3062 dc
567 3032 705 3062 coloniis
720 3042 738 3061 a
753 3031 812 3062 Cn.
831 3031 927 3062 Pom-

73 3085 146 3126 peio
168 3085 331 3116 Strabone
353 3085 387 3115 in
411 3084 554 3116 Galliam
578 3084 782 3126 Cisalpinam
810 3085 927 3115 deduc-

72 3140 122 3178 tis,
159 3150 298 3181 quarum
329 3141 457 3173 incolae
492 3146 585 3172 eraut
622 3140 771 3181 Pompeii
809 3140 926 3180 Magni

1028 1644 1144 1675 Catone
1173 1643 1362 1684 praesertim
1393 1644 1546 1674 absoluto.
1584 1644 1634 1675 Cf.
1664 1654 1733 1684 sup.
1766 1645 1784 1683 ξ
1814 1646 1844 1674 5.

983 1699 1046 1730 His
1070 1699 1179 1730 verbis
1202 1709 1299 1729 cansa
1322 1699 1461 1735 additur,
1486 1708 1586 1739 quare
1609 1698 1704 1729 facile
1722 1698 1842 1738 aliquis

981 1753 1134 1783 tribunus
1157 1752 1201 1792 pl.
1235 1752 1451 1789 inveniretur,
1481 1752 1538 1792 qui
1568 1752 1701 1782 comitia
1729 1761 1843 1782 consu-

981 1805 1063 1835 laria
1098 1805 1282 1845 impediret.
1316 1804 1447 1845 Quippe
1476 1805 1663 1836 tribunatus
1690 1804 1842 1836 seditiose

982 1863 1093 1898 gestus
1117 1858 1153 1889 C.
1179 1857 1299 1889 Catoni
1321 1858 1392 1889 sine
1415 1858 1529 1888 fraude
1552 1857 1667 1888 fuerat.

1024 1911 1042 1950 §
1066 1910 1157 1942 7—9.
1181 1911 1273 1941 Haec
1297 1910 1407 1940 onmia
1431 1911 1466 1940 in
1490 1911 1583 1941 codd.
1607 1916 1680 1950 post
1697 1919 1742 1946 ea,
1757 1920 1841 1950 quae

982 1965 999 2004 ξ
1024 1964 1041 1994 6
1072 1964 1319 2001 collocavimus,
1349 1965 1454 2005 posita
1483 1965 1523 1994 de
1554 1964 1740 2004 Malaspina
1771 1973 1841 1994 sen-

981 2017 1085 2047 tentia
1108 2017 1148 2047 ad
1172 2022 1355 2048 extremam
1378 2022 1504 2058 partem
1528 2026 1576 2057 ep.
1613 2016 1651 2046 16
1682 2016 1841 2047 translata

980 2075 1066 2108 sunt,
1092 2071 1109 2110 ξ
1133 2071 1267 2102 13-15.

1022 2124 1201 2155 Paccianae
1224 2124 1376 2164 epistolae
1400 2134 1433 2155 οε
1459 2125 1616 2166 epistolae
1639 2129 1722 2161 tuae,
1742 2134 1840 2164 quam

979 2177 1117 2208 Paccius
1140 2178 1223 2208 mihi
1246 2177 1397 2208 reddidit.
1422 2177 1472 2208 Cf.
1497 2179 1514 2217 ξ
1539 2178 1566 2207 1.

1020 2230 1204 2261 Britanni&
1235 2231 1308 2261 belli
1339 2230 1443 2261 exilu-5
1473 2232 1683 2270 ems-nectam.
1720 2229 1840 2261 Cacsar

979 2285 1040 2315 hoc
1064 2295 1152 2316 anno
1175 2290 1361 2325 susceperat
1385 2286 1565 2316 secundam
1594 2285 1627 2314 in
1658 2284 1839 2315 Britannos

979 2340 1235 2380 expeditionem,
1259 2350 1359 2380 quam
1374 2345 1484 2370 narrat-
1500 2341 1540 2370 de
1555 2340 1596 2370 Β.
1612 2338 1650 2370 G.
1667 2339 1711 2370 V.
1727 2340 1839 2370 8—23.

1024 2392 1169 2434 le'ristcis
1192 2393 1330 2424 molibus.
1368 2394 1415 2424 Hi
1446 2398 1522 2424 sunt
1551 2395 1670 2424 morales
1700 2394 1838 2434 anfflcstz',

978 2459 1060 2490 quos
1084 2447 1205 2479 Caesar
1227 2448 1267 2478 de
1291 2447 1330 2478 B.
1353 2446 1391 2477 G.
1416 2447 1479 2478 IV.
1503 2447 1542 2477 :23
1574 2447 1608 2478 in
1639 2447 1737 2478 litore
1767 2447 1838 2478 Bri-

976 2504 1108 2535 tanniae
1131 2502 1275 2533 inveniri
1299 2508 1420 2532 narrat.

1018 2557 1123 2597 Neque
1152 2555 1277 2596 amenta·
1314 2555 1483 2595 scripulum
1527 2561 1587 2587 cet.
1625 2555 1718 2586 Fam.
1756 2556 1837 2586 VII.

977 2611 1004 2649 7,
1029 2612 1057 2641 1.
1081 2609 1121 2639 Iu
1144 2609 1319 2639 Britannia
1343 2609 1427 2639 mihil
1450 2619 1515 2640 esse
1541 2609 1637 2640 audio
1653 2619 1750 2650 neque
1765 2610 1838 2640 auri

976 2675 1071 2705 neque
1094 2662 1230 2704 argsenli.
1269 2663 1390 2694 Caesar
1423 2673 1557 2704 quoque
1586 2665 1626 2694 dc
1657 2665 1696 2695 Β.
1725 2663 1763 2694 G.
1795 2664 1838 2694 V.

976 2716 1015 2747 12
1038 2717 1117 2746 dum
1140 2716 1174 2746 in
1199 2724 1235 2746 ea
1259 2715 1367 2745 insula
1401 2716 1491 2746 nasci
1520 2716 1633 2747 scribit
1663 2716 1838 2756 plumbum

976 2770 1089 2800 album
1112 2775 1143 2800 et
1167 2766 1300 2806 ferrum,
1326 2770 1496 2810 importari
1520 2780 1583 2807 aes,
1614 2770 1747 2801 silentio
1779 2780 1838 2800 suo

976 2833 1094 2854 aurum
1134 2829 1166 2854 et
1195 2829 1370 2862 argentum
1401 2824 1562 2854 excludit.
1607 2824 1725 2854 Postea
1756 2824 1837 2855 haec

975 2886 1105 2918 quoque
1128 2876 1163 2907 in
1186 2877 1382 2908 Britanniae
1405 2878 1475 2908 solo
1498 2883 1637 2918 reperta.
1674 2877 1752 2907 Vid.
1775 2877 1838 2908 Ta-

974 2931 1058 2961 citus
1080 2930 1195 2969 Agric.
1228 2930 1267 2960 12
1296 2936 1328 2961 et
1357 2931 1525 2971 antiquior
1554 2931 1705 2962 Romano
1733 2930 1836 2961 histo-

975 2978 1042 3013 rico
1073 2982 1192 3013 Strabo
1214 2982 1276 3013 IV.
1301 2984 1328 3020 5,
1353 2984 1381 3013 2.
1405 3001 1446 3005 ——
1467 2983 1623 3014 Formam
1647 2989 1757 3014 autem
1780 2995 1836 3015 no-

975 3038 1074 3068 minis
1096 3037 1157 3067 illa
1179 3042 1283 3068 aetate
1314 3037 1414 3069 fuisse
1444 3038 1613 3078 scripulum
1645 3039 1715 3069 sola
1742 3040 1834 3070 codd.

976 3092 1055 3122 Mss.
1081 3090 1273 3121 auctoritate
1297 3101 1363 3122 non
1388 3097 1504 3122 statuo.
1528 3091 1695 3123 Charisius
1716 3103 1732 3123 e
1753 3093 1836 3124 Var-

976 3153 1056 3175 rone
1089 3143 1182 3175 atfert
1208 3144 1401 3184 scriptulum,
1433 3146 1521 3185 quod
1551 3145 1674 3186 legitur
1702 3156 1834 3187 quoque

1862 954 1897 980 10
