2117 3533
280 176 364 216 268

680 177 763 218 ΕΡ.
798 177 874 216 ΑΙ)
906 176 952 215 Τ.
987 174 1335 216 POMPONIUM
1369 174 1631 215 ATTICUM.

276 308 482 361 lescentis3
518 309 624 364 quod
659 309 820 364 quidem
854 309 969 350 illum
995 308 1101 349 soleo
1126 307 1290 348 hortari.
1326 309 1385 348 Ac
1410 307 1509 349 mihi
1533 307 1692 349 videtur
1713 313 1881 349 matrem
1904 307 2032 358 valde,

276 386 323 421 ut
356 381 487 432 debet,
523 397 653 423 amare
687 387 806 435 teque
839 382 1019 422 mirifice.
1070 380 1147 422 Sed
1181 384 1242 421 est
1275 395 1466 435 magnum
1510 380 1613 421 illud
1657 380 1834 435 quidem,
1880 394 2033 420 verum-

278 459 411 494 tamen
444 455 655 509 multiplex
686 455 801 510 pueri
833 454 1056 509 ingenium,
1100 454 1170 509 (in)
1206 469 1284 509 quo
1317 469 1389 508 ego
1423 453 1597 508 regendo
1630 453 1758 495 habeo
1791 453 1945 507 negotii
1977 467 2034 492 sa-

278 526 344 566 tis.

396 529 436 566 3.
472 528 672 578 Quoniam
705 527 892 582 respondi
926 532 1147 581 postremae
1181 532 1274 568 tuae
1307 527 1477 582 paginae
1521 527 1649 581 prima
1692 541 1793 577 mea,
1835 539 1943 566 nunc
1986 524 2035 565 ad

243 619 256 644 5
278 599 443 653 primam
479 604 651 641 reverta-r
683 605 808 641 tuam.
861 600 1172 655 Peloponnesias
1207 601 1388 641 civitates
1422 615 1557 641 omnes
1591 600 1811 640 maritimas
1845 613 1942 648 esse,
1966 597 2034 638 110-

278 672 399 712 minis
431 688 513 714 non
545 689 731 728 nequam,
767 674 835 714 sed
869 674 988 715 etiam
1023 678 1094 714 tuo
1128 673 1282 714 iudicio
1316 672 1488 728 probati,
1524 671 1760 713 Dicaearchi
1783 670 1933 711 tabulis
1957 684 2036 710 cre-

279 745 378 786 didi.
428 747 469 788 Is
502 748 639 788 multis
672 747 906 789 nominibus
939 748 983 788 in
1015 746 1298 802 Trophoniana
1332 745 1550 787 Chaeronis
1593 745 1822 786 narratione
1865 743 2037 783 Graecos

278 820 322 860 in
355 835 400 860 eo
433 821 703 874 reprehendit,
740 820 846 875 quod
880 835 987 861 mare
1020 824 1103 861 tam
1137 820 1265 860 secuti
1299 823 1408 869 sunt,
1442 834 1515 859 nec
1548 819 1677 860 ullum
1703 817 1746 858 in
1764 816 2037 870 Peloponneso

279 892 411 932 locum
444 893 605 947 excipit.
642 893 776 944 Quum
810 893 910 934 mihi
944 897 1083 933 auctor
1116 892 1290 947 placeret
1324 917 1381 920 —
1416 892 1563 932 etenim
1597 895 1682 931 erat
1716 886 2037 948 ἱστορικώτα-

227 983 262 1009 10
280 979 365 1015 τος
409 970 449 1005 et
493 965 644 1006 vixerat
685 966 727 1006 in
770 966 1046 1021 Peloponneso
1082 990 1154 1016 -—,
1190 964 1417 1005 admirabar
1457 970 1593 1005 tamen
1636 968 1677 1003 et
1718 963 1784 1003 vix
1829 960 2040 1002 accredens

280 1038 573 1079 communicavi
608 1054 698 1080 cum
733 1040 943 1095 Dionysio.
978 1041 1115 1093 Atque
1147 1039 1182 1079 is
1215 1038 1343 1093 primo
1378 1043 1438 1079 est
1474 1041 1695 1078 commotus
1704 1054 1716 1087 3
1751 1035 1909 1086 deinde,
1935 1033 2040 1088 quod

283 1113 405 1166 [tum]
443 1111 491 1152 de
524 1112 602 1152 isto
636 1112 883 1152 Dicaearcho
916 1127 998 1152 non
1031 1111 1165 1152 minus
1198 1110 1299 1151 bene
1332 1109 1602 1158 existimabat,
1646 1123 1764 1161 quam
1807 1112 1854 1147 tu
1899 1106 1947 1147 de
1993 1106 2039 1147 C.

280 1185 477 1235 Vestorio,
513 1200 585 1239 ego
620 1185 667 1225 de
701 1185 759 1226 M.
794 1185 949 1235 Cluvio,
983 1200 1064 1226 non
1098 1183 1311 1225 dubitabat
1340 1184 1438 1238 quin
1480 1183 1516 1223 ei
1542 1181 1807 1222 crederemus.
1843 1179 2039 1221 Arcadiae

282 1256 470 1297 censebat
503 1272 586 1298 esse
620 1258 803 1312 Lepreon
838 1258 1039 1312 quoddam
1073 1257 1334 1307 maritimum,
1368 1257 1501 1296 Tenea
1535 1259 1668 1295 autem
1702 1258 1742 1294 et
1774 1252 1969 1308 Aliphera
2002 1256 2042 1293 et

226 1345 258 1371 15
278 1329 404 1370 Tritia
436 1327 700 1373 νεόκτιστα
735 1331 771 1371 ei
804 1330 1058 1380 videbantur,
1093 1329 1214 1384 idque
1248 1330 1315 1386 τῷ
1350 1328 1452 1371 τῶν
1485 1327 1610 1371 νεῶν
1644 1321 1908 1384 καταλόγῳ
1949 1339 2039 1366 con-

320 1510 337 1538 3
360 1509 441 1550 quod
462 1519 516 1550 eqo
539 1508 673 1549 reyendo
696 1527 736 1531 —

277 1674 364 1714 quod
388 1683 429 1703 ex
454 1682 492 1703 eo
515 1672 657 1709 timetur,
682 1673 715 1702 in
740 1681 772 1702 sc
797 1672 959 1712 recipere„
983 1672 1033 1703 Cf.
1058 1672 1088 1701 h.
1114 1672 1134 1701 1.

278 1730 306 1764 3,
343 1730 371 1757 5.
403 1727 444 1764 Q.
474 1726 510 1756 fr.
542 1727 568 1756 I.
594 1727 620 1762 1,
651 1726 699 1755 10.
731 1725 816 1756 Plin.
848 1725 972 1763 Panem
994 1726 1043 1756 83.
1068 1725 1135 1754 Ma-

273 1781 323 1820 Jst's
346 1779 476 1810 arduam
499 1782 544 1809 est
568 1779 648 1809 alios
672 1780 850 1818 praestare,
881 1789 971 1819 quam
998 1788 1040 1808 Se.
1085 1778 1134 1809 Cf.

1182 1682 1247 1712 quo
1270 1682 1367 1712 opere
1389 1672 1567 1712 disputavit
1591 1672 1644 1702 Fr.
1676 1672 1828 1704 Osannus
1860 1672 1893 1702 in
1925 1671 2041 1711 Synib.

1182 1726 1221 1755 ad
1243 1725 1317 1755 hist.
1342 1725 1425 1755 liter.
1450 1725 1527 1754 Vol.
1560 1725 1604 1754 ΙΙ.
1638 1735 1668 1764 p.
1699 1725 1736 1754 65
1769 1734 1857 1765 seqq.
1902 1724 2042 1754 Temere

1182 1778 1270 1809 enim
1293 1779 1385 1808 Max.
1408 1778 1510 1808 Fuhr.
1533 1779 1573 1809 de
1596 1778 1796 1808 Dicaearcho
1814 1789 1844 1818 p.
1861 1778 1919 1808 118
1936 1777 2040 1808 ct133

277 1835 321 1864 11.
346 1834 502 1874 Stephani
526 1833 726 1864 Schediasm.
752 1833 817 1863 111.
844 1832 891 1864 17.
921 1851 955 1854 —
973 1832 1135 1862 (7011111110-
1172 1831 1298 1872 stabulis
1320 1832 1350 1861 11.
1376 1832 1396 1861 1.
1420 1831 1582 1871 corrigere
1606 1832 1742 1862 videtur.
1767 1831 1871 1861 Aliud
1894 1830 2040 1861 eiusdem

272 1887 394 1917 tionem
418 1896 455 1915 ac
477 1886 599 1917 delevit
620 1886 710 1921 Ern„
730 1885 861 1915 seclusit
879 1884 1032 1916 Orellius.
1056 1884 1135 1915 Nol-

272 1942 337 1971 lem
368 1941 501 1970 factum.
536 1940 603 1969 Ubi
626 1945 697 1979 post
724 1939 912 1976 negativam
937 1939 1133 1969 sententiam

273 1995 378 2024 oratio
410 1994 603 2024 affirmando
643 1992 799 2032 procedit,
837 1998 948 2022 contra
984 1998 1133 2022 nostrum

273 2058 398 2078 morem
422 2053 548 2077 veteres
571 2046 740 2086 particulis
764 2056 802 2075 ac
824 2046 877 2076 vel
900 2056 957 2086 que
987 2050 1132 2076 utuntur.

275 2100 352 2130 Vid.
377 2099 527 2139 Seyffert.
552 2099 591 2128 ad
616 2098 681 2128 Cic.
709 2098 802 2128 Lael.
826 2108 854 2137 p.
880 2098 949 2127 182.

317 2151 483 2192 ,multiplex
506 2161 538 2181 o:
563 2161 629 2181 11011
653 2160 755 2180 unum
772 2154 802 2181 et
819 2150 973 2190 simplex,
984 2151 1039 2180 sed
1053 2150 1133 2179 vari-

275 2216 341 2242 um,
361 2205 560 2240 inconstans,
583 2199 805 2235 πολλαπ).οὔν
852 2201 901 2232 Cf.
922 2202 1064 2233 ‘Ruhnk
1095 2202 1135 2231 ad

273 2264 359 2293 Tim.
384 2273 414 2302 p.
437 2262 478 2292 86
501 2273 547 2301 sq.
571 2261 780 2291 Vocabulum
798 2260 939 2289 illustrat
955 2258 1135 2299 Seyffertus

273 2316 318 2345 l.l.
343 2326 371 2354 11.
395 2316 464 2345 402.

316 2368 354 2397 In
378 2378 435 2408 quo
459 2386 498 2388 —
522 2366 666 2406 reqemlo,
705 2366 805 2396 Recte
837 2364 996 2394 Ernestus
1026 2368 1134 2403 negat,
1160 2386 1161 2390 ,

273 2422 416 2463 quodq—
439 2419 584 2460 reqendo,
608 2425 642 2449 ut
667 2429 683 2449 c
707 2419 798 2455 codd.
831 2417 945 2453 editur,
977 2417 1135 2447 Latinum
1160 2409 1161 2418 ³

274 2485 352 2505 esse.
394 2475 506 2512 Quum
529 2473 560 2502 in
586 2479 656 2513 post
695 2484 719 2501 m
746 2471 904 2501 omissum
928 2476 1005 2507 erat,
1029 2480 1087 2510 qno
1119 2480 1135 2499 a

275 2527 415 2557 librariis
439 2527 472 2556 111
496 2525 578 2566 quod
599 2530 765 2555 mutatum
789 2529 846 2554 est.

318 2581 335 2619 ξ
359 2582 386 2610 3.
419 2579 604 2619 Respondet
628 2578 668 2608 ad
692 2588 738 2614 ea,
763 2586 846 2617 quae
870 2576 1002 2607 Atticus
1035 2576 1067 2605 in
1100 2575 1135 2604 11-

277 2635 333 2664 bro
360 2634 393 2663 11
409 2634 448 2664 de
471 2633 519 2663 Re
536 2632 664 2672 publica
683 2642 747 2661 non
768 2631 844 2661 satis
857 2634 1004 2660 accurate
1020 2629 1137 2668 scripta

275 2687 533 2727 reprehenderat.
576 2685 714 2715 Temere
744 2683 783 2713 F.
811 2682 849 2713 G.
879 2681 957 2714 Otto
988 2682 1020 2712 in
1062 2682 1135 2711 adn.

274 2740 331 2769 431
357 2740 396 2768 ad
419 2737 622 2778 grammatici
647 2736 762 2766 incerti
786 2735 842 2765 lib.
866 2735 905 2765 de
924 2744 1035 2774 gener.
1048 2745 1135 2764 nom.

274 2793 353 2823 haec
385 2791 482 2822 refert
513 2791 552 2820 ad
594 2788 865 2828 (l'horogsraphiam,
902 2798 1001 2828 quam
1039 2797 1137 2818 nenio

274 2852 400 2885 praeter
423 2843 629 2873 Priscianum
648 2852 715 2872 uno
733 2841 805 2871 loco
823 2840 901 2872 (Vl.
916 2841 970 2881 83)
987 2840 1137 2871 Ciceroni

274 2898 397 2928 tribuit.

316 2952 458 2982 Hominis
493 2961 553 2981 που
587 2960 715 2991 nequam.
749 2960 781 2979 a:
810 2959 876 2979 non
916 2948 1028 2985 futilis,
1070 2943 1163 2979 non¹

274 3007 409 3043 inutilis,
434 3007 489 3037 sed
513 3005 590 3035 boni
615 3004 762 3035 auctoris.
797 3002 846 3034 Cf.
870 3002 955 3034 Gell.
982 3003 1061 3033 VII.
1087 3003 1135 3032 11.

275 3060 413 3090 Paullus
438 3070 453 3090 e
479 3059 579 3090 Festo
602 3069 631 3099 p.
657 3058 726 3089 176.

325 3112 457 3149 Tabulis,
488 3113 606 3152 quibus
638 3111 752 3142 adiecit
786 3111 916 3140 brevem
951 3116 1053 3140 terrae
1085 3110 1137 3139 de-

277 3165 495 3205 scriptionem,
532 3174 612 3204 quae
642 3164 760 3194 dicitur
798 3163 861 3198 Γῆς
889 3158 1059 3205 περίοδος,
1096 3162 1135 3191 de

1182 1884 1348 1923 scriptoris
1372 1894 1461 1924 opus,
1486 1885 1526 1913 ad
1549 1885 1636 1924 quod
1662 1888 1816 1924 provocat
1839 1882 1962 1919 Cicero,
1997 1881 2043 1911 in-

1182 1937 1335 1976 scriptum
1360 1941 1427 1967 erat
1463 1933 1536 1980 περὶ
1574 1937 1634 1972 τῆς
1672 1933 1717 1973 εἰς
1751 1934 1944 1979 Τροφωνίου
1983 1944 2041 1964 κα·

1181 1986 1372 2033 ταβάσεως.
1409 1990 1441 2020 111
1473 1999 1538 2029 (1110
1570 1988 1720 2019 Chaeron
1749 1988 1881 2029 quidam
1917 1987 1979 2024 vel,
2016 1987 2042 2017 si

1182 2045 1308 2077 Osanni
1332 2045 1519 2075 coniectura
1542 2044 1620 2073 ibid.
1644 2054 1673 2083 p.
1698 2043 1758 2073 110
1780 2042 1948 2083 proposita
1973 2051 2042 2082 pro-

1183 2100 1286 2135 batur,
1319 2098 1520 2137 Chaerepho‚
1552 2097 1696 2127 famosus
1726 2096 1851 2132 helluo,
1888 2095 2041 2125 narrandi

1183 2158 1289 2193 partes
1313 2156 1506 2191 susceperat.

1226 2204 1410 2235 Aceredem.
1436 2205 1584 2235 Verbum
1609 2204 1719 2239 rarius,
1744 2213 1809 2243 quo
1832 2202 1989 2232 Plautum
2008 2202 2040 2231 in

1183 2262 1279 2291 Asin.
1305 2261 1362 2295 (V.
1386 2261 1412 2297 2,
1437 2261 1471 2298 4)
1497 2266 1527 2290 et
1551 2259 1740 2289 Lucretium
1764 2258 1845 2295 (III.
1869 2258 1944 2297 856)
1967 2266 2041 2286 usos

1184 2324 1253 2345 esse
1276 2315 1394 2345 Bosius
1426 2313 1563 2349 monuit,
1596 2318 1643 2343 est
1672 2321 1802 2352 quoque
1832 2311 1865 2341 in
1897 2310 2042 2341 Cornelii

1184 2368 1321 2398 Datame
1344 2378 1371 2397 c.
1396 2368 1413 2397 3
1437 2373 1469 2397 et
1502 2366 1624 2396 indicat
1655 2365 1792 2395 alicuius
1822 2364 1916 2394 dictis
1945 2364 2043 2394 fidem

1182 2420 1311 2456 habere,
1336 2419 1463 2450 etiamsi
1488 2417 1674 2449 testimonia
1699 2427 1765 2447 non
1789 2417 1959 2447 addantur.

1229 2472 1326 2513 ῼπαηι
1349 2474 1381 2501 lu
1404 2472 1443 2501 de
1467 2471 1497 2501 ζ’.
1527 2471 1676 2506 Vestorio,
1700 2480 1754 2509 eqo
1785 2470 1824 2499 cle
1856 2469 1897 2499 M.
1931 2468 2045 2499 Cluvio.

1184 2526 1316 2556 Excitat
1339 2534 1395 2565 per
1417 2525 1526 2555 iocum
1548 2525 1629 2554 duos
1653 2523 1855 2553 Puteolanos
1887 2522 1973 2561 (Aa.
2003 2521 2044 2551 V.

1161 2583 1162 2590 ¹
1185 2580 1212 2616 2,
1236 2580 1263 2609 2.
1287 2578 1379 2608 Fam.
1402 2577 1503 2608 XIII.
1527 2577 1575 2613 56,
1601 2578 1644 2615 1),
1668 2586 1807 2616 quorum
1837 2577 1917 2606 fides
1946 2575 1979 2605 in
2010 2583 2054 2605 re
2103 2585 2106 2587 ’

1161 2620 1162 2662 f
1184 2631 1367 2671 argentaria
1391 2630 1514 2660 scilicet
1537 2640 1603 2660 non
1627 2629 1736 2659 minor
1758 2634 1835 2664 erat,
1866 2638 1963 2668 quam
1990 2627 2044 2658 Di-

1161 2684 1332 2734 ¹caearchi
1363 2684 1395 2714 in
1426 2682 1647 2723 descriptione
1678 2681 1844 2712 Graeciae.
1890 2681 1954 2712 Sed
1989 2690 2045 2710 cur

1184 2740 1243 2769 hos
1266 2736 1497 2779 potissimum?
1520 2737 1598 2776 quia
1624 2736 1771 2767 Puteolis
1800 2735 1960 2766 Graecum
1990 2744 2042 2764 no-

1184 2801 1259 2822 men
1285 2796 1351 2821 erat
1374 2789 1595 2825 Dicaearchia,
1618 2789 1678 2819 hos
1708 2788 1938 2819 Dicaearchios
1968 2796 2042 2817 cum

1186 2844 1386 2875 Dicaearcho
1418 2848 1594 2883 comparat.

1638 2842 1728 2872 Hinc
1757 2847 1889 2881 apparet
1925 2841 1958 2870 in
1995 2839 2042 2872 iis,

1186 2908 1269 2939 quae
1301 2897 1501 2938 praecedunt
1529 2896 1569 2926 cle
1599 2898 1659 2926 isto
1693 2895 1889 2925 Dicaearcho
1925 2902 2042 2924 nomeu

1185 2952 1355 2992 proprium
1378 2951 1515 2981 minime
1539 2959 1608 2981 esse
1631 2950 1819 2980 delendum.

1226 3002 1386 3033 Arcadiae
1419 3021 1459 3024 —
1489 3001 1635 3042 Lepreon.
1679 3001 1872 3031 Absurduin
1906 2999 2042 3033 videtur,

1183 3066 1282 3097 quum
1305 3055 1468 3086 Arcadiae
1490 3055 1571 3084 fines
1594 3054 1634 3084 ad
1657 3062 1746 3083 mare
1768 3062 1835 3082 non
1850 3051 2042 3091 pertineant.

1184 3109 1248 3139 Sed
1271 3108 1345 3138 vide
1370 3107 1466 3137 Paus.
1490 3107 1531 3136 V.
1556 3108 1583 3142 5,
1609 3106 1637 3135 3.
1660 3105 1802 3144 Reliqua
1827 3104 1897 3133 loca
1922 3102 1953 3133 in
1985 3103 2043 3132 Co-

1184 3161 1285 3191 rinthi
1312 3170 1390 3199 agro
1414 3164 1443 3190 et
1470 3160 1501 3190 in
1528 3158 1657 3189 Achaia
1682 3158 1741 3188 sita
1767 3162 1866 3187 erant.
