2117 3533
244 156 268 193 8
644 150 728 191 ΕΡ.
763 148 838 189 ΑΒ
871 148 917 188 Τ.
952 144 1301 187 POMPONIUM
1334 143 1597 185 ATTICUM.

252 288 336 329 81110
370 302 429 337 eo,
465 300 583 340 quem
616 282 813 326 Caecilius
847 296 918 323 suo
950 278 1112 321 nomine
1144 277 1384 333 perhiberet,
1418 276 1532 319 facile
1566 291 1725 319 causam
1755 293 2004 320 communem

253 359 508 409 sustinerent,
543 371 715 412 aequum
748 371 831 397 esse
864 368 955 395 eum
988 356 1028 393 et
1061 351 1188 392 officio
1220 366 1308 392 meo
1342 350 1546 391 consulere
1578 354 1618 391 et
1639 351 1821 407 tempori.
1855 352 2007 393 Durius

253 433 429 487 accipere
461 431 537 471 1100
570 429 670 471 1111111
702 429 810 470 visus
843 432 916 477 est,
952 440 1071 480 quam
1103 424 1244 466 vellem
1277 428 1316 465 et
1349 440 1468 479 quam
1500 423 1680 464 homines
1722 423 1816 465 belli
1857 425 2006 476 solent,

254 510 294 545 ct
326 508 462 560 postea
494 518 654 558 prorsus
688 501 737 543 ab
770 500 956 542 instituta
989 503 1124 539 nostra
1156 512 1373 553 paucorum
1401 497 1555 538 dierum
1579 496 1868 538 consuetudine
1891 497 2008 551 longe

227 576 415 630 51·efugit.
449 575 535 616 Abs
567 580 606 615 te
640 579 746 630 peto,
788 577 834 614 ut
865 571 965 612 mihi
998 570 1073 611 1100
1106 571 1287 624 ignoscas
1332 575 1370 610 et
1410 585 1472 610 me
1514 569 1716 610 existimes
1760 568 2008 610 humanitate

256 664 339 690 esse
372 647 634 703 prohibitum,
669 664 718 689 110
753 651 890 688 contra
923 645 1040 686 amici
1074 659 1269 685 summam
1302 643 1638 685 existimationem
1670 643 1890 683 miserrimo
1924 643 2009 683 eius

256 727 431 777 tempore
464 722 655 771 venirem,
690 736 814 775 quum
846 720 880 760 is
914 718 1046 759 omnia
1079 733 1150 759 sua
1183 717 1317 758 studia
1357 722 1396 757 et
1429 716 1557 757 officia
1589 716 1632 756 in
1664 731 1727 756 me
1761 715 2009 756 contulisset.

256 793 412 844 Quodsi
444 794 551 835 Voles
584 794 627 835 in
659 809 722 835 me
755 808 839 834 esse
873 791 1022 842 durior,
1058 790 1316 831 ambitionem
1348 788 1510 844 putabis
1543 788 1643 828 mihi
1676 787 1890 829 obstitisse.
1925 788 2011 841 Ego

257 870 390 907 autem
424 865 605 916 arbitror,
641 865 797 907 etiamsi
829 865 871 905 id
905 864 970 913 sit,
1004 862 1104 904 mihi
1122 861 1411 917 ignoscendum
1434 876 1536 902 esse:
1574 857 1673 902 ἐπεὶ
1691 858 1790 918 οὐχ
1811 859 2010 919 ἱερήιον,

211 955 243 979 ιο
255 932 370 982 οὐδὲ
404 935 589 995 βοείην.
628 938 753 979 Vides
787 937 907 987 enim,
940 937 984 977 in
1018 951 1095 990 quo
1140 950 1258 976 cursu
1302 934 1425 975 simus
1467 938 1506 974 et
1539 948 1657 987 quam
1690 948 1825 974 omnes
1866 933 2013 987 gratias

255 1027 338 1053 non
370 1011 487 1052 modo
520 1010 762 1061 retinendas,
797 1024 933 1050 verum
968 1008 1088 1049 etiam
1122 1006 1383 1062 acquirendas
1423 1010 1624 1060 putemus.
1675 1006 1796 1060 Spero
1834 1005 1911 1046 tibi
1951 1020 2013 1046 me

258 1099 417 1126 causam
451 1083 651 1139 probasse,
697 1082 814 1137 cupio
849 1080 1011 1136 quidem
1044 1084 1162 1121 certe.
1221 1080 1260 1119 5.
1295 1077 1569 1119 Hermathena
1601 1081 1673 1118 tua
1704 1077 1818 1118 valde
1851 1093 1913 1119 me
1948 1077 2013 1118 de-

255 1158 390 1208 lectat,
425 1161 465 1198 et
497 1156 626 1212 posita
658 1155 715 1197 ita
748 1155 850 1196 belle
884 1159 957 1206 est,
1002 1157 1048 1195 ut
1080 1157 1211 1194 totum
1244 1151 1495 1207 gymnasium
1528 1150 1614 1191 eius
1647 1146 1895 1207 ἀνάθημα
1929 1166 2013 1192 0880

254 1229 451 1271 videatur.
485 1229 664 1271 Multum
696 1232 736 1269 te
770 1242 962 1269 amamus,

294 1352 333 1382 13
354 1353 371 1391 †
392 1350 492 1390 ἡλίου
519 1342 693 1397 ἀνάθημα

255 1460 331 1490 dam
352 1458 442 1489 viam
464 1462 553 1489 tenet
576 1458 661 1489 inter
689 1458 840 1489 homines
870 1457 970 1488 nimis
1004 1456 1116 1487 faciles

256 1518 287 1544 et
308 1512 407 1543 nimis
430 1521 586 1542 morosos.
626 1512 720 1542 Idem
742 1512 806 1542 dici
829 1511 931 1552 possit
952 1511 1114 1540 humanus.
1137 1533 1138 1537 ,

258 1564 306 1596 Cf.
330 1564 404 1595 Fin.
428 1564 472 1595 II.
498 1564 566 1595 102.
604 1564 679 1595 Itali
702 1569 821 1594 vocant
843 1574 885 1593 ml.
903 1564 1116 1604 yalantaomo,
1137 1554 1139 1578 ²

257 1617 345 1649 Galli
368 1628 408 1648 un
432 1618 547 1647 homme
570 1617 609 1647 cle
631 1616 710 1647 bien.
740 1617 854 1648 Bellus
882 1617 990 1653 homo,
1021 1625 1118 1657 quem
1138 1612 1140 1627 ³

258 1673 366 1713 lepide
388 1673 537 1713 depingit
558 1672 720 1703 Martialis
742 1673 804 1703 ΠΙ.
829 1672 877 1709 63,
893 1672 1006 1702 abhoc
1019 1672 1118 1712 longe
1139 1673 1141 1680 '

258 1726 404 1757 diversus
427 1730 484 1757 est.

299 1778 347 1809 Ne
370 1780 479 1809 contra
510 1778 602 1809 amici
630 1788 658 1810 3.
689 1778 950 1809 existimationem
974 1797 1014 1801 ——
1036 1778 1118 1809 veni-

259 1842 332 1863 rem.
356 1832 480 1863 Venire
504 1836 617 1862 contra
638 1832 780 1873 aliquem
803 1837 834 1863 et
856 1838 969 1863 contra
990 1842 1060 1863 rem
1073 1832 1118 1863 di-

261 1890 388 1922 cuntur,
410 1885 466 1925 qui
489 1885 523 1915 in
547 1885 668 1916 iudicio
691 1886 868 1917 adversarii
891 1895 1021 1916 causam
1043 1895 1118 1926 quo-

258 1939 308 1969 vis
330 1939 429 1969 modo
451 1943 592 1970 tuentur.
617 1938 665 1970 Cf.
690 1939 776 1970 Phil.
800 1940 844 1970 11.
868 1940 896 1970 3.
923 1939 1039 1970 Contra
1055 1949 1118 1969 rem

257 2002 346 2021 suam
370 2001 416 2021 me
439 1991 560 2021 venisse
582 1993 707 2032 questu-s·
736 1993 793 2022 est.
830 1992 910 2022 Alia
938 1992 1121 2033 suppeditat

258 2044 425 2075 Manutius
449 2045 489 2074 ad
518 2049 597 2075 orat.
620 2055 650 2085 p.
673 2044 761 2075 Mur.
785 2045 812 2075 9.

305 2095 377 2131 ἐπεὶ
399 2113 447 2119 -
469 2094 603 2143 βοείην.
639 2098 723 2129 Sunt
745 2099 923 2129 Homerica
946 2108 987 2130 ex
1016 2099 1120 2130 Iliade

258 2154 303 2185 X.
327 2155 396 2192 159,
420 2154 537 2195 quibus
561 2154 675 2186 Cicero
698 2157 946 2196 proverbialiter
965 2157 1066 2187 utitur
1080 2158 1120 2188 ad

262 2210 515 2250 exprimendum
537 2212 623 2251 quod
647 2211 816 2252 Vergilius
839 2213 926 2243 Aen.
949 2212 1030 2243 XH.
1061 2213 1121 2245 764

258 2263 350 2293 dicit:
374 2262 481 2303 Neque
508 2263 587 2293 enim
619 2264 702 2294 levia
732 2267 788 2295 aut
817 2265 941 2296 ludicra
965 2267 1119 2305 petuntur

263 2314 417 2345 Praemia.
440 2316 480 2346 In
499 2316 568 2346 cod.
591 2316 686 2357 Hisp.
709 2317 789 2348 haec
812 2318 857 2348 ita
871 2318 1008 2349 mutavit
1023 2318 1118 2348 libra-

257 2369 340 2401 rius:
366 2361 466 2404 3εἶον
496 2369 564 2416 γάρ
596 2362 737 2416 ἀγαθὸν
767 2371 785 2408 ἡ
818 2373 916 2418 τιμή.

306 2427 399 2458 Vides
422 2428 514 2467 enim,
536 2428 567 2459 in
591 2440 649 2470 quo
671 2439 764 2460 cursu
789 2430 894 2469 simus,
917 2432 947 2461 et
969 2441 1056 2472 qzcam
1079 2449 1120 2453 —

281 2484 409 2512 aremus.
454 2481 577 2514 Omnes
607 2483 698 2513 codd.
728 2494 809 2524 quos
839 2484 983 2525 inspexit
1014 2485 1119 2525 Lago-

261 2535 431 2571 marsinus,
471 2535 588 2576 quibus
618 2537 775 2568 accedunt
805 2542 943 2578 quatuor
965 2537 1118 2574 Parisini,

259 2588 381 2618 habent
402 2597 516 2618 summ.
561 2587 741 2620 Caveamus
771 2595 879 2620 tamen
909 2599 950 2621 ne
979 2589 1040 2620 hac
1069 2599 1118 2620 eo-

261 2641 370 2671 dicum
392 2641 631 2682 conspiratione
654 2641 855 2679 inducamur,
878 2647 913 2673 ut
936 2643 1048 2673 Tullio
1071 2653 1118 2673 so-

261 2694 453 2725 loecismum
469 2695 688 2726 obtrudamus.
710 2695 800 2726 Male
817 2696 962 2727 Kritzius
985 2697 1025 2726 ad
1051 2696 1117 2727 Sal.

262 2748 333 2787 Ing.
356 2749 384 2785 4,
414 2749 434 2778 4
464 2748 678 2779 indicativum
700 2748 873 2780 defendere
896 2750 1021 2786 studet,
1053 2758 1117 2780 me-

263 2800 344 2830 liora
373 2801 553 2832 docuerunt
581 2806 708 2841 praeter
736 2801 924 2841 Zumptium
952 2803 993 2832 ad
1022 2802 1117 2833 Verr.

261 2868 291 2897 p.
315 2857 375 2887 366
398 2868 454 2898 sq„
484 2867 582 2898 quem
611 2857 753 2889 Orellius
782 2858 900 2895 laudat,
929 2859 1117 2899 Madvigius

262 2910 302 2939 ad
325 2909 391 2941 Cic.
414 2910 488 2941 Fin.
511 2920 541 2951 p.
574 2910 634 2940 590
664 2920 710 2950 sq.
740 2915 770 2941 et
802 2909 839 2943 O.
870 2911 957 2948 Keil,
995 2916 1116 2952 quaest.

262 2962 349 2992 Tull.
374 2962 466 3003 Spec.
490 2964 526 2994 Π
549 2962 662 3003 (Lign.
686 2963 791 3001 1846).
815 2964 1017 2995 Indicativus
1032 2969 1117 2996 recte

264 3026 297 3047 se
319 3017 426 3054 habet,
450 3017 478 3048 si
499 3017 626 3049 deletur
647 3020 678 3048 et
699 3023 771 3058 post
793 3028 905 3055 samus,
928 3024 963 3049 ut
991 3029 1048 3060 quo
1077 3019 1118 3049 sit

262 3069 434 3100 relativum
456 3074 487 3101 et
509 3069 541 3100 in
564 3081 621 3112 quo
653 3080 745 3101 cursa
774 3080 877 3101 Sumus
906 3071 1031 3103 (licatur
1059 3083 1117 3113 pro

262 3132 295 3151 m
317 3131 351 3151 eo
373 3132 477 3161 cua-ses,
500 3133 532 3152 m
553 3133 611 3164 quo
632 3133 745 3153 emnem.

1207 1454 1318 1486 Omnes
1337 1455 1474 1496 qratia&
1510 1454 1652 1486 Pluralis
1675 1455 1791 1486 eodem
1812 1454 1910 1485 modo
1940 1453 2018 1494 legi-

1162 1514 1214 1540 tur
1236 1510 1275 1540 de
1298 1509 1372 1549 lege
1394 1519 1498 1549 agrar.
1528 1509 1573 1539 II.
1604 1509 1632 1545 3,
1655 1508 1711 1538 ubi
1739 1507 1854 1539 Cicero
1881 1507 1959 1538 dicit
1987 1517 2019 1538 se

1162 1573 1221 1594 non
1251 1563 1474 1593 &cellentibus
1506 1562 1623 1603 pratris
1652 1572 1825 1602 paucorum
1853 1561 2021 1592 consulem

1164 1626 1232 1648 0880
1255 1616 1385 1653 factum,
1409 1621 1440 1647 et
1462 1616 1547 1647 Mur.
1570 1617 1611 1646 42
1632 1615 1666 1646 L.
1693 1615 1845 1645 Murenae
1856 1614 2021 1655 provincia

1164 1670 1279 1701 multas
1302 1670 1397 1700 bonas
1416 1669 1540 1709 ytatius
1560 1679 1627 1699 cum
1649 1667 1765 1708 optima
1792 1667 2023 1698 existimatione

1164 1724 1284 1754 attulit.
1315 1724 1438 1755 Moneo
1471 1728 1603 1764 propter
1636 1721 1873 1753 dubitationem
1907 1720 2022 1752 Casau-

1166 1777 1254 1808 boni.

1210 1829 1302 1869 Cupio
1323 1828 1443 1870 quidem
1473 1829 1565 1859 certe.
1602 1827 1727 1858 Similis
1756 1827 1930 1858 verborum
1959 1826 2022 1856 col-

1163 1883 1282 1914 locatio
1312 1887 1359 1914 est
1388 1882 1484 1912 Tusc.
1515 1881 1557 1912 V.
1587 1881 1627 1912 24
1657 1895 1671 1906 u
1683 1890 1782 1921 quam
1823 1880 1913 1916 bene,
1952 1889 2019 1909 non

1164 1936 1344 1977 quaeritur3
1361 1938 1548 1965 constanter
1560 1933 1692 1974 quidem
1707 1933 1826 1964 certe.”
1848 1931 1897 1962 Cf.
1912 1931 2022 1962 Hand.

1166 1989 1260 2019 Turs.
1284 1988 1328 2018 II.
1352 1997 1381 2028 p.
1406 1986 1444 2019 27
1467 1996 1523 2027 sq„
1547 1991 1578 2017 et
1601 1985 1698 2017 Bakii
1721 1984 1832 2016 Schol.
1854 1984 2022 2025 Hypomn.

1167 2040 1228 2071 ΠΙ.
1251 2050 1281 2080 p.
1305 2040 1374 2070 313.
1411 2040 1510 2070 Recte
1533 2039 1573 2070 de
1594 2048 1655 2068 usu
1677 2042 1757 2078 part.
1787 2035 1908 2078 quidem
1939 2038 2023 2067 certe

1168 2093 1322 2124 iudicavit
1343 2092 1512 2124 Manutius
1535 2092 1575 2121 ad
1597 2091 1689 2121 Fam.
1713 2091 1739 2121 Ι.
1763 2091 1790 2127 9,
1816 2091 1864 2120 13.

1210 2148 1228 2186 ξ
1252 2148 1279 2176 5.
1314 2145 1391 2176 Eius
1414 2137 1602 2191 ἀνάθημα.
1650 2145 1763 2185 Vulgo
1793 2144 1897 2175 editur
1925 2139 2024 2178 ἡλίου

1168 2197 1359 2257 ἀνάθημα,
1382 2205 1469 2245 quod
1490 2204 1524 2234 in
1557 2214 1660 2244 marg.
1689 2203 1776 2234 Crat.
1799 2202 1954 2243 scriptum
1977 2204 2026 2231 est

1168 2267 1198 2293 et
1219 2262 1286 2293 fere
1309 2261 1418 2292 latinis
1441 2261 1542 2292 literis
1565 2267 1734 2293 exaratum
1748 2260 1870 2301 legitur
1886 2260 1919 2290 in
1934 2258 2023 2289 Med.

1168 2315 1233 2346 Sed
1261 2315 1330 2346 sive
1360 2315 1418 2346 illa
1453 2315 1703 2355 interpretamur
1737 2313 1813 2344 solis
1849 2311 2023 2348 donarium,

1166 2370 1235 2400 sive
1258 2369 1343 2400 locus
1365 2368 1425 2399 solz·
1454 2370 1663 2406 consecratus,
1692 2379 1759 2399 non
1788 2367 1940 2407 intelligo
1969 2376 2025 2396 cur

1167 2421 1281 2453 Cicero
1296 2426 1363 2452 tam
1379 2422 1513 2452 obscure
1528 2421 1654 2459 locutus
1669 2421 1719 2451 sit.
1742 2420 1789 2451 At
1797 2419 1908 2451 onmia
1916 2419 2022 2459 plana,

1166 2475 1192 2506 si
1215 2474 1279 2505 eliu
1303 2484 1344 2505 cx
1367 2474 1434 2504 eius
1455 2474 1540 2504 male
1563 2474 1760 2514 descriptum
1787 2482 1905 2504 sumas.
1941 2472 2023 2502 Her-

1165 2528 1319 2559 mathena
1342 2527 1399 2558 illa
1421 2527 1465 2557 ita
1488 2526 1671 2558 excellebat
1692 2527 1778 2558 inter
1800 2530 1907 2557 cetera
1929 2535 2022 2555 orna-

1166 2586 1279 2612 menta
1302 2579 1476 2620 gymnasii,
1492 2584 1527 2609 ut
1542 2579 1604 2609 hoc
1619 2580 1687 2610 eius
1703 2589 1799 2610 causa
1814 2583 2023 2614 exstructum,

1165 2634 1194 2665 ei
1217 2633 1401 2664 dedicatum
1430 2633 1603 2663 videretur.
1650 2632 1698 2663 Cf.
1730 2632 1941 2663 Casaubonus
1971 2640 2021 2671 ap.

1164 2688 1279 2719 Graev.
1304 2689 1344 2718 ad
1366 2688 1397 2718 h.
1424 2688 1455 2724 1.,
1478 2688 1533 2728 qni
1555 2686 1644 2718 illius
1669 2686 1706 2719 ἀ.
1739 2685 1894 2716 defendit.
1939 2684 2022 2715 Cum

1164 2745 1297 2776 Klotzio
1319 2745 1432 2785 scripsi
1454 2745 1530 2775 eius.
1564 2743 1790 2775 Memorabilis
1823 2747 1871 2773 est
1899 2741 2023 2772 coniec-

1164 2803 1243 2834 tura,
1267 2807 1364 2838 quam
1387 2797 1635 2838 Peerlkampius
1658 2796 1740 2827 mihi
1762 2795 1896 2826 obtulit:
1921 2795 1954 2823 ut
1977 2795 2020 2824 to-

1164 2851 1226 2881 tius
1246 2850 1401 2892 qymnasii
1422 2851 1511 2891 quasi
1533 2844 1661 2884 Ἠλεῖον
1694 2847 1863 2894 ἀνάθημα
1886 2857 1952 2878 esse
1981 2847 2022 2877 vi-

1163 2908 1276 2939 deatur
1299 2918 1330 2938 a:
1361 2914 1395 2938 ut
1426 2914 1529 2939 statua
1559 2908 1617 2938 illa
1646 2907 1830 2938 maximum
1859 2904 2023 2945 gymnasii

1163 2966 1400 2998 ornamentum,
1424 2966 1459 2991 ut
1481 2965 1572 2991 erant
1595 2960 1729 2990 donaria
1748 2959 1781 2989 in
1797 2958 1919 2998 templo
1935 2956 2022 2987 Iovis

1163 3014 1245 3051 Elei,
1262 3024 1330 3045 0880
1346 3014 1502 3045 videatur.
1524 3007 1652 3046 Ἠλεῖον
1682 3004 1856 3058 ἀνάθημα
1879 3011 2021 3043 Graevio

1163 3083 1292 3115 qnoque
1314 3074 1479 3115 placuerat
1501 3073 1533 3104 in
1558 3072 1643 3103 Add.
1668 3082 1696 3113 p.
1721 3073 1790 3103 305.
