2117 3533
303 143 360 183 34
702 143 784 183 ΕΡ.
821 143 895 184 AD
927 144 973 184 T.
1008 144 1356 185 POMPONIUM
1390 145 1652 188 ATTICUM.

299 276 395 316 teris
427 275 470 316 in
503 275 747 330 Pompeiana
778 276 896 317 laude
929 278 1164 331 perstrictus
1197 284 1313 319 esset.
1368 282 1408 320 4.
1442 280 1522 321 Hic
1556 279 1641 322 dies
1673 295 1736 321 me
1768 280 1883 322 valde
1916 280 2058 322 Crasso

299 347 506 399 adiunxit3
542 354 582 389 et
613 354 748 390 tamen
782 349 831 390 ab
865 349 934 389 illo
968 354 1101 404 aperte
1133 355 1238 391 tecte
1272 351 1468 406 quidquid
1503 357 1563 393 est
1596 352 1749 403 datum,
1783 352 1955 394 libenter
1994 368 2056 394 ac-

299 421 399 475 cepi.
434 421 521 475 Ego
556 426 689 462 autem
722 422 821 477 ipse,
858 421 914 462 dii
948 421 1062 462 boni!
1099 437 1177 476 quo
1196 423 1314 463 modo
1337 420 1803 482 ἕνεῑτερπερευσάμην
1821 441 1924 466 novo
1945 425 2056 466 audi-

296 495 374 534 tori
408 494 619 549 Pompeio!
668 495 710 535 Si
743 510 921 548 unquam
954 494 1054 534 mihi
1087 489 1303 553 περίοδοι
1340 496 1363 549 ἡ
1399 494 1599 553 καμπαὶ
1643 498 1670 550 η
1716 494 2055 554 ἐνθυμήματα

269 565 322 619 51]
368 564 676 608 κατασκευαί
718 566 1088 621 suppedit-aierunt,
1134 567 1203 607 illo
1244 573 1436 623 tempore.
1499 569 1608 620 Quid
1652 570 1805 612 multa?
1851 571 2054 612 clamores.

296 639 457 679 Etenim
490 639 586 679 haec
621 644 704 680 erat
737 635 978 689 ὑπόθεσις
1013 640 1060 680 de
1093 641 1287 694 gravitate
1323 641 1487 692 ordinis,
1531 642 1578 683 de
1619 643 1792 697 equestri
1829 643 2054 694 concordia,

295 711 341 751 de
377 711 635 752 consensione
669 712 824 762 Italiae,
860 712 907 752 de
941 712 1215 753 intermortuis
1248 714 1426 768 reliquiis
1461 715 1762 767 coniurationis,
1797 716 1846 757 de
1885 715 2053 766 viljtate,

294 783 341 824 de
376 784 470 824 otio.
505 785 626 826 Nosti
659 786 737 825 iznn
771 785 813 825 in
848 785 922 826 liae
956 786 1119 826 materia
1155 787 1310 827 sonitus
1342 792 1519 829 nostros:
1555 790 1659 830 tanti
1691 789 1869 839 fuerunt,
1903 792 1951 830 ut
1982 803 2055 843 ego

334 994 464 1032 Moneri,
488 997 589 1025 ulrum
615 995 757 1025 (russum
779 995 862 1026 inire
879 1014 920 1018 ——
936 1007 977 1027 an
995 1007 1061 1027 esse
1078 1000 1148 1028 tan-
1199 997 1306 1037 priora
1336 998 1377 1028 ad
1405 997 1632 1035 elocutionem,
1661 997 1841 1038 posteriora
1873 998 1914 1028 ad
1941 997 2055 1028 confir-

292 1050 343 1078 tas
372 1058 423 1078 res
451 1050 586 1078 nostras.
615 1049 817 1079 Insolentior
845 1050 1045 1080 constructio
1075 1061 1147 1091 pro:

292 1102 360 1132 sive
383 1102 458 1142 quia
482 1102 613 1133 videbat
637 1102 791 1133 Crassum
814 1103 897 1134 inire
919 1122 960 1126 —
983 1104 1050 1135 sive
1073 1105 1149 1145 quia
1171 1131 1172 1136 ,

291 1154 499 1194 intelligebat
527 1161 633 1185 tantas
663 1164 732 1185 esse
762 1165 812 1186 res
841 1162 978 1192 nostras,
1009 1163 1069 1187 cet.
1099 1157 1148 1188 De

290 1208 532 1238 constructione
555 1218 620 1238 aec.
639 1217 715 1238 cum
731 1208 821 1238 infin.
836 1214 909 1248 post
923 1208 1147 1248 interrogandi

289 1262 465 1302 particulas
495 1262 563 1302 egit
591 1261 629 1292 G.
660 1263 699 1292 T.
729 1263 772 1293 A.
802 1263 982 1301 Krugerus,
1014 1263 1147 1294 I'nters.

289 1326 346 1346 aus
369 1317 445 1347 dem
466 1315 602 1347 Gebiete
625 1317 682 1347 der
703 1316 760 1347 lat.
784 1316 1010 1356 Sprachlehre,
1027 1316 1103 1347 fasc.
1120 1318 1146 1348 1.

288 1379 318 1409 p.
344 1370 381 1399 10
404 1379 492 1410 seqq.

330 1423 411 1453 Meis
434 1423 571 1454 omnibvs
593 1423 707 1453 liferis.
748 1438 760 1448 υ
771 1423 945 1463 Exquisite
968 1434 1026 1463 pro
1049 1424 1144 1463 scrip-

288 1476 329 1506 tis
352 1476 454 1512 libris,
485 1476 688 1506 orationibus
719 1476 913 1515 imprimis.”
950 1476 1030 1506 Ern.
1067 1476 1144 1506 Vid.

286 1539 362 1569 prae
385 1529 499 1560 ceteris
522 1530 561 1560 de
590 1530 667 1570 imp.
699 1529 759 1560 Cu.
791 1529 905 1569 Pomp.
934 1530 983 1559 28.
1013 1529 1053 1559 cf.
1076 1529 1143 1560 Sal.

287 1581 358 1613 Cat.
379 1584 430 1613 48.

326 1638 364 1668 In
400 1638 585 1678 Pompeiana
613 1638 710 1668 lavde
739 1648 770 1668 o:
809 1639 888 1669 dum
918 1639 1095 1679 Pompeius
1124 1649 1140 1669 a

284 1701 336 1722 me
360 1692 521 1722 laudatur.
544 1691 584 1722 cf.
607 1691 731 1721 Handii
755 1692 850 1721 Turs.
874 1692 940 1721 III.
962 1702 993 1731 p.
1017 1692 1087 1721 258.

328 1746 345 1784 ξ
369 1747 397 1775 4.
420 1745 466 1775 Ab
490 1745 546 1775 illo
569 1755 600 1775 o:
626 1755 643 1775 a
668 1745 835 1784 Pompeio.

329 1797 488 1838 qvidqvid
507 1800 554 1827 est
576 1797 693 1834 datum,
717 1797 770 1828 lib.
795 1797 910 1837 accepi.
934 1796 1007 1826 Fin.
1031 1797 1078 1827 ΙΙ.
1102 1798 1140 1827 82

284 1851 410 1890 accis-sio,
433 1851 515 1892 quod
536 1851 623 1887 dant,
646 1850 739 1881 Fam.
763 1851 790 1880 Ι.
806 1851 833 1887 1,
852 1851 880 1880 2.
907 1849 996 1889 Quod
1018 1849 1073 1879 dat
1087 1860 1139 1880 ac-

283 1905 420 1944 cipimus,
445 1905 484 1934 ad
507 1913 590 1944 quae
612 1903 711 1933 verba
734 1903 865 1933 Rostius
888 1903 922 1932 111
953 1902 1030 1933 Obs.
1060 1902 1140 1933 Crit.

283 1956 376 1997 Spec.
401 1957 427 1986 Ι.
450 1967 480 1997 p.
505 1956 556 1986 VI
579 1956 730 1986 observat
754 1964 823 1985 esse
847 1955 1048 1985 locutionem
1070 1965 1140 1995 pro-

282 2011 470 2047 verbialem,
495 2020 557 2050 qua
580 2010 744 2040 indicatur
766 2015 959 2039 contentum
985 2019 1054 2040 esse
1084 2009 1139 2039 ali—

282 2075 381 2106 quem
404 2075 450 2102 eo,
482 2065 569 2105 quod
600 2064 682 2094 alter
710 2073 768 2104 pro
799 2063 932 2093 arbitrio
963 2073 1021 2093 suo
1050 2072 1139 2103 prae-

282 2124 365 2148 stare
388 2118 478 2148 velit.

323 2172 438 2211 Aperle
461 2173 551 2201 tecte.
575 2169 798 2205 Casaubonus,
815 2168 1000 2199 Gronovius
1017 2168 1137 2208 aliique

282 2226 389 2263 aperte
412 2224 545 2254 trahunt
569 2223 609 2252 ad
631 2221 752 2261 accepi;
788 2231 956 2261 perperam
986 2221 1046 2251 hoc
1069 2221 1137 2261 qui-

281 2279 366 2308 dem.
388 2278 488 2308 Recte
512 2276 630 2307 Matth.
654 2275 811 2316 explicat:
842 2274 908 2303 sive
931 2276 1049 2314 aperte,
1073 2274 1138 2304 Sic-e

281 2332 371 2366 tecle,
408 2331 447 2360 de
482 2340 546 2370 quo
582 2328 710 2359 dicendi
745 2337 864 2367 {genere
900 2327 965 2357 vid.
998 2327 1136 2366 Reisig-ii

281 2384 390 2417 Schol.
415 2384 433 2423 ξ
455 2385 526 2413 455.

320 2432 692 2482 Ἐνεπερπερευσάμην,
717 2434 877 2465 remlisavi
897 2445 942 2464 me
966 2436 995 2464 el
1007 2434 1135 2465 iactari.

280 2495 340 2525 Est
364 2494 459 2536 ἅπαξ
488 2493 681 2540 hyopam.
722 2495 834 2525 Verbo
863 2495 1003 2534 simplici
1034 2495 1136 2525 utitur

282 2555 404 2586 Paulus
428 2555 461 2584 in
486 2554 578 2594 epist.
601 2554 641 2583 ad
660 2552 808 2584 Corinth.
823 2554 850 2584 I.
867 2554 914 2589 13,
930 2555 958 2590 4,
974 2552 993 2589 ἡ
1013 2551 1131 2597 ἀγάπη

282 2613 318 2647 οὐ
335 2613 588 2659 περπερεύεται,
613 2622 678 2652 quo
701 2618 824 2652 spectat
846 2612 954 2651 glossa
976 2610 1136 2650 Hesychii

278 2671 533 2717 περπερεύεται,
563 2669 820 2716 κατεπαίρεται.
860 2668 991 2709 Optime
1013 2669 1053 2698 de
1074 2668 1135 2698 hac
1160 2688 1162 2706 7

1199 1050 1311 1080 mandi
1333 1050 1618 1091 amplificandique
1641 1051 1787 1081 studium
1804 1050 1913 1081 refert.
1935 1050 2054 1081 Latine

1198 1103 1321 1133 dixeris
1357 1103 1520 1140 circuitus,
1557 1103 1797 1140 conversiones,
1827 1102 2054 1134 conclusiones

1198 1166 1239 1187 ex
1269 1157 1449 1193 contrariis,
1479 1157 1754 1187 confirmationes.
1788 1156 2054 1197 Enthymematis

1198 1210 1264 1240 vim
1288 1210 1456 1250 eleganter
1479 1211 1631 1250 exposuit
1652 1210 1848 1241 XVielandus
1870 1210 1904 1241 in
1923 1211 1997 1241 adn.
2013 1211 2052 1240 ad

1196 1263 1228 1294 h.
1252 1273 1301 1304 ep.
1325 1264 1351 1294 1.
1374 1274 1404 1304 p.
1428 1263 1487 1296 287
1511 1273 1598 1304 seqq.

1237 1316 1520 1356 15'u],peclilczz·erunt
1548 1326 1587 1347 o:
1618 1322 1746 1357 praesto
1774 1316 1916 1353 fuerunt,
1951 1317 2052 1347 abun—

1195 1372 1325 1401 darunt.
1353 1370 1559 1411 Suppeditare
1582 1377 1613 1402 et
1635 1381 1795 1411 superare,
1817 1371 1915 1412 plane
1936 1377 1974 1402 ut
1995 1370 2051 1402 Gr.

1194 1423 1347 1472 εὐπορεῖν
1361 1427 1458 1455 modo
1474 1426 1578 1456 active
1592 1427 1690 1456 modo
1703 1425 1911 1456 intransitive
1918 1425 1997 1466 poni
2011 1426 2051 1455 ad

1195 1483 1377 1514 satietatem
1406 1493 1510 1524 usque
1531 1489 1732 1514 monuerunt
1765 1483 1915 1520 editores,
1943 1483 2050 1514 Beier.

1193 1537 1233 1566 ad
1256 1536 1319 1567 Off.
1342 1537 1370 1566 I.
1392 1538 1443 1566 44.
1465 1536 1626 1576 Forbiger
1648 1536 1688 1566 ad
1709 1536 1808 1567 Lucr.
1831 1537 1871 1567 de
1896 1537 1935 1568 R.
1957 1536 2000 1567 N.
2022 1537 2050 1567 Ι.

1194 1590 1268 1625 548,
1293 1589 1398 1619 Kritz.
1418 1590 1458 1619 ad
1491 1588 1558 1619 Sal.
1582 1588 1654 1619 Cat.
1676 1589 1725 1625 20,
1756 1589 1805 1619 11.
1842 1589 1976 1620 Lobeck
2007 1590 2047 1620 ad

1192 1641 1317 1681 Plu-yn.
1358 1652 1388 1681 p.
1432 1642 1501 1671 595.
1559 1641 1649 1672 Male
1689 1647 1789 1681 negat
1824 1642 1969 1673 Ellendt.
2006 1643 2045 1672 ad

1192 1697 1286 1726 Brut.
1317 1696 1387 1726 105.

1235 1751 1391 1782 clamores
1413 1762 1467 1792 111).
1490 1751 1642 1782 excitavi.
1686 1750 1854 1782 Clamores
1881 1760 1975 1791 saepe
2003 1751 2048 1781 di-

1191 1805 1275 1835 citur
1298 1805 1337 1835 de
1359 1804 1486 1844 plausu.
1517 1804 1594 1834 Vid.
1618 1803 1681 1834 loci
1704 1804 1745 1834 ab
1766 1803 1936 1834 Ellendtio
1957 1803 2048 1834 citati

1191 1859 1231 1888 ad
1255 1858 1281 1888 I.
1305 1858 1344 1888 de
1368 1856 1457 1888 Orat.
1481 1857 1551 1887 152.
1573 1875 1614 1879 —
1636 1856 1813 1887 Distinctio
1836 1866 1854 1886 a
1882 1856 2047 1886 Lambino

1190 1911 1353 1951 proposita
1386 1910 1536 1940 clamores
1574 1910 1752 1949 (etenim...
1788 1910 1927 1952 nostros>
1964 1909 2049 1940 tanti

1180 1963 1317 2003 fuerunt
1346 1964 1426 1993 dura
1463 1969 1511 1993 est
1541 1968 1573 1993 et
1601 1963 1790 1993 adversatur
1817 1962 2046 1993 consuetudini

1191 2017 1377 2054 Tullianae,
1400 2016 1457 2056 qui
1479 2022 1512 2047 et
1534 2022 1606 2057 post
1627 2016 1685 2047 illa
1714 2016 1791 2057 quid
1817 2016 1944 2046 mulla?
1972 2015 2049 2057 quid

1188 2068 1341 2109 qnaeris?
1364 2068 1506 2099 breviter
1528 2069 1723 2099 concludere
1746 2069 1830 2100 solet
1844 2075 1876 2099 et
1889 2074 1964 2109 post
1976 2069 2045 2099 lon-

1189 2123 1315 2162 giorem
1336 2121 1546 2162 parenthesin
1563 2122 1758 2152 sententiam
1780 2123 1961 2152 instaurare
1976 2132 2044 2162 par-

1188 2174 1297 2206 ticulis
1320 2174 1426 2214 iyilur,
1449 2174 1515 2210 sed,
1539 2176 1758 2211 verumtamen,
1781 2174 1954 2205 similibus.

1229 2227 1276 2258 De
1299 2227 1513 2257 infertum-[wis
1535 2227 1678 2268 reliquiis
1700 2227 1927 2258 coniurationis
1942 2238 1975 2258 o:
2003 2229 2043 2259 de

1186 2280 1413 2311 coniuratione
1430 2279 1531 2310 fracta
1548 2284 1580 2310 et
1591 2289 1752 2320 oppressa,
1766 2290 1832 2310 non
1846 2280 1976 2320 penitus
1989 2290 2042 2311 ex-

1188 2335 1316 2365 stincta.
1340 2333 1390 2364 Cf.
1413 2333 1573 2374 imprimis
1595 2332 1705 2364 Garat.
1720 2334 1761 2364 ad
1775 2334 1894 2364 Milon.
1911 2335 1929 2374 ξ
1946 2334 2039 2364 12.-

1188 2389 1363 2420 Caeterum
1385 2388 1541 2419 Lambini
1569 2388 1765 2425 coniectura,
1794 2388 1841 2419 ita
1869 2389 2041 2419 scribentis

1183 2453 1240 2483 pro
1268 2442 1448 2478 imum-tuis,
1471 2442 1683 2472 confirmatur
1711 2442 1895 2482 corruptela
1921 2442 2041 2473 codicis

1182 2499 1322 2539 Hispani
1344 2498 1457 2528 deinde
1478 2498 1510 2527 in
1534 2498 1672 2528 mortuis.

1225 2551 1273 2581 De
1303 2550 1427 2581 vilitate
1467 2561 1521 2591 np.
1557 2559 1716 2587 annonae,
1753 2551 1841 2591 quod
1877 2550 2040 2581 omittitur

1183 2614 1312 2646 quoque
1343 2605 1438 2635 Verr.
1467 2605 1534 2635 ΙΙΙ.
1563 2604 1623 2635 216
1653 2603 1821 2634 Biennium
1842 2603 2037 2643 provinciam

1182 2656 1323 2693 obtinuil,
1346 2667 1434 2698 quma
1459 2657 1543 2687 aller
1565 2666 1666 2687 annas
1688 2656 1720 2686 in
1744 2655 1880 2694 vilitate,
1905 2657 1988 2687 alter
2007 2655 2042 2686 in

280 2732 359 2753 voce
389 2722 470 2762 disp.
499 2721 681 2752 Gatakerus
706 2721 745 2750 ad
768 2720 918 2750 Marcum
940 2719 1067 2749 Anton.
1092 2718 1134 2748 V.
1158 2708 1161 2774 1
1181 2720 1297 2741 Summa
1319 2709 1457 2740 caritate
1471 2708 1589 2749 fueri(-
1612 2708 1706 2746 Quae
1728 2718 1779 2739 l‘eS
1801 2718 1843 2739 ne
1866 2709 1918 2739 cui
1941 2708 2040 2739 tantis

280 2778 308 2813 5,
339 2776 394 2817 qui
425 2785 441 2806 e
470 2776 671 2815 reduplicato
699 2770 775 2818 περὶ
807 2779 911 2803 ortam
943 2772 1134 2812 suspicatur.
1158 2779 1160 2808 μ
1182 2763 1278 2793 rebus
1301 2762 1471 2793 interiecta
1494 2761 1598 2792 levior
1627 2761 1786 2797 videatur,
1809 2760 1850 2792 ef.
1880 2770 1926 2797 ea,
1957 2770 2040 2801 quae

278 2835 307 2867 E
336 2834 461 2866 Graeco
498 2834 658 2879 πέρπερος
698 2831 718 2862 1.
749 2841 775 2862 e.
813 2827 953 2874 κομψός,
997 2827 1133 2868 ἀλαζών

278 2885 377 2916 fluxit
398 2886 472 2916 Lat.
487 2894 650 2924 perperus,
668 2883 755 2923 quod
774 2882 902 2912 Nonius
917 2891 946 2921 p.
964 2880 1023 2909 150
1033 2879 1134 2909 Mero.

279 2939 366 2979 expl.
389 2938 541 2974 indoctos,
565 2937 687 2973 stallos,
710 2934 812 2971 redes,
836 2936 866 2964 et
888 2933 1035 2971 insulsos,
1056 2941 1134 2963 men-

279 2993 382 3023 daces.
417 2991 583 3023 Posterior
605 2989 828 3030 interpretatio
851 2997 938 3018 vera.

308 3044 473 3091 περίοδοι,
486 3042 632 3091 καμπαὶ,
649 3036 895 3088 ἐνθυμήματα,
909 3037 1131 3073 κατασκευαί.

1157 2809 1160 2859 l
1182 2816 1338 2855 leguntur
1358 2815 1393 2845 in
1417 2820 1497 2845 orat.
1519 2815 1559 2845 de
1573 2814 1650 2854 imp.
1667 2813 1728 2845 Cn.
1744 2813 1859 2854 Pomp.
1873 2814 1925 2844 44.
1945 2813 2041 2844 Alibi

1157 2861 1160 2896 1
1182 2879 1311 2909 quoque
1326 2869 1451 2899 librarii
1468 2867 1587 2898 vilitalz‘
1604 2867 1844 2898 substituerunt
1858 2866 2039 2903 utilitatem,

1156 2914 1159 2941 1
1180 2928 1217 2953 nt
1240 2923 1279 2953 de
1303 2921 1365 2953 Off.
1388 2922 1455 2952 III.
1479 2922 1527 2958 52,
1550 2930 1616 2961 quo
1638 2921 1711 2951 loco
1733 2920 1767 2950 in
1797 2920 1950 2950 omnibus
1973 2918 2040 2950 fere

1180 2976 1273 3005 codd.
1295 2975 1418 3015 legitur
1440 2973 1543 3004 trilici
1564 2973 1700 3010 utilitas,
1723 2973 1779 3004 sed
1794 2972 1956 3004 sententia
1969 2982 2039 3013 pos-

1180 3029 1273 3066 tulat,
1296 3035 1334 3060 ut
1356 3028 1532 3069 recipiatur
1555 3036 1571 3059 e
1594 3027 1721 3058 duobus
1743 3026 1836 3057 libris
1858 3026 1958 3058 Bern.
1980 3025 2038 3057 tri-

277 3098 406 3128 Multus
430 3103 478 3127 est
489 3097 523 3126 in
537 3094 739 3136 explicandis
755 3094 806 3124 his
818 3091 986 3123 vocabulis
1004 3090 1031 3120 Ι.
1044 3088 1081 3120 C.
1093 3088 1132 3118 T.
1179 3081 1236 3112 lici
1257 3081 1377 3112 silim-5-

275 3149 437 3180 Ernestus
460 3149 493 3179 111
516 3149 600 3179 Lex.
623 3146 781 3178 Technol.
803 3143 982 3180 G1·.R]1et.‚
997 3141 1052 3183 qui
1067 3141 1132 3171 duo
1153 3154 1155 3175 2

1219 3136 1355 3173 Sonitu&
1379 3136 1477 3167 verba
1500 3135 1708 3175 grandisona,
1730 3131 1871 3180 ψόφους.
1901 3133 1951 3166 Cf.
1980 3134 2037 3165 Er.
