2117 3533
294 155 377 194 272
691 153 773 193 ΕΡ.
810 151 884 191 AD
916 151 962 189 T.
997 148 1345 189 POMPONIUM
1379 147 1640 188 ATTIOUM.

292 304 388 341 quos
421 294 464 328 tu
499 286 694 335 dilaudas,
740 285 773 325 si
816 284 895 324 tale
941 282 1037 335 quid
1084 282 1240 322 fecero?
1281 280 1428 330 Nimis,
1474 281 1608 330 nmis,
1653 281 1832 334 inquam,
1877 281 1920 321 in
1962 281 2040 321 isto

294 361 459 400 Brutum
503 358 656 407 amasti,
703 355 931 396 dulcissime
977 354 1111 394 Attice
1122 372 1133 403 3
1168 368 1240 393 nos
1283 368 1417 394 vereor
1459 368 1509 393 ne
1554 367 1708 407 parum.
1770 356 1903 408 Atque
1946 353 2041 395 haec

292 432 430 485 scripsi
463 446 535 485 ego
569 429 617 470 ad
653 429 822 469 Brutum
857 426 1059 481 scripsisse
1091 430 1131 466 te
1166 425 1216 465 ad
1258 441 1334 466 me.
1393 427 1463 465 10.
1507 425 1711 479 Cognosce
1752 441 1860 467 nunc
1901 431 2042 468 cetera..

292 505 369 544 Pro
403 503 535 558 Appio
568 517 641 543 nos
675 501 740 541 hic
782 499 914 540 omnia
955 498 1138 548 facimus,
1181 497 1346 538 honeste
1392 503 1540 547 tamen,
1583 497 1651 538 sed
1695 497 1811 552 plane
1856 497 2046 550 libenter3

256 591 363 617 5nec
397 576 502 617 enim
535 575 667 629 ipsum
702 572 859 612 odimus
894 576 933 611 et
967 570 1140 610 Brutum
1173 585 1365 620 amamus,
1410 576 1450 610 et
1484 570 1698 625 Pompeius
1733 570 1896 611 mirifice
1931 586 1952 612 a
1985 586 2044 612 me

294 648 515 698 contendit,
558 661 675 701 quem
710 643 933 684 mehercule
967 642 1056 697 plus
1089 642 1257 696 plusque
1291 643 1334 683 in
1368 642 1452 683 dies
1486 642 1624 696 diligo.
1659 642 1704 683 C.
1729 642 1908 683 Caelium
1931 657 2046 697 quae—

293 727 437 761 storem
474 720 549 760 huc
584 718 717 759 venire
752 716 915 757 audisti.
950 714 1100 756 Nescio
1133 714 1231 768 quid
1266 715 1331 765 sit,
1367 715 1435 756 sed
1469 715 1702 756 Pammenia
1735 715 1803 756 illa
1836 715 1936 755 mihi
1968 730 2046 756 non

291 795 461 849 placent.
496 794 582 846 Ego
616 806 677 831 me
711 804 824 845 spero
857 788 1030 829 Athenis
1063 787 1145 828 fore
1179 802 1313 828 mense
1348 787 1586 843 Septembri.
1641 788 1820 828 'suorum
1853 787 2043 827 itinerum

293 875 470 922 tempora
503 866 601 907 scire
636 878 728 904 sane
763 862 896 903 velim.
934 857 1190 913 Εὑὴθειαν
1224 861 1448 915 Sempronii
1483 861 1573 901 Rufi
1607 860 1776 914 cognovi
1809 875 1856 900 ex
1883 859 2048 915 epistola

239 949 362 981 11113110Ἰ
395 940 611 993 Corcyraea
658 935 767 987 Quid
803 934 988 988 quaeris?>
1022 932 1190 974 Invideo
1223 933 1425 988 potentiae
1460 933 1650 974 Vestorii.
1685 932 1906 988 Cupiebam
1929 933 2047 974 etiam

295 1027 400 1053 nunc
434 1012 546 1066 plura
579 1009 742 1065 garrire,
778 1008 845 1048 sed
880 1007 1002 1057 lucet,
1039 1011 1154 1060 urget
1194 1006 1327 1057 turba,
1373 1007 1536 1048 festinat
1579 1006 1833 1060 Philogenes.
1889 1003 2050 1045 Valebis

294 1086 416 1140 igitur
450 1090 487 1124 et
522 1084 649 1124 valere
684 1081 827 1122 Piliam
863 1087 900 1121 et
936 1079 1150 1121 Caeciliam
1186 1084 1360 1120 nostram
1394 1078 1553 1120 iubebis
1586 1078 1712 1119 literis
1746 1083 1785 1117 et
1818 1076 1987 1118 salvebis
2028 1093 2049 1118 a

294 1173 380 1198 meo
414 1158 619 1198 Cicerone.

335 1309 352 1339 ’ῖ
374 1309 495 1340 πώ...
518 1308 696 1339 Pammenia
719 1326 758 1330 —
783 1309 820 1338 12
844 1306 978 1341 Νέων-ἐκ
1002 1305 1135 1336 salvebis
1160 1325 1200 1328 -
1223 1308 1268 1345 (et
1292 1306 1413 1337 adscivi
1441 1316 1458 1337 e
1481 1306 1585 1346 Med.)

296 1470 373 1499 Am.
398 1467 446 1500 76.
471 1467 584 1498 Plano.
609 1467 646 1499 71
664 1467 704 1497 Et
733 1477 909 1508 quemquam
936 1468 1035 1506 putas
1042 1466 1151 1506 fuisse
1190 1463 1331 1502 placent.
1355 1464 1469 1504 Vulgo
1493 1464 1608 1495 verba:
1633 1464 1747 1494 Nescio
1769 1464 1845 1505 quid
1862 1464 1924 1494 sit.-
1947 1463 2053 1494 sed...

294 1525 353 1551 rum
385 1521 574 1552 excordem?
601 1521 657 1551 ubi
686 1520 875 1551 Wunder-us
905 1521 992 1550 male
1026 1520 1147 1551 haeret.
1174 1518 1235 1547 ‘ad
1266 1527 1433 1548 rumorem
1461 1519 1501 1548 de
1531 1517 1635 1548 Caelii
1665 1518 1807 1548 adventu
1838 1517 1991 1554 referunt,
2020 1522 2055 1547 ut

294 1576 365 1605 Att.
395 1574 475 1604 VII.
505 1574 553 1611 23,
586 1574 613 1604 1.
642 1572 705 1604 ΙΧ.
735 1574 762 1610 9,
795 1574 823 1603 2.
860 1572 910 1603 Cf.
940 1573 1076 1603 Beierus
1107 1573 1147 1602 ad
1174 1591 1175 1603 ³
1197 1571 1312 1602 Cicero
1334 1572 1420 1602 dicat
1443 1581 1476 1602 se
1500 1572 1635 1609 nescire,
1659 1572 1738 1612 quid
1760 1573 1800 1602 de
1824 1581 1862 1602 ea
1883 1581 1917 1602 re
1940 1581 2054 1602 verum

299 1627 388 1658 Tull.
412 1628 429 1666 ξ
452 1628 501 1657 42.
525 1627 635 1657 Hand.
658 1627 692 1657 111
717 1627 813 1657 Turs.
836 1626 882 1656 II.
904 1636 935 1666 p.
957 1626 1029 1656 492.
1054 1625 1151 1656 Simi-
1195 1624 1247 1654 sit.
1270 1623 1400 1654 Sed....
1431 1628 1502 1654 tum
1524 1630 1698 1664 poneretur
1715 1635 1773 1666 per
1799 1623 2053 1663 ἀποσιώπησιν,

296 1680 370 1710 liter
393 1680 479 1719 apud
501 1678 642 1710 Graecos
665 1676 723 1710 καὶ
746 1685 778 1710 et
801 1673 859 1710 καὶ
891 1672 964 1710 εἶτα
987 1678 1117 1708 dieitur.
1174 1692 1175 1695 ¹
1195 1690 1294 1719 quam
1317 1689 1431 1710 vereor
1453 1689 1494 1710 ne
1526 1680 1660 1711 Atticus
1683 1690 1750 1711 non
1785 1680 1914 1711 felicius
1947 1680 2056 1720 exple-

336 1737 503 1767 Dilaudas.
532 1737 624 1767 Idem
648 1736 786 1766 verbum
808 1736 848 1766 de
871 1736 986 1766 eadem
1007 1744 1041 1765 10
1072 1733 1151 1773 legi·
1174 1728 1176 1747 ⁴
1200 1733 1293 1770 verit,
1318 1743 1418 1773 quam
1440 1733 1590 1764 editores.
1617 1734 1691 1773 Ego
1713 1734 1810 1774 plane
1834 1734 1962 1764 nullam
1983 1743 2055 1764 cau-

296 1798 348 1821 1111·
369 1791 401 1821 h.
424 1791 446 1821 l.
470 1792 498 1828 3,
522 1792 549 1828 3,
574 1800 680 1831 neque
704 1790 855 1821 Ciceroni
871 1789 1077 1830 eripiendum
1093 1793 1149 1819 est.
1174 1780 1176 1841 J
1201 1797 1271 1817 sam
1294 1796 1362 1817 esse
1385 1786 1491 1824 video,
1521 1797 1580 1817 0111·
1606 1787 1687 1818 haee
1716 1798 1784 1817 non
1817 1797 1893 1818 cum
1921 1796 2054 1826 sequen·
2105 1819 2108 1824 ,

336 1847 354 1885 ξ
379 1845 426 1875 10.
448 1844 512 1874 Pro
533 1844 633 1885 Appio
656 1854 710 1875 7208
733 1844 783 1874 hic
802 1843 1060 1884 onmiafaec'mus.
1086 1843 1150 1882 Ap·
1174 1844 1176 1887 j
1201 1841 1288 1871 tibus
1316 1841 1504 1881 iungamus.
1549 1840 1604 1872 Sic
1634 1841 1745 1872 omnia
1780 1841 1934 1882 expedita
1969 1846 2054 1878 sunt,

294 1899 384 1939 pium
413 1908 430 1929 e
461 1897 578 1929 Cilicia
612 1897 866 1938 repetundarum
902 1905 994 1926 reum
1031 1895 1150 1926 fecerat
1174 1888 1176 1940 ξ
1200 1893 1263 1923 11151
1298 1894 1386 1933 quod
1421 1894 1564 1924 dubitari
1597 1893 1699 1934 possit
1730 1893 1910 1924 Pammenia
1946 1898 2056 1923 utrum

295 1952 476 1989 Dolabella,
505 1951 596 1982 Fam.
628 1951 727 1982 VIII.
760 1951 787 1987 6,
822 1951 850 1981 1.
889 1949 1014 1986 Cicero,
1049 1959 1150 1989 quum
1174 1946 1175 1983 Ῐ
1199 1948 1383 1988 pertineant
1405 1948 1446 1978 ad
1470 1958 1541 1978 eam
1564 1957 1642 1984 rem,
1665 1949 1706 1978 de
1729 1957 1793 1988 qua
1814 1948 1916 1978 verbo
1928 1946 2056 1987 scripsit

295 2009 411 2045 posset,
435 2014 510 2035 eum
533 2004 715 2044 opprimere
746 2003 861 2039 noluit,
891 2003 949 2033 sed
977 2002 1023 2033 M.
1054 2001 1150 2032 Bruti
1174 2004 1176 2061 1
1200 2001 1244 2031 V.
1267 2002 1316 2037 20,
1340 2001 1388 2037 10,
1413 2011 1453 2031 an
1477 2002 1517 2031 ad
1527 2001 1590 2031 alia
1611 2002 1782 2041 quaedam,
1807 2010 1890 2041 quae
1903 2001 1943 2031 de
1958 2001 2055 2031 rebus

296 2064 326 2090 et
349 2059 409 2089 Cn.
433 2058 582 2098 Pompeii
605 2067 709 2094 causa,
734 2066 872 2096 quorum
896 2056 953 2086 ille
975 2056 1078 2095 Appii
1098 2065 1150 2095 ge·
1174 2063 1175 2096 1
1200 2053 1384 2090 Pammeni,
1437 2054 1575 2084 rhetoris
1617 2054 1731 2091 Attici,
1773 2054 1906 2084 Atticus
1943 2052 2055 2083 Tullio

296 2121 363 2147 ner,
386 2111 439 2141 hic
462 2111 548 2141 filiae
572 2120 663 2141 socer
686 2114 754 2140 erat
778 2108 885 2148 (Fam.
910 2108 976 2138 ΙΙΙ.
999 2109 1027 2144 4,
1052 2108 1084 2146 2)
1106 2107 1151 2147 ip-
1174 2104 1175 2147 J
1200 2107 1394 2137 nuntiasset.

295 2176 376 2203 sum,
406 2170 564 2206 quantum
594 2170 727 2205 poterat,
752 2164 785 2194 iu
811 2163 981 2207 provincia
1011 2162 1150 2192 adiuvit.
1175 2164 1176 2188 1
1248 2156 1423 2194 Εὐήθειαν
1448 2177 1488 2181 -
1518 2157 1660 2189 Γεείονίτῖ.
1695 2158 1744 2189 De
1766 2158 1988 2190 controversia
2009 2157 2055 2187 in-

295 2220 388 2250 Fam.
411 2220 457 2249 II.
483 2220 529 2255 13,
553 2220 580 2249 2.
605 2219 670 2248 III.
701 2219 749 2248 10.
782 2217 922 2247 Honeste
954 2219 1067 2252 lamen,
1097 2215 1155 2246 sed
1200 2222 1249 2248 ter
1272 2216 1396 2247 Rufum
1421 2222 1452 2246 et
1474 2216 1666 2246 Vestorium
1689 2215 1729 2245 cf.
1754 2215 1795 2246 V.
1825 2216 1854 2252 2,
1884 2216 1911 2246 2.
1947 2214 2056 2245 Fatui-

289 2272 387 2311 plane
409 2272 541 2301 libenter
564 2281 597 2301 o:
622 2271 770 2306 libenter,
792 2275 952 2310 quatenus
968 2269 1000 2299 id
1016 2269 1153 2298 honeste
1202 2274 1301 2300 tatem
1324 2268 1408 2304 Rufi,
1433 2278 1532 2308 quam
1554 2268 1608 2298 hic
1632 2268 1746 2307 tangit,
1770 2267 1999 2307 cognoscimus
2014 2275 2055 2296 ex

298 2325 401 2356 facere
424 2335 565 2365 possum.
1176 2360 1177 2366 ἵ
1198 2323 1250 2360 115,
1274 2332 1356 2362 quae
1382 2321 1494 2352 scribit
1517 2320 1657 2358 Caelius,
1680 2320 1772 2351 Fam.
1797 2321 1895 2351 VIII.
1919 2321 1948 2357 8,
1972 2320 2002 2350 1.

339 2378 447 2408 Nescio
468 2377 545 2419 quid
563 2377 614 2414 sit,
637 2377 694 2408 sed
715 2376 894 2407 Pammenia
912 2376 971 2406 illa
1005 2375 1079 2405 milei
1093 2384 1154 2405 non

913 2482 997 2522 HJ.
1063 2482 1123 2533 (A.
1165 2481 1206 2520 U.
1242 2478 1282 2521 c.
1322 2479 1433 2532 701)

368 2599 405 2637 1.
440 2597 528 2637 Etsi
562 2596 619 2637 nil
653 2611 746 2636 sane
780 2594 978 2636 habebam
1010 2594 1119 2644 novi,
1155 2593 1261 2647 quod
1306 2597 1396 2648 post
1440 2591 1649 2633 accidisset
1693 2607 1811 2646 quam
1857 2591 2053 2632 dedissem

303 2669 350 2710 ad
384 2675 423 2709 te
457 2668 683 2722 Philogeni,
728 2667 870 2707 liberto
915 2671 1000 2716 tuo,
1045 2666 1195 2716 literas,
1237 2671 1370 2705 tamen
1416 2679 1538 2717 quum
1583 2664 1843 2706 Philotimum
1890 2665 2055 2706 Romam

303 2743 560 2791 remitterem,
596 2740 850 2781 scribendum
885 2739 1037 2793 aliquid
1072 2739 1122 2779 ad
1166 2744 1204 2779 te
1247 2738 1338 2788 fuit,
1381 2753 1424 2778 ac
1470 2738 1641 2792 primum
1682 2738 1797 2789 illud,
1845 2737 1950 2792 quod
1993 2750 2054 2778 me

267 2835 280 2858 5
304 2815 472 2855 maxime
506 2813 691 2867 angebat,
732 2839 783 2842 —
818 2828 898 2852 non
933 2827 1010 2865 quo
1043 2827 1105 2852 me
1139 2810 1291 2864 aliquid
1319 2810 1455 2850 iuvare
1479 2824 1632 2864 posses:
1670 2810 1831 2865 quippe,
1862 2825 1924 2850 res
1949 2808 2053 2850 enim

305 2894 363 2929 est
395 2887 440 2928 in
471 2886 669 2935 manibus,
705 2891 749 2925 tu
784 2890 917 2924 autem
952 2883 1044 2924 abes
1077 2884 1194 2937 longe
1228 2882 1433 2937 gentium:

347 3033 364 3070 ξ
388 3033 416 3061 1.
438 3031 572 3067 Litems,
595 3039 679 3070 quae
712 3029 860 3069 proxime
889 3029 1085 3068 praecedunt
1118 3028 1152 3057 in
1200 3033 1294 3057 tatur.
1318 3027 1384 3065 Qui
1407 3031 1588 3067 sequuntur
1610 3026 1729 3057 senarii
1751 3024 1955 3056 Archilocho
1988 3022 2055 3054 vin-

304 3085 336 3114 h.
359 3085 380 3114 1.
404 3084 480 3115 Vid.
507 3083 524 3122 ξ
546 3083 561 3112 1
587 3086 617 3113 01
642 3082 687 3112 10.
1200 3080 1350 3110 dicantur
1372 3090 1389 3109 a
1412 3078 1558 3118 Bergkio
1581 3079 1614 3108 in
1644 3078 1718 3108 Iud.
1748 3076 1857 3108 Schol.
1889 3076 2055 3115 Marburg.

347 3137 407 3166 Res
431 3138 476 3167 est
499 3136 530 3166 1722
555 3134 692 3165 manibus
715 3144 747 3164 o:
772 3134 833 3164 hoc
851 3144 938 3164 nunc
953 3134 1060 3173 ipsum
1075 3139 1154 3164 trac·
1202 3133 1291 3170 1845,
1321 3143 1350 3173 p.
1380 3132 1442 3163 IX.
1474 3131 1522 3163 Cf.
1554 3131 1675 3162 Poetae
1704 3130 1799 3170 lyrici
1827 3129 1882 3162 Gr.
1913 3140 1942 3170 p.
1967 3127 2055 3160 1047.
