2117 3533
233 136 286 176 20

631 135 715 176 ΕΡ.
750 135 826 175 ΑΒ
858 134 904 175 T.
938 133 1288 175 POMPONIUM
1320 132 1583 174 ATTICUM.

230 269 418 325 epistolae
450 273 543 310 tuae
576 267 832 309 rescriberem
866 266 1030 322 aliquid,
1073 266 1266 308 brevitate
1310 266 1498 321 temporis
1538 270 1621 306 tam
1660 280 1788 321 pauca
1829 280 1987 320 cogerer

231 341 414 382 scribere.
460 344 499 382 2.
534 341 714 382 Primum
747 340 823 381 tibi
857 340 905 381 de
938 345 1073 381 nostro
1107 340 1233 380 amico
1266 339 1461 395 placando
1495 343 1565 379 aut
1597 338 1717 379 etiam
1739 337 1856 393 plane
1875 337 1987 379 resti-

230 413 381 455 tuendo
414 414 616 469 polliceor.
651 413 769 465 Quod
804 428 890 467 ego,
925 413 999 453 etsi
1032 428 1120 454 mea
1152 417 1292 468 sponte
1317 416 1408 453 ante
1426 411 1633 462 faciebam,
1657 426 1702 452 00
1724 425 1832 452 nunc
1854 415 1989 452 tamen

232 492 272 527 et
304 502 417 541 agam
452 487 671 528 studiosius
704 492 744 528 et
777 485 1016 527 contendam
1061 485 1111 527 ab
1152 486 1220 526 1110
1262 485 1550 535 vehementius,
1594 483 1701 539 quod
1744 489 1898 525 tantam
1942 499 1990 525 ex

203 558 397 613 5epistola
429 558 677 600 Voluntatem
711 559 796 599 eius
829 558 885 599 rei
917 562 1029 599 tuam
1060 558 1280 613 perspicere
1308 557 1458 598 videor.
1492 556 1583 597 Hoc
1601 560 1641 597 te
1661 556 1883 610 intelligere
1902 555 1992 596 volo

230 631 471 685 pergraviter
504 631 618 672 illum
652 646 735 672 esse
759 631 974 680 offensum3
1010 629 1079 670 sed
1102 630 1195 684 quia
1215 629 1368 670 nullam
1392 628 1507 669 video
1531 643 1691 682 gravem
1715 626 1876 669 subesse
1899 641 1990 668 cau-

231 719 327 753 sam,
362 719 506 758 magno
541 720 655 759 opere
690 703 844 745 confido
877 703 992 743 illum
1024 702 1106 743 fore
1139 703 1180 743 in
1215 703 1343 743 officio
1377 707 1416 743 et
1448 702 1492 742 in
1524 706 1659 742 nostra
1692 704 1901 756 potestate.
1949 701 1990 741 3.

232 777 354 830 Signa
387 781 521 817 nostra
554 782 594 818 et
628 776 916 826 Hermeraclas,
950 781 997 816 ut,
1021 775 1174 826 scribis,
1201 790 1324 830 quum
1350 774 1666 816 commodissime
1690 774 1852 829 poteris,
1874 773 1992 815 velim

232 850 428 904 imponas,
464 855 503 890 et
537 851 569 891 si
603 850 709 904 quod
744 848 853 890 aliud
887 844 1074 891 οἰκεῖον
1106 848 1192 889 0105
1223 848 1315 897 1001,
1351 862 1468 902 quem
1501 862 1583 888 non
1609 847 1782 901 ignoras,
1801 845 1993 901 reperies3

187 934 220 961 10
235 928 274 963 et
306 923 490 972 maxime,
526 937 626 976 quae
660 921 733 962 tibi
767 921 984 976 palaestrae
1018 920 1292 975 gymnasiique
1325 918 1570 960 videbuntur
1603 934 1700 960 esse.
1742 919 1905 960 Etenim
1936 917 1996 959 ibi

237 995 377 1037 sedens
409 995 506 1035 haec
541 995 591 1035 ad
623 1000 662 1035 te
697 993 932 1044 scribebam,
967 998 1013 1034 ut
1045 1008 1108 1034 me
1140 993 1251 1034 10005
1284 992 1367 1047 ipse
1402 992 1645 1034 admoneret.
1691 992 1901 1033 Praeterea
1933 995 1994 1046 ty-

235 1085 306 1124 pos
339 1068 415 1109 tibi
448 1067 607 1117 mando,
644 1082 742 1121 quos
775 1067 817 1107 in
850 1065 1017 1106 tectorio
1051 1065 1182 1106 atrioli
1214 1065 1362 1119 possim
1395 1064 1613 1115 includere,
1656 1069 1696 1105 et
1735 1063 1911 1118 putealia
1945 1063 1995 1104 si-

235 1142 372 1196 gillata.
406 1141 498 1182 duo.
547 1143 586 1181 4.
622 1139 913 1181 Bibliothecam
932 1143 1044 1179 tuam
1062 1153 1154 1179 cave
1172 1138 1358 1192 cuiquam
1384 1136 1643 1192 despondeas,
1669 1136 1849 1190 quamvis
1866 1149 1996 1177 acrem

235 1307 352 1336 domus
375 1304 514 1335 coniecit
536 1303 669 1344 amiqua
692 1304 888 1334 mutandum
910 1303 944 1334 in
974 1302 1094 1340 Attica,
1118 1306 1119 1314 ¹

235 1360 318 1391 mihi
340 1370 407 1391 non
438 1360 601 1400 probatur,
633 1359 791 1399 quoniam
820 1359 854 1389 in
884 1359 998 1389 eadem
1026 1367 1095 1388 sen-

236 1413 337 1444 tentia
359 1413 522 1453 praecedit
551 1411 694 1442 Athenis.
717 1412 869 1442 Atticum
885 1411 917 1441 in
934 1411 1003 1451 ipsa
1016 1410 1097 1440 urbe

237 1467 395 1497 maiorem
426 1466 664 1506 lautioremque
694 1467 829 1496 domum
856 1464 1009 1495 habuisse
1041 1472 1098 1503 per

237 1531 270 1552 se
294 1520 501 1560 intelligitur.

286 1572 499 1603 Verumtamen
533 1571 691 1602 inservire
720 1570 860 1601 orationi
891 1575 961 1610 post
985 1577 1119 1610 paren-¹

237 1627 343 1657 thesin
368 1626 595 1656 instaurandae
619 1625 670 1655 vel
701 1624 864 1654 tironibus
894 1628 1011 1653 notum
1039 1626 1096 1652 est.

236 1678 398 1718 Exempla
422 1687 438 1709 e
468 1677 625 1708 Cicerone
655 1676 789 1716 collegit
819 1676 897 1706 Ern.
928 1675 962 1704 iu
993 1668 1120 1722 Clavis}

237 1733 379 1764 Romani
416 1732 586 1772 scriptores
623 1731 739 1762 eodem
775 1730 872 1760 inodo
910 1726 1120 1768 frequenter}

238 1790 377 1816 utuntur
398 1784 564 1825 particulis
586 1783 644 1814 sed
671 1788 701 1813 et
725 1781 839 1823 iyitmu
864 1791 935 1811 raro
957 1780 1098 1821 simplici
1119 1775 1121 1803 l

239 1841 353 1875 lamen,
377 1844 411 1868 ut
434 1838 467 1868 in
494 1837 584 1868 Brut.
610 1837 677 1867 101.
702 1836 795 1866 Fani.
819 1834 882 1865 IX.
906 1835 954 1871 16,
979 1834 1008 1864 2.

279 1891 409 1921 Iturum.
432 1890 532 1921 Recte
556 1890 601 1920 sic
624 1889 823 1924 emendatur,
840 1897 941 1927 quum
957 1886 991 1916 in
1010 1885 1097 1917 Med.

239 1945 393 1985 scriptum
416 1944 456 1975 sit
479 1943 650 1979 missarum,
681 1951 723 1972 ex
746 1951 812 1981 quo
842 1940 938 1971 facile
967 1940 1003 1969 fit
1032 1939 1099 1968 mis-

239 2007 408 2028 δην-(111150.
433 2005 585 2028 sororem.
621 1994 686 2026 Sed
714 1995 776 2025 hoc
806 1992 832 2024 si
863 2002 977 2024 verum
1007 1995 1098 2028 esset,

241 2060 308 2080 11011
331 2050 503 2080 adderetur
525 2058 601 2078 evm.

285 2103 302 2142 ξ
326 2103 352 2133 2.
378 2100 425 2133 Cf.
450 2101 490 2131 ad
513 2110 561 2140 ep.
586 2101 614 2136 3,
637 2100 665 2129 3.

284 2154 364 2185 Fore
386 2153 419 2184 in
441 2152 541 2194 officio
576 2162 608 2182 o:
634 2151 728 2181 illuni
750 2150 819 2181 fore
849 2149 980 2190 qualem
1009 2158 1099 2189 opor-

244 2214 297 2245 tet,
321 2212 374 2238 aut
397 2207 505 2247 potius
527 2205 624 2235 illuni
646 2203 809 2234 amicitiae
826 2203 933 2233 officio
949 2202 1026 2232 satis
1038 2202 1100 2232 fac-

243 2267 362 2291 turum.
386 2259 425 2289 cf.
448 2258 539 2288 Fam.
563 2256 660 2287 XIV.
685 2256 711 2292 1,
737 2257 765 2286 5.
788 2257 816 2291 4,
840 2256 868 2285 4.
884 2254 924 2293 Q.
941 2253 977 2284 fr.
996 2254 1043 2284 Π.
1071 2254 1099 2289 2,

246 2315 264 2345 2
287 2320 317 2346 et
339 2313 528 2345 Schneider.
553 2310 590 2341 ad
614 2310 704 2341 Caes.
730 2310 767 2341 B.
792 2308 829 2340 G.
853 2309 894 2339 V.
920 2310 947 2345 3,
972 2310 1000 2338 3.

287 2367 326 2397 Et
360 2367 393 2397 ιἰι
423 2368 532 2396 nostra
556 2365 718 2404 polestate
748 2373 778 2393 o:
811 2367 841 2393 et
877 2362 972 2392 nobis
1006 2361 1102 2392 facile

246 2422 543 2460 obtemperaturum
566 2427 643 2450 esse.
666 2417 758 2447 Fam.
794 2416 834 2446 V.
859 2417 887 2452 4,
917 2415 958 2453 Q.
989 2415 1026 2446 fr,
1057 2415 1101 2446 II.

247 2475 274 2510 9,
299 2474 326 2504 2.
351 2472 440 2503 Caes.
472 2472 510 2502 B.
534 2470 571 2501 G.
596 2470 638 2500 V.
662 2471 690 2505 3,
715 2469 741 2501 7.
772 2469 812 2499 In
842 2468 955 2508 primis
985 2467 1102 2507 magis-

245 2532 347 2558 tratus
369 2526 521 2556 dicuntur
543 2534 609 2555 esse
631 2523 664 2553 in
686 2524 815 2553 senatus
841 2523 1013 2561 potestate,
1044 2520 1102 2551 mi-

246 2589 341 2610 nores
370 2578 579 2617 magistratus
609 2576 641 2607 in
676 2580 831 2616 potestate
860 2574 1031 2605 maiorum.
1061 2572 1100 2603 cf.

244 2635 336 2665 Fam.
360 2633 424 2664 XI.
448 2634 475 2670 2,
501 2634 527 2663 1.

288 2688 356 2727 §3
380 2685 613 2716 Herum-aclas.
651 2683 884 2714 Hermeraclae
916 2687 989 2713 sunt
1019 2681 1101 2712 Her—

245 2750 317 2771 mae
350 2750 427 2770 011111
456 2739 559 2779 capite
588 2737 751 2774 Herculis,
782 2746 921 2777 quarum
950 2745 992 2767 ex
1022 2735 1102 2765 anti-

247 2794 369 2834 quitate
403 2793 511 2833 plures
541 2796 722 2832 supersunt.
767 2789 933 2830 Imagines
963 2789 1037 2819 vide
1067 2788 1100 2818 in

244 2846 359 2877 Musee
388 2846 443 2876 des
477 2844 640 2884 Antiques
675 2842 806 2874 (10551110
840 2852 897 2882 par
932 2841 1100 2873 Bouillon.

246 2898 308 2928 III.
332 2897 379 2934 17,
403 2898 431 2934 3,
455 2898 484 2926 4.
509 2895 632 2928 Clarae.
656 2895 720 2925 tab.
745 2893 814 2926 347.
839 2893 904 2925 Sed
927 2893 1025 2924 etiam
1041 2897 1100 2923 sta-

245 2956 320 2981 tuae
349 2950 517 2980 bifrontes.
560 2948 600 2979 cf.
630 2946 902 2979 KVinckelmanni
933 2945 992 2987 Op.
1022 2945 1101 2977 VII.

246 3014 276 3044 p.
301 3004 369 3033 135.
392 3003 528 3034 Mulleri
550 3001 724 3033 Archaeol.
749 3001 767 3040 ξ
790 3002 849 3031 345
873 3001 946 3030 adn.
971 3000 999 3029 2.

288 3055 433 3096 Imponas
455 3066 507 3097 np.
529 3055 563 3086 in
579 3063 706 3086 navem.
723 3054 761 3084 cf.
779 3055 806 3091 8,
823 3054 851 3084 2.
866 3052 973 3083 Divin.
989 3052 1035 3082 Π.
1053 3052 1101 3081 84.

246 3111 410 3153 Exponam
432 3111 511 3144 item
536 3111 682 3143 absolute
704 3110 821 3141 dicitur
844 3119 892 3149 ep.
917 3110 945 3145 3,
969 3109 996 3138 2.

1182 1300 1355 1332 Palaestra
1378 1305 1464 1331 recte
1486 1304 1652 1341 separatur
1670 1310 1688 1331 a
1702 1300 1884 1341 gymnasio,
1901 1309 1919 1331 a
1934 1309 1998 1340 quo

1118 1345 1249 1385 ¹differt
1271 1358 1305 1384 ut
1341 1354 1463 1394 species
1493 1364 1510 1384 a
1540 1363 1670 1393 genere.
1714 1353 1881 1384 Palaestra
1909 1353 1999 1384 enim

1142 1407 1311 1438 luctationi
1335 1412 1402 1438 erat
1423 1406 1592 1443 destinata,
1615 1407 1825 1446 gymnasium
1848 1406 2000 1436 omnibus

1143 1462 1285 1502 corporis
1308 1461 1472 1492 exercitiis
1494 1461 1632 1501 patebat.
1665 1461 1731 1491 vid.
1755 1461 1895 1492 Beckeri
1919 1460 2001 1491 Cha-

1119 1524 1120 1535 ³
1143 1517 1238 1547 ricles
1260 1517 1285 1547 I.
1309 1527 1339 1557 p.
1364 1517 1433 1547 311.

1187 1569 1294 1609 Pylios,
1318 1569 1614 1600 Winckelmannus
1639 1569 1686 1605 (S.
1709 1569 1763 1599 W.
1787 1569 1847 1600 VI.
1868 1570 1942 1609 186)
1959 1570 1999 1601 de

1142 1622 1174 1651 h.
1198 1622 1219 1652 l.
1243 1622 1370 1652 scribit:
1397 1636 1410 1646 υ
1422 1621 1537 1652 Cicero
1560 1621 1766 1652 iiber-schikte
1780 1622 1855 1652 dem
1869 1622 2000 1652 Atticus

1144 1684 1240 1714 sogar
1271 1674 1506 1714 Zeichnungen
1536 1675 1594 1704 der
1621 1673 1802 1704 Gedanken
1838 1684 1904 1705 von
1936 1675 2000 1705 den

1144 1728 1401 1767 Versierungen,
1424 1728 1476 1758 die
1506 1737 1540 1758 er
1569 1727 1691 1758 suchte.
1723 1726 1767 1758 So
1798 1727 1917 1767 glaube
1948 1727 2001 1758 ich

1144 1782 1252 1810 iniisse
1275 1781 1332 1810 das
1354 1779 1449 1811 Woit
1472 1782 1560 1820 typos
1582 1780 1777 1811 verstanden
1808 1780 1937 1811 werden
1959 1797 2000 1802 ——-

1145 1843 1221 1863 man
1244 1832 1369 1863 konnte
1385 1842 1417 1863 es
1433 1833 1517 1863 auch
1532 1832 1683 1872 zugleich
1698 1842 1763 1863 von
1780 1833 1853 1863 dem
1869 1832 2000 1863 Maasze

1145 1887 1202 1916 der
1225 1885 1355 1922 Stiicke,
1378 1886 1431 1917 die
1454 1895 1489 1917 er
1511 1885 1736 1925 anzubringen
1752 1885 1916 1926 gesuchte,
1932 1894 2000 1916 ver-

1147 1938 1294 1969 stehen.qq
1329 1938 1472 1968 Videtur
1500 1938 1730 1969 celeberrimus
1767 1937 2001 1978 archaeologus

1147 1992 1298 2032 deceptus
1321 2000 1389 2022 esse
1411 2000 1481 2020 voc.
1504 1989 1663 2027 mandare,
1693 1991 1780 2030 quod
1801 1990 1918 2020 Italico
1939 1999 2002 2021 ser-

1146 2053 1244 2074 mone
1266 2043 1410 2073 mistel-nli
1439 2043 1608 2074 notionem
1636 2043 1744 2074 habet.
1787 2043 1887 2074 Recte
1917 2044 2002 2082 typos

1121 2097 1123 2118 ¹=
1147 2096 1233 2136 expl.
1258 2095 1294 2125 P.
1316 2095 1484 2125 Manutius
1507 2105 1605 2135 parva
1627 2094 1731 2134 signa,
1753 2104 1836 2135 quae
1855 2105 1921 2125 non
1936 2099 2003 2125 tota

1147 2150 1203 2180 sed
1224 2148 1360 2178 dimidia
1381 2152 1509 2178 tantum
1532 2152 1669 2184 exstent,
1692 2157 1774 2187 quae
1792 2148 1869 2179 Itali
1882 2148 2002 2188 figuras

1146 2201 1301 2231 dimidiae
1331 2200 1527 2231 eminentiae
1559 2199 1705 2239 (Reliefs,
1738 2200 1812 2230 half
1837 2200 2002 2231 verheven

1122 2272 1125 2295 ⁴,
1148 2253 1348 2292 beeldwerk)
1371 2258 1498 2283 vocant.
1521 2253 1561 2283 In
1585 2262 1622 2283 eo
1643 2258 1752 2284 tamen
1768 2253 1901 2290 fallitur,
1916 2253 2003 2293 quod

1124 2332 1125 2337 ,
1148 2307 1182 2337 111
1204 2315 1387 2337 marmorea
1408 2305 1518 2336 tabula
1540 2305 1701 2346 insculpta
1722 2310 1821 2345 putat,
1844 2315 1945 2346 quum
1957 2314 2002 2336 05-

1148 2365 1220 2391 sent
1242 2360 1359 2399 argilla
1382 2359 1481 2399 (terra
1512 2360 1611 2399 cotta)
1642 2368 1804 2399 expressa.
1840 2358 1928 2389 Plin.
1957 2358 2002 2389 H.

1148 2413 1190 2443 N.
1213 2412 1363 2443 XXXV.
1394 2413 1411 2451 ξ
1435 2413 1504 2442 151.
1534 2411 1573 2442 cf.
1597 2412 1731 2442 Mnlleri
1761 2411 2004 2452 Archaeologia

1150 2466 1168 2506 ξ
1191 2466 1260 2502 305,
1284 2466 1311 2496 3.
1347 2464 1517 2494 Τεσίονὶιιηι
1540 2463 1666 2500 dieitur,
1698 2473 1763 2504 quo
1792 2464 1930 2503 parietes
1960 2468 2003 2494 te-

1148 2523 1269 2558 guntur
1290 2518 1358 2548 sive
1380 2516 1581 2547 muniuntur.
1605 2516 1700 2546 Varr.
1723 2516 1762 2546 R.
1784 2515 1823 2547 R.
1846 2516 1910 2546 III.
1926 2516 1955 2552 8,
1975 2516 2002 2546 1.

1149 2573 1278 2604 Viti-nv.
1310 2572 1389 2602 VII.
1421 2573 1449 2602 3.
1482 2571 1555 2602 Ital.
1585 2573 1700 2607 simeo,
1734 2571 1829 2611 Belg.
1855 2570 2004 2611 pleister-

1148 2625 1239 2656 wer-k.
1262 2643 1303 2647 -
1324 2623 1482 2654 Alriolum
1504 2628 1703 2654 memoratur
1735 2633 1864 2664 quoque
1894 2623 1935 2662 Q.
1965 2622 2003 2654 fr.

1149 2678 1211 2708 ΠΙ.
1236 2678 1262 2714 1,
1287 2677 1303 2707 1
1327 2677 1437 2716 ibique
1460 2676 1671 2716 distinguitur
1692 2677 1734 2706 ab
1765 2676 1847 2707 atrio
1875 2675 2003 2707 maiore.

1149 2729 1189 2760 cf.
1211 2729 1306 2760 Rein.
1330 2729 1363 2759 in
1388 2728 1528 2759 Beckeri
1550 2727 1647 2759 Gallo
1668 2729 1713 2759 H.
1736 2738 1765 2769 p.
1790 2728 1859 2760 176.

1190 2781 1339 2811 Putealia
1358 2781 1512 2820 siyillata.
1539 2795 1551 2806 υ
1564 2780 1742 2812 Puteorum
1759 2780 1920 2821 opercula,
1935 2789 2004 2821 par-

1149 2834 1198 2865 vis
1221 2834 1324 2874 signis
1347 2834 1537 2865 exornata.''
1570 2834 1661 2865 Man.
1684 2834 1724 2864 In
1747 2833 1824 2874 Dig.
1845 2832 1944 2864 XIX.
1975 2834 2002 2871 1,

1149 2887 1170 2918 1.
1194 2887 1242 2924 13,
1267 2888 1284 2926 ξ
1307 2888 1344 2917 31
1369 2892 1399 2919 et
1422 2888 1470 2924 14,
1505 2887 1590 2918 inter
1612 2895 1662 2917 res
1685 2886 1871 2917 immobiles
1894 2895 2003 2917 recen-

1149 2945 1236 2971 setur
1251 2940 1373 2980 puteal,
1404 2939 1439 2969 ‘er
1461 2943 1519 2979 esl,
1546 2949 1604 2980 quo
1629 2940 1757 2979 puteum
1785 2938 1934 2978 operitur.
1963 2937 2002 2969 cf.

1150 2995 1226 3025 ibid.
1250 2995 1271 3025 ].
1296 2994 1343 3030 17,
1368 2994 1385 3034 ξ
1408 2995 1436 3023 S.
1459 2992 1582 3025 Graece
1603 2993 1664 3023 dic.
1688 2991 1923 3039 περιστὸμιον.

1191 3054 1209 3093 ξ
1231 3054 1260 3083 4.
1282 3051 1494 3092 Despondeas‚
1527 3055 1683 3091 tanquam
1705 3055 1795 3090 pater
1817 3051 1872 3090 qui
1902 3050 2004 3080 filiani

1124 3124 1128 3151 i
1151 3106 1274 3140 amanti
1295 3106 1483 3146 despondet.
