2117 3533
287 158 368 198 276
683 155 766 196 ΕΡ.
801 154 876 195 AD
908 155 954 194 T.
989 153 1338 195 POMPONIUM
1371 153 1634 194 ATTICUM.

286 291 445 345 quidem
479 290 527 330 de
561 290 708 345 Appio,
742 290 785 330 in
819 288 967 344 quibus
1000 303 1081 329 non
1114 287 1263 329 inesset
1286 301 1487 342 arroganS,
1509 283 1849 340 ἀκοινώνητον
1872 286 2033 341 aliquid.

283 363 373 403 Tibi
408 367 539 403 autem
574 362 687 404 valde
722 362 821 403 solet
854 362 896 402 in
930 376 995 402 ore
1029 376 1134 403 esse:

1183 457 1357 499 Granius
1389 462 1517 499 autem

621 535 710 577 Non
743 538 977 576 contemnere
1009 546 1049 573 se
1080 536 1118 572 et
1150 545 1254 584 reyes
1287 530 1411 572 odisse
1440 531 1646 584 superbos.-

248 637 323 676 5111
360 651 437 690 quo
471 640 604 676 tamen
638 634 704 675 ille
738 633 837 674 mihi
871 631 993 672 risum
1028 630 1156 684 magis
1190 644 1308 684 quam
1343 628 1591 670 stomachum
1625 643 1780 669 movere
1814 627 1914 669 solet
1923 645 1934 679 3
1969 628 2034 670 sed

230 1019 261 1043 lo

226 1381 257 1406 15

225 1751 258 1776 20

282 709 398 764 plane
432 724 570 764 parum
605 707 756 762 cogitat
789 705 886 760 quid
922 703 1070 745 scribat
1104 708 1174 744 aut
1207 702 1257 743 ad
1291 718 1419 757 quem.
1466 705 1506 743 S.
1540 702 1591 753 Q.
1625 702 1763 743 Cicero
1797 717 1894 757 puer
1926 701 2035 756 legit,

282 787 327 822 ut
360 782 513 837 opinor,
547 786 586 821 et
619 784 737 830 certe,
773 778 980 833 epistolam
1014 775 1248 831 inscriptam
1291 775 1393 831 patri
1438 790 1524 815 suo.
1574 775 1682 816 Solet
1722 774 1828 815 enim
1872 774 2052 829 aperire,

282 854 402 909 idque
437 855 484 895 de
518 869 605 895 meo
639 853 819 902 consili0,
857 852 890 892 si
924 850 1022 905 quid
1055 850 1155 891 forte
1190 849 1242 890 sit
1275 848 1382 904 quod
1416 863 1515 904 opus
1549 848 1602 889 sit
1625 849 1730 889 sciri.
1765 848 1815 889 In
1838 862 1884 888 ea
1907 851 2037 888 autem

283 928 450 983 epistola
483 933 567 968 erat
598 926 700 967 illud
733 925 838 966 idem
885 924 934 965 (16
979 938 1125 974 sorore,
1172 922 1278 976 quod
1322 921 1371 963 ad
1415 937 1492 962 1116.
1542 921 1711 963 Mirifice
1755 919 2037 961 conturbatum

283 1001 364 1041 vidi
398 1016 580 1055 puerum.
615 999 847 1040 Lacrimans
881 1012 1038 1038 mecum
1072 1001 1132 1037 est
1166 1001 1344 1051 questus.
1379 994 1489 1046 Quid
1524 994 1706 1048 quaeris?
1740 994 1886 1035 Miram
1918 994 1961 1034 in
1994 1008 2038 1035 60

282 1074 469 1128 pietatem
503 1074 739 1114 suavitatem
774 1070 1147 1124 humanitatemque
1181 1070 1378 1125 perspexi,
1424 1083 1503 1122 quo
1537 1068 1725 1109 maiorem
1760 1082 1868 1122 spem
1913 1065 2038 1107 habeo

281 1145 382 1186 nihil
417 1146 498 1186 fore
532 1145 647 1186 aliter
681 1160 725 1186 ac
760 1144 913 1185 deceat.
960 1143 1009 1184 Id
1041 1148 1081 1183 te
1114 1143 1238 1197 igitur
1272 1142 1370 1183 scire
1404 1141 1526 1182 volui.
1574 1143 1613 1180 9.
1647 1141 1711 1181 Ne
1744 1140 1846 1181 illud
1880 1139 2039 1194 quidem

280 1218 614 1273 praetermittam:
659 1218 901 1259 Hortensius
935 1216 1040 1257 filius
1076 1215 1152 1256 fuit
1187 1215 1407 1257 Laodiceae
1440 1213 1731 1270 gladiatoribus
1763 1213 1958 1268 flagitiose
2001 1217 2040 1254 61

277 1291 459 1345 turpiter.
496 1292 616 1332 Hunc
650 1306 723 1346 ego
757 1284 881 1346 patris
915 1304 1035 1331 causa
1069 1290 1206 1330 vocavi
1241 1289 1290 1330 ad
1325 1304 1503 1339 coenam,
1529 1304 1608 1343 quo
1636 1288 1699 1329 die
1723 1288 1848 1339 venit,
1873 1292 1914 1328 61
1939 1287 2039 1328 61115-

280 1364 370 1405 (16111
402 1365 526 1419 patris
560 1380 679 1406 causa
713 1364 815 1405 nihil
850 1363 1034 1418 amplius.
1069 1363 1110 1404 Is
1145 1362 1244 1403 mihi
1278 1362 1382 1403 dixit
1415 1378 1455 1403 se
1490 1361 1662 1403 Athenis
1695 1376 1757 1401 me
1792 1365 2040 1416 exspectatu-

279 1453 382 1490 rum,
416 1443 463 1479 ut
490 1453 646 1479 mecum
670 1437 893 1478 decederet.
934 1436 1137 1488 ssRecteJ'
1160 1436 1326 1491 inquam
1336 1454 1346 1487 3
1383 1435 1480 1490 quid
1503 1435 1609 1476 enim
1633 1434 1831 1475 dicerem?
1865 1433 2039 1475 Omnino

280 1515 378 1565 puto
410 1510 513 1551 nihil
546 1526 630 1552 esse
666 1510 771 1565 quod
806 1510 923 1551 dixit.
959 1510 1065 1551 Nolo
1100 1510 1277 1564 quidem,
1312 1526 1362 1551 ne
1399 1509 1597 1550 offendam
1626 1513 1793 1564 patrem,
1819 1523 1936 1562 quem
1959 1522 2038 1548 me-

280 1584 440 1625 hercule
473 1584 645 1625 multum
680 1584 819 1638 diligo.
854 1583 925 1624 Sin
959 1583 1081 1624 fuerit
1114 1598 1227 1624 meus
1272 1598 1417 1634 comes,
1464 1581 1697 1623 moderabor
1738 1582 1807 1632 ita,
1850 1596 1899 1622 ne
1941 1579 2037 1635 quid

281 1673 373 1698 eum
407 1657 619 1708 offendam,
655 1672 775 1712 quem
808 1657 973 1698 minime
1006 1656 1110 1697 volo.
1148 1657 1219 1696 10.
1244 1657 1357 1697 Haec
1381 1661 1493 1707 sunt,
1529 1656 1649 1696 etiam
1671 1654 1793 1696 illud:
1819 1653 2036 1695 orationem
2077 1682 2080 1683 γ

279 1730 329 1781 Q.
366 1731 515 1772 Celeris
546 1729 648 1771 mihi
680 1730 799 1770 velim
831 1730 969 1771 mittas
1003 1734 1141 1771 contra
1174 1729 1234 1770 M.
1269 1729 1494 1771 Servilium.
1549 1729 1705 1770 Literas
1745 1728 1860 1769 mitte
1900 1741 2036 1782 quam-

276 1936 345 1962 tum
371 1937 450 1963 esto,
483 1931 665 1973 Eleganter
690 1941 708 1962 e
730 1940 881 1963 sermone
903 1930 1059 1962 familiari
1081 1930 1136 1964 Gr.

276 1989 308 2016 ct
328 1985 423 2016 Rom.
446 1986 526 2016 haec
549 1985 758 2026 explicantur
780 1984 814 2015 in
838 1983 875 2015 P.
894 1983 1037 2015 Victorii
1057 1983 1135 2014 Var.

274 2038 366 2070 Lect.
389 2038 526 2069 XXHI.
549 2039 599 2070 23.

319 2091 455 2122 Grauius
485 2093 588 2122 autem
617 2109 659 2114 —-
686 2090 843 2131 superbos.
882 2091 1007 2122 Versus
1039 2090 1135 2121 Luci-

275 2145 366 2182 liani,
384 2154 523 2185 quorum
538 2150 741 2185 postremum
754 2145 1002 2176 hemistichium
1016 2144 1135 2175 iterum

275 2201 392 2231 citatur
412 2201 458 2231 II.
481 2202 509 2237 8,
533 2201 561 2231 2.
584 2200 633 2231 De
656 2200 697 2239 Q.
720 2199 844 2231 Granio
864 2205 1034 2241 praecone,
1049 2210 1135 2231 sum-

276 2256 337 2285 mis
366 2256 399 2285 in
430 2256 520 2295 rcpb.
557 2255 635 2286 viris
673 2255 716 2285 ob
752 2255 959 2286 dicacitatem
992 2259 1132 2295 accepto,

276 2309 416 2340 conferri
442 2314 549 2349 potest
572 2308 639 2340 Cic.
664 2309 697 2339 in
721 2310 756 2340 Π
778 2310 818 2340 (16
841 2309 931 2340 Orat.
954 2310 1084 2349 passini.

321 2362 404 2402 Quid
424 2362 542 2393 scribat
563 2364 620 2392 aut
642 2362 687 2392 ad
706 2373 803 2403 quem.
827 2362 994 2401 Quoniam
1017 2362 1132 2394 Cicero

276 2415 423 2454 queritur
445 2416 484 2446 ‹le
508 2416 704 2455 arrogantia,
735 2426 799 2456 qua
828 2416 981 2446 utebatur
1010 2415 1132 2446 Brutus

278 2468 310 2497 in
334 2468 437 2498 literis
460 2469 501 2498 ad
523 2477 556 2498 se
578 2468 672 2505 datis,
696 2469 873 2499 dicendum
895 2474 979 2499 erat:
999 2467 1076 2509 quid
1090 2466 1135 2497 ad

276 2531 360 2560 quem
384 2520 508 2551 scribat.
541 2520 748 2552 Disiunctiva
769 2522 930 2562 particula
954 2521 1132 2561 corrumpit

276 2573 482 2609 sententiam,
513 2572 577 2603 nisi
612 2583 686 2604 cum
715 2574 915 2614 Nipperdeio
944 2574 978 2604 in
1008 2573 1131 2604 Philol.

274 2626 339 2655 III.
362 2636 391 2666 p.
416 2626 475 2656 148
497 2627 657 2667 corrigas:
682 2627 733 2668 qm*
754 2628 871 2658 scribat
895 2629 950 2658 aut
973 2627 1017 2658 ad
1044 2638 1131 2669 quem

274 2689 305 2709 o:
338 2679 443 2719 qualis
471 2680 513 2710 sit
543 2681 619 2720 ipse,
655 2681 711 2720 qui
742 2681 862 2718 scribit,
893 2686 947 2712 aut
982 2690 1053 2722 ego,
1091 2682 1132 2711 ad

273 2741 371 2771 quem
393 2732 514 2762 scribit.

315 2785 332 2823 ξ
357 2786 384 2815 8.
413 2784 451 2815 Ut
473 2785 589 2825 opinor,
613 2787 643 2816 et
675 2788 766 2816 certe.
801 2786 914 2817 Primo
943 2787 1132 2818 dubitanter

272 2838 373 2878 ponit,
397 2838 505 2868 statim
528 2848 561 2868 se
586 2839 720 2877 corrigit
743 2843 773 2869 ct
797 2849 854 2878 pro
876 2845 965 2870 certo
982 2841 1130 2870 affirmat.

273 2891 433 2922 Similiter
455 2891 557 2921 Micio
581 2892 800 2923 Terentianus
824 2892 857 2922 in
881 2893 1046 2933 Adelphis
1066 2893 1129 2923 IV.

275 2946 302 2980 ἴ),
327 2945 376 2975 14.
413 2946 447 2974 vt
477 2944 585 2984 opinor
619 2946 676 2975 has
706 2956 766 2975 mm
795 2954 884 2975 nosse
914 2947 952 2983 te,
986 2948 1017 2976 et
1045 2948 1128 2977 certo

274 2997 347 3034 seio,
371 3002 401 3028 et
423 2998 456 3027 in
482 2997 599 3037 fragm.
625 2996 687 3028 Cn.
709 2997 804 3028 Matii
828 3008 878 3038 ap.
900 2997 985 3029 Gell.
1015 2998 1058 3029 X.
1089 3000 1129 3029 24

274 3052 308 3080 ‘ul
331 3050 485 3088 recordor,
512 3052 542 3081 et
566 3053 658 3081 certe.
681 3051 757 3081 Non
780 3051 878 3081 laudo
900 3052 1026 3082 Klotzii
1043 3052 1128 3083 coni.

275 3105 305 3133 et
327 3103 391 3143 ipse
414 3115 472 3144 pro
495 3106 524 3134 el
547 3106 640 3135 certe.

317 3156 364 3188 De
384 3165 499 3188 sorore.
524 3156 574 3188 (tf.
597 3167 646 3198 ep.
669 3158 697 3194 2,
722 3158 736 3188 1
762 3168 807 3198 sq.
830 3158 862 3188 h.
886 3158 906 3188 1.

1223 1927 1316 1959 Nihil
1342 1928 1423 1969 fore
1450 1928 1547 1959 aliter
1576 1937 1614 1958 ac
1652 1926 1761 1958 deceat
1790 1936 1824 1957 o:
1861 1923 2035 1956 discidium

1180 1993 1248 2014 non
1271 1983 1394 2014 factum
1416 1983 1455 2014 iri
1488 1983 1574 2013 inter
1602 1981 1644 2021 Q.
1673 1981 1712 2012 fr.
1742 1985 1774 2012 et
1802 1989 1951 2011 uxorem.
1985 1978 2034 2009 De

1179 2040 1293 2070 eadem
1325 2048 1359 2069 re
1382 2038 1415 2069 in
1440 2047 1489 2079 ep.
1512 2037 1540 2075 7,
1564 2038 1599 2068 1:
1631 2035 1756 2077 Confido
1784 2045 1858 2072 rem,
1887 2035 1922 2065 ut
1951 2033 2034 2064 volu-

1179 2102 1254 2129 mus,
1284 2101 1359 2123 esse.

1222 2147 1240 2185 ξ
1262 2146 1290 2176 9.
1318 2144 1564 2176 Gladiatoribus.
1589 2143 1639 2176 Cf.
1665 2144 1705 2174 ad
1727 2144 1754 2174 Ι.
1778 2142 1827 2180 16,
1843 2143 1892 2173 11.
1916 2140 2034 2173 Bosius

1179 2204 1300 2230 temere
1323 2198 1451 2239 scripsit
1474 2209 1489 2228 e
1510 2196 1752 2237 qladiatorz'bus.
1777 2194 1814 2226 Si
1835 2194 2032 2226 Hortensius

1178 2251 1294 2283 fuisset
1315 2251 1402 2282 inter
1424 2250 1632 2291 gladiatores,
1655 2248 1770 2280 Cicero
1792 2258 1868 2279 eum
1890 2257 1957 2278 non
1979 2255 2033 2277 vo-

1177 2310 1280 2336 casset
1302 2306 1343 2336 ad
1365 2314 1511 2336 coenam.
1555 2304 1621 2335 Illa
1643 2308 1731 2334 aetas
1760 2312 1827 2333 non
1856 2301 1939 2332 vidit
1965 2304 2032 2331 tam

1176 2359 1354 2398 indignum
1383 2357 1616 2399 spectaculum,
1644 2356 1709 2387 nisi
1739 2355 1774 2386 in
1803 2355 1842 2385 L.
1872 2353 2031 2390 Antonio,

1175 2413 1215 2444 (16
1238 2423 1303 2453 quo
1325 2412 1391 2443 vid.
1414 2411 1500 2442 Phil.
1523 2411 1585 2441 VI.
1608 2410 1648 2440 10
1670 2413 1702 2440 et
1723 2409 1773 2439 13.

1218 2464 1309 2494 Nihil
1329 2464 1461 2505 amplius
1482 2473 1526 2494 sc.
1548 2463 1620 2500 feci,
1643 2462 1706 2493 nisi
1730 2466 1766 2492 ut
1788 2461 1890 2492 semel
1908 2461 1948 2491 ad
1963 2469 2031 2491 coe-

1178 2528 1255 2548 nam
1284 2526 1450 2553 vocarem3
1481 2516 1582 2547 nullis
1611 2516 1684 2546 aliis
1712 2515 1827 2545 officiis
1857 2524 1934 2545 eum
1962 2522 2031 2554 pro-

1178 2575 1307 2602 secutus
1329 2580 1412 2601 sum.
1436 2570 1526 2600 Patri
1548 2570 1638 2600 hunc
1659 2569 1766 2599 filium
1788 2568 1831 2599 ob
1852 2567 2031 2608 nequitiam

1178 2624 1322 2654 invisum
1351 2623 1449 2654 fuisse
1478 2627 1589 2653 narrat
1610 2622 1687 2652 Val.
1709 2622 1800 2652 Max.
1825 2621 1867 2652 V.
1892 2621 1920 2657 9,
1943 2620 1971 2657 2,
2000 2623 2031 2650 et

1176 2678 1252 2709 satis
1275 2677 1422 2707 indicant
1444 2686 1490 2713 ea,
1514 2685 1595 2717 quae
1617 2676 1650 2706 h.
1673 2675 1694 2705 l.
1717 2675 1830 2706 scribit
1852 2673 1975 2705 Cicero.

1217 2729 1298 2760 Nolo
1326 2729 1456 2771 quidem.
1491 2728 1720 2769 Supplendum
1750 2732 1813 2759 est:
1844 2736 1920 2758 eum
1947 2725 2028 2756 mihi

1176 2783 1338 2820 comitem,
1387 2783 1450 2813 nisi
1492 2782 1717 2813 scribendum:
1763 2780 1843 2810 Nolo
1882 2778 2028 2810 comitem.

1176 2836 1270 2867 Certe
1303 2846 1370 2866 non
1403 2835 1610 2876 probandum
1642 2834 1731 2875 quod
1763 2833 1845 2864 Ern.
1872 2831 2027 2863 coniecit:

1173 2887 1244 2918 Non
1266 2888 1337 2919 nolo
1358 2887 1487 2929 quidem.

1217 2941 1234 2980 ξ
1264 2941 1312 2971 10.
1345 2940 1523 2971 Orationem
1555 2939 1590 2980 Q.
1627 2938 1744 2969 Celeris
1774 2956 1815 2961 —
1848 2938 1957 2968 contra
1983 2933 2028 2965 Μ.

1173 2994 1348 3026 Servilium.
1377 2995 1520 3026 Videtur
1540 2994 1601 3024 hac
1624 2993 1771 3024 oratione
1792 2991 1947 3023 Metellus
1970 2988 2026 3021 Ce-

1174 3047 1231 3085 ler,
1255 3058 1355 3088 quum
1378 3047 1493 3078 consul
1515 3050 1598 3079 esset
1620 3056 1649 3077 a.
1671 3055 1702 3076 u.
1720 3045 1780 3075 694
1794 3045 1943 3076 invectus
1958 3051 2027 3074 esse

1174 3101 1207 3132 in
1229 3102 1399 3133 tribunum
1421 3101 1464 3141 pl.
1488 3100 1529 3131 cf.
1551 3100 1678 3141 Meyeri
1700 3098 1817 3138 fragm.
1835 3102 1918 3130 orat.
1932 3097 2026 3129 Rom.

1172 3166 1201 3195 p.
1224 3156 1295 3186 403.
