2117 3533
200 969 234 995 10

195 1331 228 1357 15

260 165 346 205 148
655 166 740 206 ΕΡ.
774 165 850 205 AD
881 165 928 205 Τ.
962 165 1311 207 POMPONIUM
1344 166 1607 208 ATTICUM.

257 297 339 339 tuis
374 297 539 340 aedibus
573 297 863 338 amoenissimis
898 313 1011 352 agam
1045 302 1177 340 tecum
1211 304 1251 340 et
1284 314 1375 341 cum
1407 299 1520 340 meis,
1580 300 1667 354 Ego
1707 299 1802 341 huic
1846 300 1929 355 spei
1972 305 2013 342 et

258 369 558 425 exspectationi,
593 384 694 423 quae
727 368 844 410 nobis
876 371 1112 425 proponitur
1146 372 1331 423 maxima,
1366 377 1500 413 tamen
1523 372 1631 413 volui
1650 372 1881 428 praestolari
1904 371 2010 427 apud

257 448 297 483 te
329 442 372 482 in
406 442 528 496 Epiro
539 460 550 493 ;
586 441 653 482 sed
686 442 744 482 ita
777 442 827 482 ad
860 457 922 482 me
957 442 1159 494 scribitur,
1193 449 1240 484 ut
1272 449 1408 499 putem
1442 459 1525 484 esse
1561 444 1808 485 commodius
1841 459 1914 485 nos
1937 444 2010 484 eis-

257 513 347 554 dem
378 514 421 554 in
454 514 551 554 locis
585 529 683 554 esse.
721 517 760 554 2.
794 514 854 554 De
889 514 1005 555 domo
1039 520 1078 555 et
1111 516 1300 557 Curionis
1335 516 1526 566 oratione,
1560 521 1607 556 ut
1639 516 1792 566 scribis,
1838 516 1895 556 ita
1937 521 2011 556 est.

256 586 304 626 In
338 586 523 627 universa
556 587 698 637 salute,
733 587 766 627 si
800 602 845 627 ea
878 587 996 628 modo
1029 587 1145 629 nobis
1178 589 1427 638 restituetur,
1462 589 1626 629 inerunt
1660 589 1816 639 omnia3
1852 603 1899 629 ex
1929 588 2015 643 qui-

255 657 330 698 bus
363 658 466 699 nihil
495 659 600 699 malo
634 674 752 713 quam
786 659 962 700 domum.
1010 660 1086 701 Sed
1128 660 1205 701 tibi
1247 660 1350 701 nihil
1393 660 1540 701 mando
1581 660 1819 702 nominatim
1830 680 1845 713 3.
1882 666 2011 702 totum

254 745 316 770 me
349 735 419 771 tuo
453 732 576 772 amori
608 732 778 786 fideique
811 732 1058 773 commendo.
1109 733 1227 784 Quod
1261 737 1300 773 te
1333 733 1375 773 in
1409 738 1523 774 tanta
1557 732 1779 774 hereditate
1812 733 1861 775 ab
1903 734 2011 774 omni

1408 805 1527 856 Quod
1572 805 1782 846 facultates
1825 811 1916 847 tuas
1960 805 2009 846 ad

254 893 382 918 meam
417 878 584 920 salutem
616 879 829 933 polliceris,
864 883 910 919 ut
942 879 1129 920 omnibus
1162 878 1281 920 rebus
1316 894 1337 920 a
1370 883 1409 919 te
1444 883 1598 935 praeter
1632 884 1782 920 ceteros
1814 879 1940 929 iuver,
1970 878 2011 919 id

255 804 515 859 occupatione
549 805 758 860 expedisti,
793 805 907 846 valde
940 805 1041 846 mihi
1074 810 1233 859 gratum
1278 810 1351 846 est.

256 955 452 1005 quantum
487 952 538 992 sit
582 952 825 1007 praesidium
871 952 987 992 video
1020 952 1282 1006 intelligoque
1315 957 1354 993 te
1388 952 1535 993 multas
1568 957 1699 1007 partes
1731 967 1841 993 meae
1874 952 2014 994 salutis

254 1095 372 1146 Quod
406 1111 467 1136 me
502 1101 610 1137 vetas
645 1096 865 1151 quidquam
899 1097 1093 1151 suspicari
1128 1097 1318 1138 accidisse
1343 1096 1392 1138 ad
1416 1098 1592 1138 animum
1616 1103 1746 1147 tuum,
1771 1098 1876 1152 quod
1900 1113 2012 1139 secus

255 1027 294 1063 et
326 1023 525 1078 suscipere
560 1028 600 1064 et
632 1039 746 1078 posse
781 1023 975 1064 sustinere
1009 1039 1152 1077 neque,
1188 1029 1234 1064 ut
1266 1024 1323 1065 ita
1368 1023 1503 1074 facias,
1547 1024 1770 1079 rogandum
1814 1040 1913 1066 esse.

253 1183 275 1208 a
307 1183 370 1208 ine
403 1183 495 1222 erga
526 1173 565 1209 te
600 1169 856 1210 commissum
891 1174 960 1210 aut
993 1170 1315 1224 praetermissum
1349 1169 1563 1221 videretur,
1598 1184 1732 1224 geram
1763 1169 1840 1211 tibi
1862 1185 2010 1212 morem

252 1246 292 1282 et
322 1240 521 1282 liberabor
554 1241 631 1282 ista
665 1256 778 1292 cura3
811 1241 888 1282 tibi
921 1246 1057 1282 tamen
1090 1257 1135 1282 60
1170 1242 1260 1297 plus
1295 1241 1463 1293 debebo,
1499 1257 1577 1296 quo
1610 1247 1680 1283 tua
1711 1243 1755 1283 in
1789 1258 1850 1284 me
1873 1243 2011 1284 huma-

250 1314 356 1354 nitas
389 1313 509 1354 fuerit
542 1314 732 1355 excelsior
766 1329 886 1368 quam
919 1314 961 1354 in
996 1318 1035 1354 te
1069 1329 1169 1355 mea.
1206 1314 1352 1365 Velim,
1379 1314 1475 1368 quid
1499 1314 1648 1365 videas,
1671 1314 1767 1369 quid
1789 1314 2006 1370 intelligas,

251 1386 349 1441 quid
383 1391 536 1440 agatur,
571 1387 621 1428 ad
654 1402 716 1428 me
750 1386 900 1427 scribas
911 1405 921 1438 3
967 1391 1137 1441 tuosque
1173 1402 1309 1428 omnes
1342 1387 1391 1428 ad
1436 1392 1612 1428 nostram
1654 1387 1824 1428 salutem
1866 1386 2006 1428 adhor-

249 1464 347 1500 tere.
381 1459 552 1514 Rogatio
586 1460 705 1500 Sestii
739 1474 868 1513 neque
903 1458 1114 1513 dignitatis
1150 1459 1246 1500 satis
1279 1458 1402 1500 habet
1444 1474 1517 1500 nec
1562 1458 1774 1500 cautionis.
1819 1459 1926 1500 Nam
1970 1464 2010 1500 et

248 1530 488 1572 nominatim
520 1530 613 1571 ferri
647 1535 803 1586 oportet
835 1536 875 1571 et
908 1530 956 1571 de
992 1530 1107 1572 bonis
1141 1531 1376 1585 diligentius
1410 1530 1550 1581 scribi3
1585 1535 1625 1571 et
1646 1530 1688 1571 id
1713 1530 2005 1572 animadvertas

248 1603 381 1645 velim.
415 1603 520 1645 Data
554 1616 643 1644 1111.
676 1604 786 1644 Non.
820 1601 985 1644 Octobr.
1021 1602 1342 1644 Thessalonicae.

290 1767 309 1797 2
330 1767 486 1798 maximae
506 1786 547 1790 —

243 1926 327 1956 vitae
338 1925 489 1966 quoddam
501 1925 624 1956 initium
637 1924 700 1956 IV.
714 1924 740 1961 1,
755 1924 773 1953 8
786 1928 817 1954 et
833 1919 1100 1967 παλιγγενεσίαν

244 1982 306 2012 VI.
330 1982 358 2018 6,
380 1984 401 2011 4
423 1981 574 2022 appellat.
611 1979 727 2011 Graeci
762 1979 802 2009 ab
832 1978 935 2010 exilio
965 1979 1100 2009 reduces

245 2033 407 2064 vocabant
430 2028 740 2079 ὃευτεροπότμους.

288 2087 402 2119 Tamen
424 2088 517 2119 volui.
554 2102 567 2113 a
579 2088 621 2118 In
644 2097 674 2117 v.
698 2089 801 2116 tamen
823 2086 909 2117 inest
932 2086 1101 2126 impatien-

244 2141 317 2178 tiae,
347 2152 412 2182 qua
439 2141 581 2172 reditum
611 2140 830 2181 exspectabat,
868 2139 1100 2179 significatio.”

244 2195 379 2226 Vellem
409 2194 553 2226 Orellius
583 2195 671 2225 hune
695 2204 790 2224 usum
813 2194 924 2233 aliquo
947 2193 1100 2234 exemplo

244 2249 447 2286 illustrasset,
470 2259 558 2279 nunc
581 2249 621 2279 de
642 2249 779 2279 veritate
801 2247 926 2278 dubito.
950 2247 1035 2278 Mihi
1055 2248 1100 2278 vi·

242 2303 336 2334 detiu·
358 2304 459 2333 tamen
482 2302 551 2333 vim
573 2312 602 2333 v.
625 2312 704 2342 quae
733 2300 818 2332 nobis
840 2311 932 2340 prop.
960 2300 1098 2330 marma

242 2355 516 2392 circumscribere,
540 2360 576 2385 ut
598 2354 683 2384 dicat
706 2363 739 2384 se
762 2363 853 2393 spem
875 2353 977 2389 illam,
1001 2362 1100 2392 quam

243 2408 299 2439 alii
321 2414 357 2439 ut
378 2408 560 2439 maximam
583 2408 817 2448 proponebant,
848 2407 908 2438 etsi
937 2406 1000 2437 sibi
1031 2416 1097 2436 non

242 2462 322 2492 adeo
344 2471 472 2501 magna,
496 2461 577 2501 quin
600 2461 707 2491 tenuis
737 2461 912 2496 videretur,
944 2469 993 2500 ep.
1024 2469 1095 2499 sup.

242 2514 270 2550 2,
293 2518 402 2544 tamen
418 2514 558 2545 abiicere
573 2513 728 2544 noluisse.
751 2512 892 2543 Faciunt
905 2512 970 2542 huc
988 2521 1099 2542 exeni-

240 2566 303 2606 pla,
345 2576 428 2606 quae
465 2566 627 2597 Ellendtii
660 2565 834 2605 diligentia
862 2565 1027 2605 congessit
1059 2565 1099 2594 ad

241 2618 281 2649 dc
312 2617 400 2649 Orat.
430 2619 475 2648 Π.
505 2628 534 2658 p.
566 2619 625 2648 208
655 2627 712 2658 sq.,
742 2617 834 2648 velut
864 2616 954 2649 Orat.
977 2617 1004 2647 Ι.
1028 2616 1097 2652 205,

238 2681 309 2700 mem
332 2680 414 2700 mmc
435 2669 542 2710 quibus
573 2668 757 2700 studendum
785 2669 875 2700 rebus
905 2670 985 2700 esset
1011 2678 1097 2698 acce-

230 2721 346 2762 pimuS,
368 2721 451 2763 quod
469 2722 567 2762 ipsum
589 2724 636 2753 est
659 2724 765 2752 tumen
780 2732 932 2762 maqnum.
954 2721 1096 2760 Reliqua

237 2776 323 2816 apud
338 2776 445 2816 ipsum
460 2775 685 2815 inspiciantur.
713 2774 799 2815 Quae
814 2774 900 2805 nobi-5
910 2784 944 2814 p.
961 2773 1096 2804 marium

236 2828 351 2868 scripsi
372 2829 412 2858 de
436 2827 572 2859 Corradi
595 2828 781 2858 coniectura
802 2827 937 2867 probata
965 2834 1094 2866 quoque

236 2881 485 2921 Wesenbergio,
496 2881 636 2912 Emend.
645 2891 675 2921 p.
692 2882 720 2911 8.
734 2881 773 2911 In
790 2881 878 2911 Med.
892 2885 940 2911 est
953 2878 1094 2915 marime,

236 2934 324 2974 quod
346 2933 522 2974 quominus
545 2933 725 2964 retineatur
748 2938 778 2964 et
800 2943 874 2963 cum
905 2931 989 2963 volui
1019 2941 1093 2962 con-

238 2988 404 3028 iungatur,
430 2988 537 3029 ipsum
561 2988 644 3019 illud
668 2991 771 3019 tamea
794 2988 956 3029 prohibet.

278 3039 401 3071 Eisdem
435 3040 469 3071 in
505 3040 592 3080 locis,
631 3041 665 3072 in
702 3041 820 3082 quibus
849 3051 937 3072 nunc
970 3048 1092 3077 sumus,

236 3092 501 3125 Thessalonicae.

1147 1930 1280 1956 tuantur
1301 1935 1344 1956 ex
1366 1924 1469 1956 literis
1492 1924 1648 1965 postridie
1671 1925 1711 1955 ad
1733 1923 1925 1956 Terentiam
1950 1924 2003 1956 da·

1147 1980 1187 2010 tis
1210 1979 1302 2010 Fam.
1324 1978 1421 2009 XIV.
1458 1979 1486 2016 2,
1516 1980 1544 2009 3.
1583 1977 1674 2018 Quod
1701 1978 1739 2009 de
1767 1978 1854 2009 domo
1884 1978 2008 2016 scrzbiS,

1146 2033 1204 2062 hoc
1226 2034 1282 2069 est,
1305 2032 1343 2062 de
1365 2042 1462 2068 area5
1488 2041 1542 2071 eqo
1574 2041 1646 2062 vero
1679 2033 1741 2061 tum
1769 2030 1900 2072 denique
1927 2030 2004 2061 mihi

1146 2084 1269 2115 videbor
1291 2085 1466 2122 restitutus,
1488 2083 1516 2114 si
1548 2084 1609 2114 illa
1636 2083 1722 2114 nobis
1751 2083 1812 2114 erit
1840 2083 2003 2114 restituta.

1147 2137 1182 2169 C.
1206 2137 1316 2174 Curio,
1340 2136 1397 2177 qui
1420 2142 1489 2167 erat
1511 2136 1597 2167 inter
1618 2136 1789 2176 pontifices
1806 2135 1902 2177 (Har.
1918 2145 2001 2177 resp.

1147 2191 1200 2231 12)
1214 2191 1253 2221 de
1270 2200 1307 2221 ea
1322 2199 1356 2220 re
1370 2189 1501 2230 publice
1515 2189 1712 2229 privatimve
1726 2189 1850 2229 aliquid
1863 2188 2002 2220 dixerat.

1185 2242 1227 2272 'In
1251 2244 1344 2272 tanta
1368 2241 1556 2272 hereditate.
1588 2240 1716 2281 Accepit
1738 2240 1863 2272 circiter
1884 2240 2002 2271 centies

1143 2293 1332 2331 sestertium,
1363 2299 1443 2325 teste
1474 2293 1571 2325 Corn.
1602 2293 1684 2334 Nep.
1715 2295 1743 2331 5,
1774 2293 1803 2324 2.
1839 2292 1887 2323 Ab
1919 2293 2002 2323 omni

1143 2352 1344 2392 occchalz'one
1366 2353 1397 2382 te
1419 2350 1574 2391 expedisti
1597 2356 1646 2382 est
1668 2361 1686 2382 a
1716 2351 1829 2381 litibus
1859 2351 1999 2382 liberum

1143 2412 1174 2437 te
1196 2405 1394 2446 praestitisti.

1188 2458 1228 2488 Te
1251 2459 1367 2489 multas
1386 2460 1494 2498 partes
1525 2468 1611 2488 meae
1639 2457 1756 2488 salutis
1783 2457 1938 2498 suscipere
1966 2467 2000 2488 οι

1143 2516 1173 2542 te
1202 2512 1345 2542 multum
1373 2512 1530 2548 laborare,
1559 2516 1595 2541 ut
1623 2511 1733 2542 salvus
1766 2515 1797 2542 et
1823 2510 2000 2542 incolumis

1146 2564 1216 2595 sim.
1241 2564 1391 2596 Conferri
1414 2569 1549 2604 possunt
1571 2563 1753 2595 locutiones
1774 2563 1881 2594 multis
1896 2563 2001 2603 parti-

1144 2619 1199 2649 bus
1214 2619 1324 2659 plnres
1348 2625 1380 2650 et
1409 2619 1547 2650 omnibus
1570 2618 1716 2658 partibus
1737 2618 1822 2659 plus,
1851 2627 1933 2658 quae
1964 2617 2000 2648 il-

1144 2672 1325 2702 lustrantur
1355 2671 1390 2702 in
1424 2672 1535 2702 adnot.
1564 2671 1592 2701 I.
1621 2670 1659 2701 F.
1690 2669 1850 2702 Gronovii
1879 2671 1920 2701 ad
1949 2679 1997 2711 ep.

1142 2725 1235 2756 Fam.
1257 2727 1283 2757 Ι.
1307 2727 1335 2763 2,
1359 2726 1387 2757 2.

1185 2779 1202 2818 ξ
1226 2780 1254 2809 3.
1277 2777 1410 2819 Royatio
1432 2776 1536 2808 Sestii.
1560 2777 1598 2808 P.
1614 2776 1749 2814 Sestius,
1765 2777 1916 2808 tribunus
1932 2776 1997 2817 ple-

1144 2832 1191 2862 bis
1213 2832 1413 2872 designatus,
1437 2831 1547 2862 statim
1576 2836 1650 2871 post
1679 2830 1908 2871 magistratum
1936 2829 1995 2860 ini-

1142 2889 1211 2914 tum
1233 2884 1342 2923 legem
1365 2883 1448 2914 ferre
1482 2883 1613 2914 volebat
1641 2884 1682 2914 de
1711 2882 1913 2914 restituendo
1943 2880 1996 2913 Ci-

1141 2946 1268 2968 cerone.
1304 2937 1387 2968 Eam
1410 2936 1539 2968 videtur
1561 2937 1614 2968 vel
1636 2936 1705 2977 ipse
1728 2937 1769 2967 ad
1800 2935 1995 2967 Ciceronem

1141 2991 1276 3028 misisse,
1310 2991 1364 3022 vel
1394 3000 1471 3021 cum
1500 2990 1614 3021 Attico
1642 2989 1908 3026 communicasse,
1937 2988 1995 3029 qui

1141 3043 1245 3074 amico
1273 3043 1499 3075 transmiserit.
1543 3042 1608 3074 Sed
1644 3042 1720 3072 huic
1751 3052 1816 3073 non
1846 3041 1995 3082 placebat

1141 3097 1184 3127 ob
1212 3098 1363 3134 rationes,
1386 3107 1466 3138 quas
1504 3097 1571 3137 ipse
1597 3096 1696 3128 addit.
1731 3095 1781 3127 Cf.
1808 3104 1857 3135 ep.
1887 3096 1935 3132 23,
1964 3095 1993 3124 4.

280 3147 298 3185 ξ
321 3148 349 3177 2.
374 3146 420 3177 De
440 3147 533 3178 domo
556 3156 616 3180 cet.
638 3148 797 3189 Aliquam
810 3148 918 3180 lucem
932 3147 1011 3179 haec
1026 3155 1094 3177 mu-
1115 3146 1119 3191 ι
1141 3150 1256 3189 Neque
1280 3151 1343 3181 lata
1367 3156 1425 3181 est.
