2117 3533
271 153 356 193 238
667 151 750 192 ΕΡ.
785 151 861 191 AD
893 150 939 189 T.
974 148 1323 189 POMPONIUM
1356 148 1619 189 ATTICUM.

268 310 325 316 ——
358 286 430 327 hui
462 291 544 326 tam
576 284 714 338 longe!
752 307 808 312 —
842 281 943 322 mihi
974 286 1066 322 tuas
1098 281 1234 322 literas
1267 281 1457 323 reddidit.
1491 283 1553 323 Ex
1587 282 1734 336 quibus
1757 299 1838 325 non
1859 284 2016 338 dubito,

266 359 363 413 quin
395 364 443 399 tu
476 357 711 412 Pompeium
744 355 998 411 exspectariS,
1042 354 1139 394 dum
1172 354 1355 396 Arimino
1388 355 1548 406 rediret,
1592 359 1632 396 et
1663 356 1742 397 iam
1775 357 1818 397 in
1852 358 2019 412 Epirum

263 431 464 485 profectus
498 430 565 481 sis,
599 428 807 483 magisque
841 442 990 477 vereor,
1023 431 1070 467 ut
1103 425 1258 477 scribis,
1300 442 1350 468 ne
1390 427 1433 468 in
1467 427 1590 482 Epiro
1624 428 1819 469 sollicitus
1852 429 1906 469 sis
1939 444 2020 472 non

262 503 408 554 minus,
442 517 562 556 quam
594 517 667 543 nos
698 501 765 542 hic
799 516 948 542 sumus.
982 500 1043 541 De
1076 499 1256 540 Atiliano
1290 500 1451 541 nomine
1485 501 1625 555 scripsi
1658 500 1707 542 ad
1741 501 2019 553 Philotimum,

225 591 239 616 5
261 592 311 617 ne
345 576 561 631 appellaret
591 575 819 616 Messalam.
872 578 912 615 2.
946 573 1110 615 Itineris
1143 574 1270 614 nostri
1302 573 1448 614 famam
1482 573 1531 614 ad
1564 579 1604 615 te
1636 575 1863 629 pervenisse
1895 575 2021 617 laetor

262 649 466 703 magisque
499 647 690 700 laetabor,
726 648 759 689 si
791 647 944 701 reliqua
978 645 1172 700 cognoris.
1229 646 1412 687 Filiolam
1444 650 1557 688 tuam
1588 646 1664 688 tibi
1698 647 1723 692 †
1756 647 1837 688 iam
1869 648 2017 690 Romae

260 721 478 763 iucundam
527 737 611 763 esse
645 720 799 775 gaudeo
840 734 1021 774 eamque,
1057 733 1176 772 quam
1208 733 1416 773 nunquam
1450 719 1547 771 vidi,
1593 724 1727 761 tamen
1761 725 1801 760 et
1845 735 1933 761 amo
1977 726 2018 763 et

260 793 470 835 amabilem
503 809 587 835 esse
621 799 727 835 certo
762 793 855 835 scio.
891 792 1027 833 Etiam
1060 796 1180 844 atque
1214 791 1334 832 etiam
1368 791 1468 832 vale.
1512 794 1553 832 3.
1587 792 1647 833 De
1671 793 1845 834 Patrone
1872 796 1912 834 et
1934 793 2016 835 tuis

259 865 558 921 condiscipulis,
604 882 703 920 quae
743 866 792 907 de
825 864 1032 920 parietinis
1066 864 1109 905 in
1143 864 1168 908 †
1200 864 1344 905 militia
1377 863 1568 916 laboravi,
1603 880 1650 906 ea
1681 865 1757 906 tibi
1789 870 1903 920 grata
1935 881 2019 908 esse

205 954 238 979 10
257 938 426 992 gaudeo.
482 939 601 990 Quod
635 938 774 981 scribis
807 938 958 979 libente
990 942 1030 978 te
1064 936 1263 992 repulsam
1296 937 1436 979 tulisse
1481 954 1586 989 eum,
1629 939 1699 993 qui
1743 954 1834 980 cum
1875 939 2020 980 sororis

256 1017 348 1053 tuae
383 1012 452 1053 tilii
485 1017 627 1066 patruo
660 1016 844 1062 certarat,
878 1011 1014 1065 magni
1047 1010 1191 1051 amoris
1224 1009 1399 1064 signum.
1453 1011 1595 1066 Itaque
1629 1027 1690 1053 me
1725 1011 1846 1053 etiam
1881 1010 2015 1053 admo-

300 1175 319 1205 6
341 1175 401 1206 iam
426 1175 540 1206 Romae
560 1193 601 1198 —-
624 1176 642 1206 9
664 1176 699 1208 in
721 1175 836 1206 militm
859 1192 900 1197 —-
922 1174 959 1204 11
983 1175 1121 1206 certaret
1142 1191 1182 1196 —-

259 1321 329 1351 sine
352 1321 468 1361 copula
490 1321 664 1362 praecedit.
702 1322 752 1353 Cf.
775 1326 885 1353 tamen
909 1321 1001 1352 Fam.
1032 1319 1114 1351 XII.

259 1374 307 1409 25,
332 1374 347 1403 1
372 1373 473 1404 altero
496 1373 648 1405 vieesz'mo.
673 1374 752 1405 XV.
775 1375 803 1411 4,
828 1374 867 1404 10
887 1373 1015 1413 septimo
1029 1373 1114 1414 quin-

257 1427 432 1467 quuyesz'mO
447 1427 499 1457 dz'e
514 1428 644 1468 aliaque
657 1429 743 1468 apud
755 1428 954 1469 Zumptium,
968 1426 1114 1459 Gramm.

260 1480 278 1519 ξ
302 1481 360 1511 118
383 1481 416 1511 in
441 1482 550 1512 adnot.

303 1534 383 1575 Quin
406 1537 440 1565 tu
465 1534 634 1576 Pompeium
663 1540 722 1567 cet.
760 1536 800 1567 In
830 1536 918 1567 Med.
948 1537 1037 1577 quod
1067 1540 1115 1567 est

257 1587 330 1628 quin
358 1590 394 1617 ut
423 1588 545 1620 servari
581 1594 697 1629 potest,
726 1589 805 1620 dum
834 1591 864 1619 et
893 1595 966 1630 post
995 1588 1114 1619 rediret

257 1642 415 1673 deleatur.
458 1642 544 1672 Nam
579 1648 666 1674 recte
699 1643 837 1674 dicitur:
876 1658 888 1668 w
900 1653 968 1674 non
997 1643 1114 1674 dubito

259 1696 351 1736 quin,
366 1696 443 1726 lieet
458 1696 651 1737 Pompeium
672 1697 881 1737 exspectaris,
897 1698 977 1727 dum
991 1696 1113 1727 Arimi-

260 1758 302 1779 no
318 1749 447 1786 rediret,
470 1749 537 1779 iam
559 1749 593 1780 in
616 1750 756 1790 Epirum
778 1750 942 1790 profectus
965 1749 1042 1780 sis.⁶⁷

299 1801 347 1832 De
380 1802 524 1833 Alilz‘mlo
553 1803 674 1833 nomine
710 1808 770 1834 cet.
804 1804 947 1835 Messala
979 1803 1113 1843 quidam

258 1856 359 1886 debiti
380 1856 533 1894 Atiliani,
558 1858 646 1897 quod
669 1858 766 1898 quale
789 1856 890 1888 fuerit
911 1857 1112 1898 ignoramus,

258 1919 350 1949 praes
373 1914 451 1940 erat.
473 1910 584 1948 Hunc,
608 1911 635 1941 si
658 1916 745 1942 recte
763 1911 957 1941 coniicimus
972 1911 1112 1942 eundem

257 1970 336 1998 6556,
364 1962 403 1993 de
437 1972 502 2002 quo
531 1963 565 1993 in
601 1972 650 2003 ep.
683 1963 731 2000 12,
762 1964 781 1994 2
812 1972 919 1994 sermo
942 1962 1014 2001 fuit,
1038 1963 1111 2003 lege

255 2014 386 2045 Licinia
408 2017 665 2047 condemnatum
688 2023 767 2047 tunc
788 2016 956 2057 appellari,
987 2016 1042 2056 (cf.
1073 2016 1113 2046 ad

255 2069 282 2099 I.
295 2071 323 2106 S,
341 2071 374 2110 3)
392 2071 480 2110 quod
496 2071 717 2101 inhumanum
732 2071 824 2108 foret,
839 2070 954 2102 Cicero
968 2071 1110 2102 nolebat.

299 2125 317 2163 ξ
340 2124 368 2154 2.
392 2123 524 2154 Itineris
545 2125 647 2156 nostri
660 2125 785 2165 famam
815 2130 873 2157 cet.
906 2127 1018 2166 ‹squod
1046 2130 1114 2156 tam

257 2178 441 2208 modestum
470 2177 530 2208 fuit
560 2184 592 2209 ct
619 2179 757 2210 minime
787 2189 886 2219 grave
916 2179 1022 2224 sociis,
1056 2189 1114 2220 per

255 2240 335 2270 111105
358 2230 479 2261 factum
503 2233 583 2262 est.'“
607 2231 804 2265 Gronovius.

296 2284 441 2315 Filiolam
466 2287 550 2315 tuam.
574 2285 630 2316 libi
651 2286 713 2316 iam
736 2286 850 2317 Romae
865 2286 1032 2317 iucundam
1046 2296 1114 2318 esse

251 2337 385 2378 fflcecdeo.
420 2338 506 2370 Sane
529 2338 685 2370 Schutzio
709 2340 844 2371 concedi
866 2340 972 2378 debet,
1003 2341 1112 2371 absur-

255 2391 334 2421 dum
364 2401 433 2421 csse
462 2392 610 2422 Atticam
640 2393 723 2432 patri
753 2392 877 2431 Romae,
908 2404 974 2424 non
1006 2394 1113 2425 ubivis

257 2443 432 2474 iucundam
473 2444 571 2475 fuisse
607 2445 760 2476 futuram.
804 2447 874 2477 Etsi
909 2447 1019 2487 puella
1054 2447 1114 2478 vix

256 2495 407 2535 quintum
420 2497 532 2527 aetatis
548 2507 674 2528 annum
687 2498 841 2538 attigerat
854 2518 894 2521 —
910 2499 1113 2540 Pomponius

257 2553 345 2583 enim
366 2553 486 2583 Piliam
517 2555 657 2586 duxerat
688 2555 793 2595 pridie
824 2557 874 2587 Id.
903 2556 1000 2588 Febr.
1034 2558 1113 2588 anni

257 2604 327 2635 698.
351 2605 427 2635 Vid.
451 2607 491 2636 ad
514 2606 555 2644 Q.
577 2606 632 2637 Fr.
656 2608 701 2638 II.
725 2610 752 2645 3,
776 2608 794 2640 7
810 2614 976 2641 —tamen
995 2619 1032 2641 ea
1047 2621 1113 2641 non

256 2663 325 2689 tum
348 2659 481 2688 demum
505 2658 596 2699 (iam)
619 2660 703 2699 patri
727 2660 869 2692 iucunda
899 2672 968 2693 esse
998 2663 1115 2703 coepit·

256 2710 322 2741 Sed
348 2716 475 2751 poterat
505 2713 626 2751 gradus
655 2713 801 2750 indicari,
834 2716 922 2754 quod
953 2716 1112 2747 obtinebi-

255 2773 329 2793 mus
351 2764 538 2794 scribendo:
562 2764 709 2795 Filiolam
732 2768 754 2796 t.
769 2768 791 2796 t.
807 2768 869 2797 lam
882 2767 934 2798 vel
949 2768 1111 2809 tantopere

254 2815 419 2846 iucundam
457 2825 522 2847 esse
551 2817 685 2857 (saudeo.
729 2817 872 2849 Orellius
899 2820 984 2850 hane
1018 2831 1109 2852 suam

255 2869 475 2908 suspicionem
496 2869 531 2900 in
555 2870 608 2900 alt.
632 2871 698 2901 edit
720 2872 851 2911 sprevit.

297 2920 398 2951 Ele'am
429 2924 522 2963 cthue
551 2922 644 2952 eliam
668 2923 750 2954 vale.
779 2924 969 2964 Aliquoties
999 2927 1044 2963 fit,
1072 2932 1110 2957 nt

256 2973 393 3012 scriptor
428 2979 501 3014 post
537 2974 622 3005 hanc
658 2976 711 3006 vel
753 2976 896 3008 similem
928 2979 1110 3010 clausulam

257 3027 417 3064 quaedam
440 3028 545 3064 addat,
570 3038 653 3069 quae
676 3039 765 3060 nunc
788 3030 888 3070 vulgo
903 3033 977 3071 post
990 3031 1109 3072 scripta

258 3078 434 3116 appellant.
469 3079 518 3110 Cf.
542 3081 582 3110 ad
604 3080 675 3112 Att.
699 3082 762 3113 ΠΙ.
786 3083 834 3120 22,
864 3083 894 3113 3-
928 3085 969 3115 V.
1000 3086 1048 3122 20,
1080 3087 1108 3116 9.

257 3127 321 3159 XI.
343 3130 371 3165 4,
396 3129 424 3160 2.
449 3130 540 3162 Fam.
574 3131 673 3164 XIV.
698 3134 724 3171 1,
743 3134 771 3165 6.
792 3134 890 3166 XVI.
914 3137 960 3173 15,
980 3137 1009 3168 1.
1028 3137 1107 3168 VII.

1161 1319 1210 1357 18,
1234 1321 1262 1350 3.
1297 1321 1412 1360 Itaque
1435 1330 1502 1351 non
1533 1320 1636 1360 probo
1665 1320 1862 1358 Puteanum‚
1892 1319 2017 1352 Grono-

1161 1374 1263 1411 vium,
1287 1374 1499 1411 Lambinum,
1523 1374 1579 1414 qui
1601 1384 1676 1404 cum
1693 1374 1744 1404 his
1760 1374 1929 1414 sequentia
1944 1385 2020 1406 con-

1161 1426 1292 1456 tinuant
1315 1426 1432 1457 leniter
1454 1426 1640 1457 immutata:
1675 1426 1777 1457 Etiam
1801 1428 1894 1468 atque
1924 1427 2019 1458 etiam

1161 1478 1285 1508 valedio
1308 1478 1430 1517 (valere
1451 1478 1516 1518 dic)
1539 1478 1672 1510 Patroni
1695 1481 1725 1510 et
1747 1479 1810 1509 luis
1827 1479 2020 1519 condiscipu-

1163 1533 1213 1570 lis,
1238 1538 1294 1564 aut
1315 1552 1356 1556 —
1377 1533 1485 1565 valere
1506 1533 1575 1565 iube
1597 1533 1766 1565 Patronem
1794 1536 1824 1565 et
1853 1536 1922 1566 tuos
1951 1543 2022 1565 con-

1160 1586 1343 1627 discipulos.

1202 1639 1220 1679 ξ
1243 1640 1271 1670 3.
1305 1639 1392 1680 Quae
1413 1639 1452 1670 de
1470 1639 1642 1680 parietinis
1666 1640 1700 1671 in
1722 1640 1838 1671 militia
1867 1640 2017 1672 laboravi.

1161 1691 1210 1723 Cf.
1234 1692 1327 1730 Fam,
1351 1692 1452 1730 XIII,
1478 1693 1494 1723 1
1519 1698 1551 1724 et
1573 1702 1659 1734 quae
1682 1693 1872 1724 monuimus
1901 1695 1942 1725 ad
1971 1703 2022 1735 ep.

1160 1745 1212 1782 11,
1237 1746 1255 1775 6
1277 1746 1310 1776 h.
1335 1745 1355 1776 1.
1380 1746 1445 1778 Sed
1467 1746 1526 1777 illa
1548 1746 1582 1777 in
1604 1746 1720 1777 militia
1743 1747 1825 1778 mihi
1849 1747 1945 1778 valde
1971 1757 2021 1778 su-

1160 1802 1269 1838 specta
1291 1802 1376 1828 sunt.
1410 1798 1527 1839 Neque
1551 1799 1639 1830 enim
1661 1799 1825 1837 Manufio,
1849 1809 1948 1840 quem
1971 1809 2019 1831 ce-

1158 1852 1219 1883 teri
1248 1852 1443 1893 interpretes
1473 1859 1664 1894 sequuntur,
1698 1854 1843 1885 concedo
1883 1854 1944 1885 iter
1985 1854 2017 1884 in

1159 1906 1364 1946 provinciam
1387 1907 1532 1938 militiam
1555 1908 1620 1939 dici
1641 1908 1796 1948 potuisse.
1825 1908 1913 1939 Nam
1935 1917 2018 1948 quae

1158 1961 1216 1991 ille
1239 1962 1333 1992 affert
1355 1971 1397 1992 ex
1421 1971 1470 2002 ep.
1493 1962 1521 1999 2,
1551 1963 1572 1993 l.
1604 1962 1656 1993 VI
1684 1961 1718 1992 in
1747 1962 1808 1992 liae
1832 1962 2018 2003 pereyrina-

1158 2014 1244 2044 tione
1271 2014 1423 2045 militiave
1453 2017 1572 2052 vostra,
1601 2015 1685 2046 nihil
1723 2015 1878 2052 efficiunt,
1914 2024 2016 2056 quum

1160 2066 1276 2098 Cicero
1297 2067 1345 2098 ibi
1368 2068 1520 2108 loquatur
1541 2068 1582 2099 de
1604 2068 1663 2099 illo
1686 2073 1840 2108 tempore,
1859 2077 1960 2108 quum
1981 2067 2014 2098 in

1160 2119 1248 2150 bello
1270 2121 1416 2159 gerendo
1438 2125 1613 2161 occupatus
1636 2119 1760 2151 fuisset.
1805 2119 1884 2152 Sine
1915 2120 2016 2151 dubio

1158 2172 1288 2212 scripsit
1309 2172 1343 2202 iil.
1360 2172 1484 2210 Melita,
1509 2182 1592 2213 quae
1611 2178 1680 2205 erat
1703 2169 1811 2218 δῆμος
1835 2173 1940 2204 tribus
1957 2172 2016 2205 Ce-

1159 2227 1309 2268 cropidis,
1333 2229 1372 2259 de
1396 2238 1462 2268 quo
1484 2230 1571 2260 vidd.
1595 2229 1670 2260 Viri
1689 2230 1784 2267 docti,
1802 2239 1882 2270 quos
1904 2230 2017 2262 laudat

1159 2279 1432 2312 Westermannus
1455 2282 1496 2312 ad
1518 2282 1608 2313 Plut.
1638 2282 1705 2313 Sol.
1735 2292 1762 2313 c.
1793 2283 1841 2312 10.
1886 2282 2016 2314 Indicat

1159 2334 1261 2374 igitur
1290 2334 1382 2365 illam
1411 2336 1555 2373 domum,
1586 2346 1686 2377 quam
1722 2336 1881 2376 Epicurus
1922 2340 2016 2367 testa-

1158 2392 1272 2417 mento
1293 2386 1499 2417 Hermarcho
1520 2387 1733 2418 habitandam
1762 2388 1861 2425 dedit,
1889 2385 1952 2423 τὴν
1981 2385 2016 2420 ἑν

1158 2438 1303 2489 Μελίτῃ.
1329 2442 1406 2472 Vid.
1437 2443 1522 2482 apud
1558 2442 1654 2483 Diog.
1684 2443 1794 2474 Laert.
1828 2443 1872 2475 X.
1903 2443 1951 2482 17,
1974 2444 2015 2475 ad

1158 2508 1257 2538 quem
1288 2498 1397 2529 locum
1436 2507 1478 2529 ex
1504 2499 1590 2539 Aeg.
1617 2500 1766 2539 Menagii
1803 2500 2013 2532 adnotatione

1159 2550 1301 2591 cognovi
1324 2559 1431 2581 meam
1454 2551 1690 2583 correctionem
1713 2552 1746 2582 in
1762 2552 1813 2582 his
1827 2553 1935 2583 verbis
1948 2552 2012 2583 iam

1160 2614 1178 2634 a
1214 2603 1382 2635 Gassendo
1423 2610 1614 2645 occupatam
1653 2605 1761 2636 fuisse.
1806 2605 1905 2644 Quod
1939 2605 2015 2636 libri

1160 2657 1272 2698 scripti
1293 2658 1372 2688 dant
1394 2657 1432 2688 de
1458 2658 1639 2688 Tarentini-s·
1660 2658 1694 2689 in
1722 2659 1838 2690 militia
1867 2659 2012 2691 defendit

1160 2710 1197 2740 P.
1221 2709 1396 2747 Victorius,
1420 2710 1499 2740 Var.
1522 2711 1613 2742 Lect.
1634 2711 1697 2742 IX.
1720 2713 1749 2749 3,
1778 2712 1834 2743 sed
1863 2722 1930 2743 non
1942 2721 2010 2753 pos-

1158 2772 1192 2794 se
1214 2762 1343 2803 probari
1366 2761 1540 2793 Schutzius
1563 2764 1728 2804 praeclare
1750 2764 1902 2795 ostendit.

1199 2813 1366 2854 Repulsam
1389 2814 1499 2845 tulisse
1533 2820 1592 2846 cet.
1628 2816 1663 2847 C.
1686 2816 1816 2854 Hirrus,
1839 2816 1895 2857 qui
1923 2825 1951 2846 a.
1980 2824 2012 2845 u.

1158 2867 1215 2899 701
1241 2866 1408 2898 Ciceronis
1432 2867 1465 2897 in
1495 2873 1656 2908 auguratu
1685 2869 1878 2909 competitor
1908 2868 2012 2899 fuerat

1157 2920 1263 2960 (Fam.
1289 2921 1389 2951 VIII.
1413 2922 1440 2958 3,
1466 2921 1510 2960 1),
1533 2921 1595 2952 1100
1618 2927 1763 2962 tempore
1787 2932 1860 2953 eum
1882 2922 1929 2952 M.
1951 2920 2011 2953 Oc-

1156 2975 1245 3005 tavio
1268 2973 1328 3005 Cn.
1351 2975 1397 3005 fil.
1427 2980 1458 3006 et
1488 2985 1563 3006 cum
1592 2976 1640 3007 M.
1670 2975 1783 3008 Caelio
1812 2976 2010 3008 aedilitatem

1156 3029 1316 3069 petiverat
1340 3027 1433 3067 (ibid.
1455 3029 1484 3068 2,
1508 3029 1552 3070 2),
1577 3030 1634 3062 sed
1648 3031 1812 3071 repulsam
1829 3030 1904 3062 tulit
1918 3029 2013 3069 (ibid.

1156 3084 1183 3119 9,
1208 3083 1235 3113 1.
1259 3083 1303 3113 II.
1328 3083 1372 3123 9).

1199 3137 1259 3177 Qui
1287 3155 1327 3160 ——
1355 3138 1509 3168 certarat.
1543 3137 1637 3169 Libri
1665 3140 1814 3178 certaret,
1842 3138 1929 3179 quod
1956 3138 2010 3170 ‹le-
