2117 3533
269 143 321 182 46

668 141 751 182 ΕΡ.
786 140 863 181 AD
895 140 941 180 Τ.
975 138 1326 180 POMPONIUM
1357 130 1621 180 ATTICUM.

266 276 499 317 Ciceronem
519 275 732 331 appellent.
766 275 909 330 Itaque
930 278 970 314 et
987 273 1094 314 ludis
1116 278 1156 314 et
1168 272 1457 327 gladiatoribus
1470 272 1671 314 mirandas
1685 270 2024 329 ἐπισημασίας

265 349 349 390 31118
381 349 463 390 ulla
496 348 709 403 pastoricia
740 348 875 389 fistula
908 345 1199 388 auferebamus.
1253 348 1323 387 12.
1358 347 1480 387 Nunc
1514 351 1574 386 est
1607 345 1849 400 exspectatio
1880 345 2024 400 ingens

265 421 530 471 comitiorum,
564 421 607 461 in
634 436 735 475 quae
775 419 961 461 omnibus
1001 418 1140 460 invitis
1179 418 1309 459 trudit
1351 423 1484 460 noster
1529 418 1705 473 Magnus
1744 418 1841 459 Auli
1880 418 2022 469 filium,

263 500 383 548 atque
415 494 458 534 in
491 508 536 533 80
570 508 699 548 neque
733 493 970 534 auctoritate
1005 506 1135 546 neque
1168 492 1297 545 gratia
1329 497 1497 546 pugnat,
1533 491 1602 532 sed
1636 490 1783 546 quibus
1811 491 2024 547 Philippus

235 566 396 606 5omnia
429 565 590 606 castella
630 566 851 621 expugnari
894 580 1007 620 posse
1053 563 1225 614 dicebat,
1272 564 1332 618 [in
1371 579 1471 618 quae
1512 564 1630 605 modo
1671 564 1815 605 asellus
1856 569 2024 605 onustus

262 654 358 679 auro
390 644 525 693 posset
558 639 805 693 ascendere]
873 638 1024 679 Consul
1057 641 1191 678 autem
1223 637 1305 688 ille,
1350 638 1577 678 Deterionis
1621 637 1827 679 histrionis
1863 637 2023 689 similis,

262 712 481 766 suscepisse
514 713 722 766 negotium
755 712 904 752 dicitur
936 716 977 752 et
1010 710 1118 751 domi

262 784 339 825 Sed
374 790 535 826 senatus
569 786 751 827 consulta
785 785 865 826 duo
896 785 978 825 iam
1011 784 1116 825 facta

1152 710 1342 751 divisores
1370 709 1540 761 habere,-
1565 711 1672 765 quod
1695 725 1768 765 ego
1788 725 1870 752 non
1892 711 2024 752 cred0.

1149 789 1243 825 sunt
1276 784 1426 835 odiosa,
1461 784 1568 839 quod
1601 785 1644 826 in
1678 784 1882 825 consulem
1920 782 2025 825 facta

260 862 468 911 putantur,
504 858 655 899 Catone
689 864 728 900 et
760 858 939 899 Domitio
972 857 1222 913 postulante:
1258 873 1398 907 unum,
1433 862 1479 899 ut
1512 858 1619 913 apud
1664 857 1921 912 magistratus
1963 857 2024 897 in-

215 950 249 976 10
261 933 367 986 quiri
398 931 536 973 liceret
572 932 778 986 [alterum]
814 931 928 972 cuius
962 930 1069 971 domi
1103 930 1296 972 divisores
1330 929 1574 982 habitarent,
1609 930 1798 972 adversus
1830 944 1914 971 rem
1952 943 2024 984 pu-

304 1113 320 1139 5
344 1110 376 1139 in
399 1120 478 1152 quae
502 1129 541 1132 —
564 1108 756 1141 adscendere
779 1118 846 1140 non
869 1108 997 1139 inclusa
1019 1127 1059 1131 —
1080 1108 1120 1138 10
1142 1107 1285 1145 alterum,
1309 1110 1326 1143 †
1349 1107 1522 1139 cuiusmodi
1544 1107 1696 1139 divisores
1718 1107 1868 1138 haberent
1891 1126 1931 1130 —-

261 1270 346 1300 inter
374 1270 489 1299 vinum
522 1271 562 1300 de
591 1268 818 1299 coniuratione
848 1272 996 1307 egerunt.
1033 1265 1123 1296 Illud

261 1324 287 1353 si
317 1322 477 1353 voluisset
507 1322 632 1359 Cicero,
664 1322 869 1362 neglexisset
904 1325 1122 1361 praeceptum,

262 1378 349 1417 quod
372 1377 439 1417 ipse
463 1377 518 1407 dat
540 1377 580 1407 de
603 1376 693 1407 Orat.
716 1376 782 1406 ΙΙΙ.
806 1375 876 1405 164.
900 1374 940 1404 cf.
963 1373 1060 1405 Catil.
1076 1373 1123 1403 ΙΙ.

262 1431 301 1462 22
335 1440 382 1470 sq.
413 1437 444 1461 et
472 1440 555 1471 quae
585 1430 684 1461 verba
720 1429 859 1460 adduxit
891 1427 1077 1459 Gronovius
1106 1436 1123 1457 e

263 1483 353 1515 Curt.
378 1483 459 1514 VII.
488 1485 508 1513 4
531 1483 616 1521 (1532
641 1482 758 1513 Bessus
783 1481 982 1521 circumferri
1008 1490 1121 1510 merum

261 1537 381 1578 larssius
396 1536 497 1573 iussit,
512 1536 728 1567 debellaturus
737 1545 829 1575 saper
839 1544 974 1565 »tensam
984 1534 1121 1564 Alexan.-

262 1589 360 1620 dmm.

304 1643 476 1674 Barbatuli
498 1643 635 1673 iuvenes.
657 1642 697 1672 cf.
722 1652 818 1682 supra
841 1642 888 1677 14,
913 1642 941 1670 5.

303 1695 401 1726 Ludis
423 1698 453 1726 et
471 1695 702 1737 yladiaz‘oribus
732 1704 764 1724 οε
798 1700 944 1734 tempore
966 1692 1120 1722 ludorum

264 1749 466 1780 scenicorum
490 1755 521 1779 et
544 1747 823 1788 gladiatoriorum.
846 1746 885 1776 cf.
903 1744 1120 1776 i11tt.adLiv.

264 1804 311 1834 II.
340 1803 390 1833 36.
414 1802 565 1833 Conferri
586 1806 691 1843 potest
719 1794 912 1846 τραγῳδοῖς
940 1793 1067 1835 καινοῖς
1089 1803 1121 1828 et

264 1861 389 1891 similes
411 1860 603 1896 locutiones,
634 1860 673 1890 de
703 1858 823 1899 quibus
852 1862 991 1887 monent
1020 1855 1120 1885 Hem-

265 1914 363 1944 sterh.
394 1914 435 1944 ad
463 1913 601 1943 Lucian.
632 1913 658 1943 I.
686 1922 717 1953 p.
749 1911 808 1941 166
839 1920 886 1951 3(1.
910 1910 1058 1940 Pierson.
1081 1908 1121 1938 ad

264 1967 403 1998 Moerid.
426 1977 456 2008 p.
479 1968 537 1997 351
563 1977 609 2007 sq.

307 2019 552 2066 ἐπισημασίας.
584 2015 877 2065 ἐπισημαίνεσθαι
900 2016 934 2047 111
949 2022 1122 2056 utramque

263 2084 389 2118 partem
412 2077 561 2118 usulpari
585 2078 680 2108 docet
701 2075 884 2106 Gatakerus
907 2076 948 2105 ad
976 2075 1023 2105 M.
1052 2075 1122 2105 An-

264 2131 369 2163 tonin.
393 2131 454 2161 VI.
479 2131 496 2170 §
519 2131 568 2167 20,
591 2140 621 2170 p.
646 2130 715 2160 182.

303 2183 376 2212 Sis-le
411 2183 475 2212 nlla
507 2182 684 2223 pastoricia
717 2181 828 2219 fislula
865 2190 904 2210 o:
943 2180 1012 2210 sine
1052 2179 1122 2209 ullo

264 2236 370 2272 sibilo,
394 2236 446 2266 cui
468 2237 579 2266 fistula
608 2235 817 2266 inserviebat.
855 2233 906 2265 Cf.
937 2234 984 2264 II.
1015 2233 1063 2269 19,
1093 2233 1122 2262 3.

265 2288 427 2320 Similiter
463 2289 559 2320 Plato
595 2290 635 2319 de
676 2289 757 2328 Leg.
794 2288 867 2324 ΙΙΙ,
912 2287 1040 2327 scripsit
1084 2285 1121 2318 οὐ

264 2341 388 2388 σύριγξ
413 2337 453 2377 ἦν
473 2340 553 2375 οὐδέ
570 2354 656 2379 τινες
677 2338 822 2388 ἄμουσοι
841 2338 923 2385 βοαὶ
946 2333 1120 2379 πλήθους,

265 2409 348 2439 quae
372 2399 470 2430 verba
493 2400 533 2429 ad
555 2399 789 2440 explicandum
815 2397 983 2429 Ciceronis
1012 2398 1122 2428 locum

265 2452 377 2482 citavit
400 2452 551 2482 Muretus
576 2451 654 2482 Var.
677 2452 769 2482 Lect.
792 2451 820 2481 1.
843 2451 892 2481 19.

309 2504 326 2543 ἓ
351 2504 399 2534 12.
422 2503 498 2533 Auli
510 2503 628 2543 filiam.
653 2503 731 2534 Vid.
756 2504 796 2534 ad
818 2513 866 2543 ep.
891 2503 919 2539 1,
944 2503 971 2532 1.

310 2557 425 2597 Quibus
448 2557 507 2588 int.
531 2557 638 2593 armis,
665 2557 752 2597 quod
774 2566 791 2588 e
814 2556 923 2587 verbis
930 2565 1077 2596 pecqnare
1092 2561 1124 2586 et

267 2620 445 2651 exjmyrmre
468 2616 584 2650 sponte
606 2619 640 2641 se
662 2609 767 2641 offert.
810 2610 860 2640 De
883 2609 1037 2649 Philippo
1058 2618 1124 2639 ma-

267 2663 318 2702 gis
340 2673 419 2693 auro
442 2670 474 2694 et
497 2663 620 2693 artibus
642 2672 742 2703 quam
765 2662 864 2693 armis
880 2662 1033 2692 vincente
1048 2666 1125 2692 nota

267 2716 394 2751 omnim
425 2716 464 2746 de
495 2725 559 2756 qua
587 2725 621 2746 re
649 2715 828 2756 disputavit
865 2713 1126 2745 Valckenaerius

268 2768 301 2798 in
325 2774 405 2798 orat.
428 2768 468 2798 de
491 2767 636 2809 Philippi
659 2768 787 2798 Maced.
810 2767 920 2798 indole
936 2777 966 2807 p.
981 2768 1043 2797 254
1057 2776 1126 2807 sqq.

270 2821 363 2860 Quae
394 2827 576 2862 sequuntur
602 2821 697 2852 uncis
727 2821 855 2858 inclusi,
885 2826 1016 2852 secutus
1045 2820 1126 2850 iudi-

269 2875 357 2905 cium
379 2874 484 2906 Geelii
507 2875 541 2906 in
565 2885 684 2906 comm.
707 2876 747 2905 ad
769 2874 867 2905 Dion.
897 2874 1065 2915 Chrysost.
1095 2884 1126 2914 p.

269 2929 338 2958 446.
392 2929 487 2959 Talia
508 2929 604 2960 facile
627 2929 744 2960 ferrem
767 2929 800 2959 111
831 2929 977 2959 oratione
1005 2929 1045 2959 ad
1074 2938 1126 2968 po-

269 2981 384 3021 pulum
412 2982 539 3019 habita;
570 2982 721 3013 Atticum
758 2981 819 3012 hoe
854 2990 989 3012 monere
1024 2980 1127 3021 inepti

270 3040 328 3071 est,
351 3045 418 3065 non
443 3035 619 3067 Ciceronis.
664 3035 838 3067 Caeterum
861 3036 901 3066 (18
923 3035 1033 3066 numis
1056 3041 1126 3065 tum

271 3097 289 3117 a
312 3087 470 3128 Pompeio
493 3089 643 3120 tributim
665 3089 779 3120 divisis
800 3088 865 3120 vid.
888 3088 978 3120 Plut.
1000 3088 1034 3119 in
1056 3087 1126 3120 Cat.

270 3140 353 3170 min.
375 3141 415 3170 30
437 3146 470 3172 et
491 3142 525 3173 in
549 3141 664 3183 Pomp.
686 3143 737 3173 44.

1221 1266 1400 1297 Deteriomts
1422 1266 1587 1297 histrionis
1608 1266 1729 1297 similis.
1776 1266 1857 1297 Noti
1884 1270 1962 1296 sunt
1990 1265 2024 1296 in

1171 1319 1307 1350 historia
1336 1320 1482 1361 Philippi
1517 1320 1749 1351 Aristodemus
1785 1325 1817 1351 et
1851 1319 2026 1360 Neoptole-

1171 1383 1254 1410 muS,
1277 1373 1462 1410 histriones,
1486 1384 1626 1414 quorum
1649 1373 1705 1404 ille
1733 1383 1831 1414 opera-
1859 1372 1893 1403 in
1922 1373 2026 1403 consi-

1171 1429 1224 1459 liis
1247 1429 1426 1459 efficiendis
1449 1439 1543 1469 saepe
1566 1439 1644 1459 usus
1667 1434 1726 1460 est.
1770 1428 1902 1459 Horum
1931 1428 2024 1459 alter-

1169 1483 1234 1513 utri
1269 1483 1381 1514 fictum
1418 1483 1636 1529 Δωτηρίωνος
1670 1492 1791 1514 nomen
1832 1483 2026 1520 adhaesisse,

1169 1541 1246 1581 quia
1274 1551 1428 1572 nummos
1457 1541 1534 1572 dare
1570 1541 1704 1578 solebat,
1741 1541 1895 1581 suspicor.
1938 1541 2026 1572 Nam

1168 1593 1349 1623 Doterionis
1371 1603 1446 1624 cum
1469 1594 1568 1624 Bosio
1590 1603 1706 1624 verum
1734 1598 1821 1634 puto,
1847 1603 1914 1624 non
1937 1593 2024 1623 dete-

1167 1646 1261 1676 rioris
1291 1647 1379 1686 quod
1408 1647 1442 1677 in
1472 1647 1560 1677 Med.
1591 1652 1648 1677 est.
1691 1646 1776 1677 Cum
1806 1647 1864 1678 tali
1891 1647 2026 1678 homine

1168 1700 1251 1730 Piso·
1275 1710 1339 1731 eos.
1369 1700 1456 1732 idem
1486 1706 1602 1741 rogatu
1632 1700 1783 1741 Pompeii
1811 1709 1912 1741 agens
1940 1706 2026 1732 recte

1166 1759 1381 1793 comparatur.
1783 1748 1786 1749 ⁷

1208 1805 1370 1836 Die-{sores
1392 1811 1477 1843 sunt,
1509 1807 1566 1847 qui
1596 1807 1746 1837 tribubus
1775 1806 2023 1837 candidatorum

1168 1860 1302 1890 nomine
1324 1860 1497 1900 pecuniam
1519 1860 1767 1897 distribuebant,
1797 1860 2027 1900 suffragiorum

1168 1917 1383 1953 corruptores.
1406 1923 1437 1943 v.
1462 1912 1529 1943 Cic.
1553 1913 1648 1944 Verr.
1671 1913 1747 1944 Act.
1777 1913 1805 1944 Ι.
1834 1913 1884 1944 22.
1912 1912 2027 1944 Plane.

1169 1965 1220 1994 48.
1245 1964 1286 2003 Q.
1310 1964 1377 1996 Cic.
1400 1966 1440 1996 (18
1470 1966 1540 1997 Pet.
1571 1965 1669 1997 Cons.
1692 1967 1741 1996 14.
1770 1966 1905 1997 Ellendt
1926 1966 1967 1996 ad
1987 1966 2027 1997 de

1171 2017 1259 2049 Orat.
1284 2019 1329 2048 ΙΙ.
1353 2029 1383 2059 p.
1407 2019 1478 2049 294.
1508 2019 1629 2049 Tribus
1651 2019 1805 2051 habuisse
1828 2020 1925 2051 etiam
1948 2019 2026 2059 legi-

1168 2070 1265 2101 timos
1288 2071 1446 2102 divisores
1468 2071 1613 2102 defendit
1642 2072 1871 2103 Mommsenus
1899 2073 1940 2103 de
1963 2072 2026 2103 col-

1168 2125 1316 2165 legiis‘p.
1339 2126 1376 2156 51
1401 2135 1447 2166 sq.

1215 2177 1311 2208 Unum.
1334 2196 1375 2201 —
1395 2179 1539 2209 alterum.
1574 2178 1740 2210 Videntur
1760 2179 1840 2210 haec
1862 2179 1927 2210 duo
1955 2188 2023 2209 uno

1169 2231 1257 2263 SCto
1281 2230 1381 2262 fuisse
1403 2231 1539 2262 inclusa.
1561 2231 1648 2262 Nam
1670 2231 1839 2272 inquisitio
1857 2232 1943 2272 apud
1957 2241 2023 2263 ma-

1169 2285 1325 2325 gistratus
1347 2285 1530 2322 iubebatur,
1553 2290 1590 2315 ut
1612 2285 1780 2322 divisores,
1804 2285 1831 2316 si
1853 2286 1909 2326 qui
1938 2286 2024 2326 apud

1169 2348 1223 2369 eos
1245 2338 1394 2374 laterent,
1418 2337 1748 2378 deprehenderentur.
1776 2337 1862 2370 Cum
1884 2338 2024 2369 Ernesto

1168 2394 1270 2434 igitur
1292 2394 1425 2423 alterum
1449 2393 1625 2424 insititiurn
1654 2394 1772 2431 iudico,
1803 2394 2025 2435 scriptumque

1169 2448 1250 2478 olim
1272 2446 1389 2478 fuisse:
1413 2457 1515 2484 mium,
1539 2450 1573 2477 ut
1593 2447 1679 2488 apud
1695 2447 1898 2488 mayislratus
1908 2447 2027 2489 inquiri

1171 2500 1293 2539 liceret,
1318 2502 1347 2530 et
1370 2499 1457 2530 euius
1479 2500 1561 2531 domi
1582 2500 1733 2531 divisores
1761 2500 1941 2531 habitarent
1969 2499 2025 2531 ad-

1170 2562 1277 2584 versus
1298 2553 1514 2593 rempublicam
1537 2563 1580 2584 sc.
1603 2553 1716 2585 fecisse
1738 2554 1852 2585 videri.
1887 2554 1928 2585 In
1958 2553 2027 2594 qui-

1173 2608 1233 2639 bus
1255 2608 1364 2639 verbis
1387 2607 1475 2637 cuius
1489 2606 1570 2638 domi
1585 2608 1722 2639 debetur
1736 2608 1910 2645 Lambino,
1925 2617 2028 2648 quum

1172 2662 1207 2692 in
1230 2661 1323 2691 codd.
1345 2660 1387 2691 sit
1409 2660 1589 2691 cuiusmodi.
1635 2660 1829 2691 Habitarent
1860 2660 2029 2691 invenitur

1173 2714 1207 2745 in
1230 2713 1384 2744 omnibus
1407 2713 1497 2750 Mss„
1521 2714 1561 2744 de
1583 2713 1701 2753 quibus
1724 2718 1852 2745 constat
1874 2718 1907 2744 et.
1928 2712 2027 2753 aptio-

1172 2777 1242 2799 rem
1265 2766 1463 2798 sententiam
1485 2767 1620 2807 praebet
1642 2776 1740 2807 quam
1762 2766 1921 2803 haberent,
1939 2766 2028 2807 quod

1173 2820 1332 2852 editiones
1367 2820 1539 2860 plerasque
1574 2819 1754 2859 occupavit.
1798 2818 1884 2851 Cum
1918 2819 2027 2850 verbis

1172 2873 1323 2904 adversus
1346 2883 1438 2913 remp.
1460 2872 1500 2903 cf.
1524 2873 1571 2904 ΙΙ.
1600 2873 1648 2909 24,
1679 2874 1697 2903 3
1720 2875 1829 2903 conlra
1851 2883 1944 2914 remp.
1962 2882 2027 2904 esse

1162 2928 1336 2968 facturum.
1353 2927 1475 2958 Contra
1488 2928 1698 2967 magistratus
1711 2933 1865 2958 nocentes
1878 2927 1925 2958 nil
1937 2927 2028 2958 aliud

1171 2980 1302 3011 decerni
1324 2986 1460 3021 poterat.
1481 2998 1524 3002 —
1543 2980 1699 3011 Alterum
1721 2979 1848 3011 SCtum
1870 2985 1941 3010 tum
1956 2979 2025 3016 erit,

1149 3045 1237 3075 aquo
1266 3034 1420 3065 Aufidius
1448 3034 1557 3065 Lurco
1586 3034 1714 3074 legibus
1743 3034 1869 3065 solutus
1899 3039 1956 3071 est,
1987 3034 2028 3064 ad

1173 3089 1282 3129 legem
1311 3089 1351 3121 de
1380 3089 1505 3121 ambitu
1535 3088 1712 3127 ferendam,
1748 3089 1836 3130 quod
1869 3088 1903 3119 in
1939 3097 2027 3129 seqq.

1173 3146 1333 3173 narratur.
