2117 3533
697 154 804 196 LIB.
838 156 873 197 I.
908 156 992 198 ΕΡ.
1029 158 1100 197 16.
1137 157 1208 197 17.
1778 154 1834 194 49

77 288 277 339 detulerit,
312 287 540 343 suscipiam.
607 287 684 329 Sed
716 303 826 330 nunc
858 290 986 345 magis
1018 290 1062 331 in
1096 305 1167 332 suo
1199 293 1259 331 est
1293 292 1523 344 occupatus,
1558 287 1602 328 in
1643 302 1722 343 quo
1763 301 1836 341 ego

77 362 114 403 ei
145 376 226 402 non
258 360 411 401 desum.
476 361 538 401 Tu
571 360 604 401 si
635 375 717 401 uno
755 361 799 402 in
840 361 927 403 1000
972 378 1013 404 08
1056 362 1232 412 futurus,
1279 361 1437 403 crebras
1481 377 1504 402 a
1545 358 1662 402 nobis
1702 359 1838 400 literas

77 438 259 488 exspecta
267 451 278 484 3
313 438 374 474 ast
405 433 539 488 plures
572 434 693 475 etiam
725 435 810 490 ipse
843 436 1008 477 mittito.
1045 438 1115 477 18.
1150 435 1283 477 Velim
1316 435 1366 476 ad
1398 450 1461 476 me
1502 433 1665 484 scribas,
1703 433 1837 473 0111118-

78 506 184 548 modi
217 506 269 548 sit
304 503 613 563 ’Astastfflslov
644 512 774 559 tuum,
810 523 889 563 quo
923 514 1080 560 ornatu,
1115 524 1194 564 qua
1226 506 1518 566 τοποθεσίᾳ,
1553 511 1593 548 et
1623 521 1723 560 quae
1747 508 1839 560 poe-

77 584 183 621 mata
215 594 393 634 quasque
426 578 612 620 historias
646 579 694 620 de
732 577 1016 640 Ἀμαλθείᾳ
1049 580 1186 633 1101008,
1222 580 1271 621 ad
1304 595 1367 621 me
1395 580 1545 620 mittas.
1579 578 1714 620 Lubet
1739 577 1840 618 mihi
1888 586 1902 611 ⁵

77 652 203 693 facere
234 652 278 693 in
310 651 511 707 Arpinati.

79 724 266 767 absoluti.

76 933 151 955 vem
179 923 353 960 maculam,
393 933 476 964 quae
512 923 593 955 haec
628 925 728 956 verba
762 925 934 964 deformat,

77 977 208 1017 egregie
240 977 373 1008 sustulit
401 978 560 1015 Muretus,
596 978 710 1018 legens
744 981 933 1019 emspectato,

70 1030 181 1070 plures
203 1048 244 1053 —-
264 1030 389 1061 mittito.
433 1031 509 1061 Non
533 1031 636 1062 audeo
660 1037 770 1063 tamen
801 1032 937 1072 particu-

78 1084 145 1114 lam
183 1085 233 1114 ast
274 1083 427 1115 Ciceroni
464 1084 602 1115 0111111110
638 1085 818 1125 denegare3
858 1096 936 1116 nam
959 1101 960 1134 ᾗ

77 1137 142 1168 ΠΙ.
166 1137 213 1174 15,
238 1137 267 1168 6.
288 1138 351 1168 VI.
374 1139 403 1168 5.
426 1138 445 1168 2
468 1138 501 1168 in
525 1138 679 1169 omnibus
694 1139 787 1169 codd.
803 1139 935 1179 legitur.
958 1161 959 1166 .

79 1190 128 1222 Cf.
152 1191 262 1222 Hand.
286 1191 382 1222 Turs.
404 1192 432 1222 Ι.
454 1202 484 1232 p.
506 1192 577 1229 417,
602 1192 657 1233 qui
686 1192 771 1223 hanc
794 1193 934 1224 formam
958 1207 959 1227 ς

77 1253 171 1284 saepe
194 1254 213 1274 a
235 1245 459 1284 grammaticis
481 1245 688 1276 obliteratam
711 1246 843 1276 iudicat.

119 1298 137 1338 g
163 1298 211 1328 18.
233 1289 463 1343 Ἀμαλθεῑον.
486 1299 562 1329 vid.
586 1299 626 1329 aa
649 1308 697 1339 ep.
722 1299 768 1336 13,
794 1299 821 1330 1.

118 1355 215 1386 Lubet
251 1355 327 1385 milii
352 1355 467 1395 facere
504 1355 537 1386 in
569 1356 730 1396 Arpinati.
766 1367 799 1387 o:
840 1357 932 1389 lubet

78 1408 160 1439 mihi
183 1408 290 1439 simile
313 1409 471 1439 sacellum
494 1409 527 1439 in
561 1410 717 1450 Arpinati
747 1409 933 1442 faciendum
957 1431 959 1443 ;

78 1472 200 1494 curare.
224 1462 274 1504 Cf.
298 1463 344 1493 Π.
367 1462 394 1499 1,
422 1463 471 1493 11.
494 1463 662 1494 Amalthea
685 1475 752 1494 mea
766 1466 797 1494 te
809 1474 933 1504 exspec-

77 1517 125 1545 tat
148 1518 178 1546 et
200 1516 320 1557 indiyet
343 1517 400 1547 tui.
437 1516 543 1547 Fuere
572 1524 693 1554 tamen,
717 1518 773 1558 qui
796 1518 937 1559 explica·
958 1506 959 1549 1

78 1569 167 1601 tione
190 1576 257 1601 tam
280 1569 368 1601 facili
390 1581 457 1601 non
481 1571 636 1607 contenti,
660 1571 770 1601 nescio
801 1572 880 1612 quid
902 1572 936 1602 in
959 1590 960 1595 =

78 1623 129 1654 his
151 1624 259 1655 verbis
282 1624 344 1655 sibi
367 1625 528 1665 detegisse
557 1625 619 1655 visi
650 1625 725 1656 sint.
769 1625 937 1657 Winckel-
959 1651 960 1656 ,

82 1686 225 1708 mannus
248 1676 329 1718 Opp.
353 1677 415 1708 VI.
439 1687 469 1718 p.
498 1676 557 1710 187
586 1682 659 1718 post
688 1677 854 1710 infelicem
883 1688 937 1710 ex-

571 652 657 706 Ego
689 652 766 693 tibi
799 653 951 708 aliquid
984 653 1033 695 de
1066 654 1165 695 meis
1199 653 1357 708 scriptis
1390 653 1561 694 mittam.
1606 652 1724 693 Nihil
1757 656 1842 692 erat

985 927 1206 968 plicationem,
1229 928 1269 958 (10
1292 937 1356 967 qua
1377 925 1450 957 dixi
1473 926 1513 956 ad
1536 934 1584 966 ep.
1601 924 1649 962 10,
1665 926 1693 962 3,
1711 924 1756 956 ita
1775 933 1843 965 per-

960 996 961 999 =
986 980 1048 1019 git:
1081 980 1174 1011 Eben
1206 990 1241 1010 so
1271 979 1462 1018 verlangete
1492 977 1608 1009 Cicero
1630 988 1695 1008 von
1719 978 1845 1009 seinem

984 1031 1137 1063 Freunde
1149 1032 1201 1063 die
1214 1031 1365 1071 Anzeige
1377 1032 1435 1061 der
1447 1029 1606 1062 Gem'alde
1619 1030 1725 1061 seines
1737 1030 1846 1061 Land-

988 1084 1105 1115 hauses
1135 1084 1169 1115 in
1199 1084 1328 1125 Epirus,
1358 1094 1415 1114 um
1445 1083 1612 1114 dieselben
1650 1084 1684 1114 111
1720 1083 1847 1114 seinem

987 1137 1187 1169 Landhause
1209 1138 1376 1178 Arpinum
1399 1136 1584 1177 gleichfalls
1606 1137 1715 1168 malen
1732 1147 1772 1167 zu
1787 1137 1848 1167 las-

985 1202 1052 1229 sen,
1075 1193 1145 1223 und
1175 1202 1209 1224 er
1238 1192 1417 1233 versprach
1453 1192 1630 1223 wiederum
1653 1192 1768 1233 jenem
1798 1192 1851 1223 ein

986 1246 1221 1277 Verzeichnisz
1246 1247 1305 1277 der
1326 1245 1487 1277 Gem'alde
1510 1246 1616 1277 seines
1633 1246 1849 1277 Landhauses

984 1309 1025 1329 zu
1048 1299 1214 1330 schicken.
1236 1300 1313 1330 Non
1336 1300 1447 1329 minus
1471 1305 1557 1329 exn-at
1579 1300 1605 1330 I.
1627 1300 1670 1330 A.
1690 1299 1726 1330 C.
1742 1299 1849 1330 Heus-

984 1353 1057 1384 dius
1081 1354 1114 1384 in
1138 1354 1220 1395 disp.
1243 1355 1282 1386 (10
1306 1355 1351 1385 M.
1375 1354 1489 1385 Tullio
1506 1353 1573 1385 Cic.
1597 1350 1847 1398 φιλοπλοὶτωνι,

985 1411 1074 1442 Trai.
1098 1412 1187 1449 1836,
1212 1423 1241 1452 p.
1266 1412 1314 1449 52,
1339 1421 1443 1452 quum
1465 1412 1552 1442 dicat
1584 1420 1626 1441 ex
1658 1410 1710 1441 his
1740 1410 1848 1441 verbis

985 1468 1094 1504 patere
1118 1464 1313 1496 Ciceronem
1335 1465 1375 1496 de
1404 1465 1485 1495 villa
1516 1463 1673 1505 Arpinati
1703 1463 1851 1494 versibus

986 1518 1180 1549 celebranda
1203 1519 1373 1559 cogitasse.

1029 1571 1154 1603 Mittam
1178 1583 1210 1604 o:
1241 1583 1298 1614 pro
1328 1573 1393 1604 illis
1424 1572 1488 1604 tuis
1519 1582 1581 1613 ego
1611 1572 1672 1603 tibi
1701 1581 1851 1603 meorum

987 1626 1111 1666 aliquid
1132 1626 1269 1664 mittam,
1293 1626 1425 1667 quando
1447 1625 1625 1666 perfecero.
1647 1625 1746 1656 Nunc
1766 1624 1851 1656 nihil

987 1684 1056 1710 erat
1078 1679 1231 1711 absoluti.

663 1831 811 1873 XVII.
877 1832 942 1885 (A.
985 1833 1029 1874 U.
1069 1834 1110 1874 C.
1146 1834 1265 1887 693.)

146 1972 185 2011 1.
230 1971 380 2026 Magna
413 1971 512 2012 mihi
544 1972 713 2013 varietas
746 1971 966 2013 voluntatis
1000 1975 1040 2012 et
1073 1969 1360 2012 dissimilitudo
1395 1968 1596 2024 opinionis
1631 1983 1676 2010 ao
1704 1968 1849 2010 iudicii

83 2043 226 2094 Quinti
260 2044 391 2085 fratris
424 2045 502 2086 mei
536 2044 806 2086 demonstrata
840 2050 900 2086 est
931 2061 979 2086 ex
1011 2045 1137 2086 literis
1170 2044 1266 2095 tuis,
1301 2044 1345 2084 in
1378 2042 1526 2098 quibus
1560 2042 1609 2083 ad
1648 2057 1710 2084 1110
1746 2044 1847 2099 epis-

81 2115 252 2157 tolarum
284 2117 393 2158 illius
426 2117 605 2172 exempla
636 2118 796 2158 misisti.
831 2118 922 2169 Qua
955 2133 1003 2158 ex
1036 2132 1076 2158 re
1111 2122 1151 2158 et
1182 2117 1364 2158 molestia
1398 2131 1486 2157 sum
1518 2120 1632 2157 tanta
1665 2117 1843 2169 affectus,

81 2194 270 2242 quantam
304 2189 404 2230 mihi
436 2205 547 2231 meus
581 2204 688 2231 amor
722 2205 900 2231 summus
934 2205 1027 2244 erga
1060 2194 1275 2245 utrumque
1310 2194 1486 2230 vestrum
1520 2188 1656 2230 afferre
1688 2189 1842 2242 debuit,
1884 2202 1897 2226 5

81 2265 120 2300 et
153 2261 427 2312 admiratione,
462 2261 654 2316 quidnam
688 2262 910 2312 accidisset,
954 2262 1060 2317 quod
1101 2263 1257 2303 afferret
1301 2262 1454 2313 Quinto
1495 2260 1608 2302 fratri
1651 2277 1739 2304 meo
1773 2269 1844 2305 aut

81 2333 339 2374 offensionem
371 2339 452 2375 tam
485 2350 644 2389 gravem
678 2340 747 2376 aut
779 2321 1131 2376 *commutationem
1164 2340 1319 2376 tantam
1352 2334 1584 2375 voluntatis.
1627 2336 1761 2389 Atque
1795 2337 1842 2377 11-

79 2406 149 2447 111(1
183 2423 204 2448 a
236 2423 298 2448 me
331 2408 411 2448 iam
445 2413 535 2449 ante
567 2407 881 2462 intelligebatur,
917 2408 1023 2462 quod
1056 2414 1095 2449 te
1129 2423 1287 2463 quoque
1327 2407 1460 2462 ipsum
1506 2405 1777 2448 discedentem
1818 2424 1840 2450 a

79 2478 194 2521 nobis
227 2481 419 2535 suspicari
451 2479 649 2531 videbam,
685 2480 845 2521 subesse
878 2481 1012 2521 nescio
1047 2480 1144 2535 quid
1185 2479 1385 2534 opinionis
1426 2477 1701 2520 incommodae
1747 2494 1836 2520 sau-

79 2553 263 2608 ciumque
296 2568 380 2594 0880
413 2554 498 2595 01118
532 2554 709 2595 animum
742 2560 782 2595 et
813 2553 1005 2595 insedisse
1039 2552 1231 2608 quasdam
1262 2552 1418 2593 odiosas
1446 2551 1714 2606 suspiciones3
1749 2552 1837 2606 qui·
1857 2565 1892 2591 10

79 2624 154 2666 bus
187 2641 259 2680 ego
291 2627 441 2668 mederi
474 2643 598 2682 quum
632 2643 817 2683 cuperem
851 2633 967 2670 antea
1001 2644 1116 2683 saepe
1140 2632 1180 2668 et
1202 2627 1477 2668 vehementius
1500 2626 1621 2667 etiam
1643 2631 1734 2681 post
1756 2641 1835 2667 801·-

78 2697 261 2739 titionem
293 2700 533 2754 provinoiae,
566 2716 640 2742 nec
672 2706 831 2743 tantum
863 2700 1137 2755 intelligebam
1170 2700 1206 2741 ei
1239 2715 1323 2742 esse
1356 2698 1600 2751 offensionis,
1637 2703 1835 2753 quantum

120 2931 138 2972 ξ
161 2934 189 2964 l.
218 2932 419 2975 Saucizcmque
441 2944 507 2965 esse
529 2932 595 2965 eius
622 2933 756 2965 animum
786 2936 815 2966 et
846 2935 929 2967 inse-

77 2984 168 3016 disse.
214 2988 254 3017 In
284 2987 447 3028 plerisque
476 2988 568 3018 libris
601 2988 727 3029 scriptis
763 2989 931 3021 intercidit

78 3038 153 3077 eius,
183 3041 216 3071 in
246 3041 335 3072 Med.
364 3049 478 3072 cont-ra
506 3052 574 3072 esse
602 3043 700 3072 deest.
743 3042 929 3083 Utrumque

976 2940 1025 2966 est
1052 2945 1212 2975 occupare,
1241 2936 1434 2976 plemmque
1462 2936 1596 2977 quidem
1634 2938 1834 2969 construitur

977 2998 1052 3018 cum
1074 2988 1185 3019 dativo
1207 2989 1260 3019 vel
1283 2999 1358 3019 011111
1380 2998 1488 3029 praep.
1510 2988 1543 3018 in
1573 2999 1650 3020 cum
1679 2990 1833 3022 ablativo.

976 3052 1006 3072 v.
1030 3042 1146 3072 Matth.
1171 3043 1211 3072 ad
1233 3042 1352 3073 Milon.
1371 3043 1424 3079 68;
1449 3044 1507 3073 sed
1524 3044 1728 3074 accusativus
1746 3050 1835 3076 recte

77 3098 163 3123 reete
192 3093 365 3124 coniunxit
393 3093 585 3124 Lambinus.
624 3094 680 3125 Ad
713 3105 743 3124 v.
777 3094 930 3126 insedisse
976 3105 1105 3136 quoque
1127 3095 1203 3126 huic
1226 3096 1326 3126 verbo
1347 3096 1487 3127 additur.
1524 3095 1579 3128 Sic
1601 3097 1675 3128 Liv.
1696 3096 1832 3135 XXVI,

76 3147 295 3178 revocandum
317 3152 365 3180 est
388 3147 530 3180 animum.
564 3147 651 3178 Nam
672 3147 819 3185 insidere,
842 3149 929 3189 quod
975 3150 1024 3186 44,
1049 3158 1149 3179 arcem
1167 3148 1296 3181 insedit.
1317 3149 1468 3188 XXXV,
1485 3150 1521 3181 11
1539 3149 1658 3191 fauces
1676 3150 1833 3183 exercitus

139 3202 174 3243 I.
1622 3208 1648 3247 4
