2117 3533
778 128 884 169 LIB.
918 127 954 168 I.
987 127 1072 169 ΕΡ.
1110 128 1149 166 5.
1780 121 1834 162 15

81 280 162 312 non
194 264 400 320 praeterii,
435 262 533 317 quid
567 266 699 302 autem
733 259 1058 301 contendendum
1090 263 1206 309 esset,
1242 272 1291 298 ex
1322 261 1393 297 tua
1422 254 1613 311 putabam
1633 254 1839 295 voluntate

84 342 255 379 statuere
290 341 467 391 oportere
480 354 490 386 3
534 349 651 389 quam
686 333 718 373 si
752 333 802 373 ad
834 347 896 373 me
930 331 1218 387 perscripseris,
1253 329 1454 382 intelliges
1486 342 1548 368 me
1582 341 1711 380 neque
1751 325 1841 366 dili-

82 409 301 464 gentiorem
334 425 417 450 esse
450 408 637 458 voluisse,
673 421 791 460 quam
823 411 870 446 tu
903 420 1021 456 esses,
1055 419 1185 458 neque
1219 401 1550 456 negligentiorem
1584 400 1680 449 fore,
1722 413 1842 453 quam

79 487 126 523 tu
158 481 269 522 velis.
323 484 364 522 6.
399 481 459 522 De
492 479 670 521 Tadiana
702 493 756 528 re,
791 492 948 518 mecum
980 477 1130 518 Tadius
1162 476 1321 516 locutus
1354 478 1414 514 est
1446 478 1485 514 te
1525 473 1582 513 ita
1623 471 1840 527 scripsisse,

82 554 184 595 nihil
217 569 301 595 esse
333 554 427 603 iam,
470 552 575 606 quod
616 550 875 600 laboraretur,
922 550 1110 604 quoniam
1151 547 1352 589 hereditas
1392 550 1589 600 usucapta
1631 549 1748 586 esset.
1794 543 1843 584 Id
1877 552 1892 576 5

82 625 326 667 mirabamur
357 631 397 666 te
428 626 624 680 ignorare,
660 624 707 664 de
740 623 867 664 tutela
899 623 1091 677 legitima,
1125 622 1169 663 in
1203 636 1281 676 qua
1314 619 1462 660 dicitur
1495 633 1579 659 esse
1613 617 1759 673 puella,
1783 616 1844 658 ni-

84 698 142 739 hil
174 699 341 754 usucapi
373 714 501 754 posse.
552 700 589 739 7.
624 698 869 752 Epiroticam
914 697 1158 751 emptionem
1198 693 1354 749 gaudeo
1398 691 1475 733 tibi
1516 692 1685 747 placere.
1731 690 1843 742 Quae

83 771 160 812 tibi
192 771 380 812 mandavi
412 776 452 812 et
485 786 584 825 quae
618 776 664 811 tu
696 770 897 824 intelliges
931 769 1142 810 convenire
1175 772 1312 808 nostro
1345 764 1587 815 Tusculano,
1632 763 1764 813 velim,
1799 767 1846 803 ut

87 844 241 896 scribis,
276 859 403 894 cures,
438 843 544 898 quod
579 843 662 884 sine
696 843 876 884 molestia
908 847 979 883 tua
1012 842 1140 882 facere
1173 840 1335 896 poteris.
1369 839 1477 880 Nam
1500 852 1572 878 nos
1590 852 1638 878 ex
1660 835 1846 877 omnibus

86 917 278 958 molestiis
311 922 351 957 et
382 915 586 957 laboribus
618 931 700 956 uno
734 915 802 955 illo
835 915 878 956 in
910 915 997 955 loco
1032 913 1365 968 conquiescimus.
1402 915 1442 951 8.
1477 910 1528 962 Q.
1563 909 1725 950 fratrem
1752 924 1896 964 quo-10

82 990 181 1030 tidie
215 993 504 1044 exspectamus.
538 988 724 1029 Terentia
756 1002 922 1041 magnos
956 986 1216 1027 articulorum
1250 984 1405 1025 dolores
1437 982 1572 1033 habet,
1618 983 1692 1036 [et]
1737 986 1776 1022 te
1810 986 1850 1022 et

83 1078 255 1105 sororem
288 1068 400 1103 tuam
434 1067 474 1102 et
505 1066 672 1102 matrem
705 1061 876 1101 maxime
911 1059 1044 1113 diligit
1077 1058 1324 1111 salutemque
1358 1055 1434 1097 tibi
1466 1055 1679 1111 plurimam
1703 1054 1850 1095 adscri-

85 1136 146 1177 bit
179 1141 219 1177 et
250 1135 434 1186 Tulliola,
470 1135 635 1176 deliciae
669 1140 841 1176 nostrae.
876 1134 995 1184 Cura,
1030 1137 1077 1173 ut
1109 1132 1240 1173 valeas
1274 1136 1314 1171 et
1346 1145 1419 1171 nos
1453 1144 1559 1170 ames
1593 1134 1633 1169 et
1664 1127 1742 1169 tibi
1764 1142 1850 1183 per-

85 1209 252 1251 suadeas
284 1215 324 1250 te
358 1224 380 1250 a
414 1224 476 1250 me
511 1208 682 1250 fraterne
716 1208 853 1250 amari.

134 1384 170 1413 11
197 1386 228 1414 et
251 1384 322 1414 sine
345 1384 448 1414 obelo.

130 1550 148 1589 ξ
179 1549 206 1580 6.
245 1563 258 1575 υ
271 1549 393 1580 Tadius
431 1549 516 1580 bona
551 1549 746 1581 hereditaria
776 1550 943 1581 cuiusdam
993 1553 1063 1584 litia
1086 1558 1117 1584 et
1138 1552 1205 1584 fere
1228 1563 1304 1583 cum
1324 1553 1479 1594 periculis
1495 1553 1754 1592 coniunguntur.
1778 1550 1853 1588 Sed,

87 1603 216 1644 puellae
238 1608 329 1634 tanto
350 1607 495 1644 tempore
517 1605 711 1644 possederat,
727 1610 849 1645 quanto
863 1615 943 1645 opus
966 1621 968 1646 3
992 1612 1029 1637 ut
1056 1607 1162 1637 multa
1191 1607 1255 1637 alia
1284 1607 1446 1638 vocabula
1475 1607 1562 1648 apud
1591 1606 1764 1646 utriusque
1793 1605 1854 1635 lin-

87 1663 171 1688 esset
193 1657 234 1687 ad.
262 1657 482 1688 inducendam
509 1657 757 1698 usucapionem:
788 1658 860 1689 ideo
889 1669 944 1699 pu-
967 1647 968 1662 ³
993 1671 1077 1701 guae
1094 1661 1266 1702 scriptores
1282 1671 1299 1691 a
1316 1671 1349 1692 re
1366 1661 1502 1692 militari
1520 1662 1561 1691 ad
1575 1660 1739 1692 forensem
1753 1664 1855 1690 trans-

86 1711 174 1741 tabat
196 1711 326 1741 Atticus
349 1711 406 1741 illa
421 1711 507 1741 bona
523 1712 564 1742 ad
578 1712 719 1742 Tadium
735 1712 859 1753 optimo
874 1713 943 1743 iure
992 1714 1153 1750 feruntur,
1177 1714 1222 1745 sic
1252 1714 1350 1745 etiam
1372 1713 1520 1754 pericula
1549 1715 1580 1744 et
1609 1712 1740 1744 labores.
1776 1712 1854 1743 Vid.

85 1764 248 1805 pertinere
270 1774 377 1805 neque
400 1765 440 1795 ab
462 1765 527 1796 alio
550 1765 710 1796 vindicari
739 1776 841 1806 posse.
878 1766 944 1797 Sed
993 1767 1100 1798 Beier.
1124 1767 1164 1797 ad
1187 1765 1248 1798 Off.
1273 1766 1317 1797 II.
1342 1766 1402 1797 366
1433 1771 1464 1797 et
1493 1766 1565 1797 intt.
1597 1766 1638 1796 ad
1667 1765 1788 1797 Aesch.
1821 1765 1854 1795 in

86 1828 160 1848 cum
190 1818 300 1858 puella
336 1824 419 1849 esset
448 1818 482 1848 in
513 1824 707 1859 agnatorum
735 1820 845 1857 tutela,
876 1820 944 1850 eius
995 1819 1078 1851 Ctes.
1102 1820 1130 1850 1.

86 1876 208 1902 tutores
230 1872 316 1903 bona
338 1872 536 1913 repetebant,
560 1873 716 1913 quoniam
731 1873 800 1905 iure
815 1879 945 1904 cautum
1037 1873 1054 1912 ξ
1077 1873 1105 1903 8.
1128 1871 1340 1903 Articulorum
1356 1871 1492 1903 dolores.
1514 1871 1636 1902 Medici
1652 1871 1856 1902 arthritidem

88 1931 135 1956 est
150 1926 190 1956 de
206 1935 239 1956 re
254 1925 372 1966 pupilli
385 1926 570 1966 pupillaeve
590 1927 674 1957 nihil
688 1928 819 1968 usucapi
835 1937 944 1968 posse;
994 1931 1120 1957 vocant.

89 1981 176 2020 quod
203 1979 353 2010 Atticum
381 1980 549 2020 ignorasse
586 1980 700 2012 Cicero
735 1982 946 2012 11111·abat111·‚‘''
1036 1978 1143 2009 Habet
1153 1978 1217 2018 [et]
1229 1977 1478 2009 te.Coniunctio
1494 1978 1556 2008 h.l.
1572 1978 1692 2009 melius
1707 1977 1855 2014 abest,—

89 2032 222 2073 Popma.
246 2033 288 2063 Et
309 2033 355 2064 sic
378 2034 444 2065 fere
467 2035 584 2065 Bosius
608 2040 639 2065 et
654 2034 874 2073 Casaubonus,
890 2037 947 2077 qui
995 2041 1072 2062 nam
1101 2041 1168 2062 non
1199 2031 1281 2062 belle
1312 2031 1499 2071 iunguntur
1527 2030 1650 2061 dolor&
1681 2030 1795 2061 habere
1825 2034 1857 2060 θῐ

86 2090 171 2116 10οῐ0
200 2085 405 2126 Malaspinae
434 2087 631 2118 sententiam
659 2089 698 2119 de
728 2088 789 2119 hoc
813 2089 947 2129 negotio
969 2086 971 2128 j
997 2085 1130 2126 {liliqe7·e
1152 2103 1194 2107 —
1215 2085 1272 2115 sed
1295 2094 1400 2124 quum
1423 2084 1456 2114 in
1480 2084 1635 2115 omnibus
1650 2084 1743 2114 libris
1759 2083 1856 2124 scrip-

88 2138 293 2178 improbavit.
996 2139 1037 2169 tis
1060 2138 1203 2169 inveniri
1231 2138 1390 2175 videatur,
1421 2138 1529 2169 delere
1560 2138 1663 2169 nolui.
1706 2137 1857 2168 Fortasse

128 2191 176 2221 De
197 2191 298 2222 tutela
321 2191 460 2231 leffitima
484 2211 525 2215 —-
547 2192 629 2223 nihil
650 2194 783 2234 usucapi
798 2205 901 2234 posse.
917 2206 945 2236 p.
998 2203 1056 2224 scr.
1081 2193 1181 2225 babet.
1220 2192 1268 2223 Ea
1291 2195 1323 2223 te
1345 2199 1396 2224 cet

90 2241 208 2273 Flacco
231 2245 278 2274 84.
305 2258 319 2269 υ
328 2244 423 2274 Nihil
445 2263 486 2267 —
507 2250 611 2284 potest
626 2247 666 2277 de
682 2247 784 2277 tutela
801 2247 947 2285 legitima
1042 2245 1108 2276 Tibi
1124 2246 1332 2285 persuadeas,
1347 2248 1378 2276 te
1393 2257 1413 2276 a
1427 2256 1473 2276 me
1477 2246 1632 2286 fraterne
1646 2246 1758 2277 amari.
1781 2246 1859 2276 Non

91 2297 162 2327 sine
191 2298 341 2328 omnium
377 2302 523 2329 tutorum
552 2300 743 2330 auctoritate
772 2301 948 2331 diminui.''
998 2303 1045 2329 est
1066 2298 1147 2329 haec
1169 2298 1318 2329 clausula
1341 2298 1453 2335 otiosa,
1483 2299 1540 2330 sed
1569 2299 1699 2329 videtur
1726 2298 1859 2329 Atticus

93 2350 162 2381 Gai.
189 2351 266 2382 [nst.
290 2352 333 2383 ΙῘ.
356 2352 405 2384 47.
429 2353 462 2383 id
483 2353 550 2383 iam
572 2354 645 2393 lege
668 2354 741 2385 XII
759 2355 948 2386 tabularum
998 2351 1033 2381 in
1062 2351 1120 2381 illa
1151 2351 1296 2390 epistola,
1327 2351 1380 2381 cui
1410 2361 1501 2382 nunc
1531 2352 1706 2392 respondet
1735 2350 1859 2388 Cicero,

90 2408 224 2435 cautum
246 2413 314 2436 esse
337 2405 442 2442 tradit,
465 2407 521 2437 sed
552 2411 680 2437 tantum
710 2408 750 2438 ad
779 2418 829 2439 res
859 2418 948 2439 man·
1000 2409 1135 2444 questus
1159 2413 1227 2435 esse
1256 2405 1297 2434 de
1327 2404 1533 2444 negligentia
1563 2405 1668 2435 Tullii
1699 2405 1731 2435 in
1761 2404 1859 2435 rebus

89 2458 152 2499 cipi
176 2459 346 2499 pertinere.
973 2450 974 2485 ]
1000 2458 1067 2488 suis
1090 2457 1252 2488 curandis.
1297 2456 1388 2495 Quid
1411 2458 1514 2497 egerit
1536 2468 1595 2498 pro
1618 2467 1656 2489 eo
1680 2458 1792 2488 docuit
1808 2456 1859 2488 Ci-

129 2511 148 2550 §
170 2510 197 2543 7.
221 2510 411 2551 Epiroticam
435 2513 615 2552 empfz'onem
638 2520 696 2545 cet.
735 2514 867 2545 Atticus
890 2515 949 2546 illo
1000 2519 1073 2541 cero
1097 2519 1239 2550 eumque
1262 2519 1353 2540 nunc
1368 2515 1470 2550 rogat,
1488 2515 1524 2541 ut
1539 2511 1578 2542 de
1592 2521 1702 2542 amore
1717 2521 1777 2542 suo
1791 2520 1859 2541 non

90 2568 234 2604 tempore
263 2565 395 2604 praedia
417 2572 659 2606 comparaverat
682 2567 716 2597 in
732 2568 833 2608 Epiro
849 2578 948 2608 prope
973 2602 975 2610 Ι
1002 2564 1143 2604 amplius
1166 2564 1316 2595 dubitare
1338 2564 1427 2595 velit·

87 2615 297 2653 Buthrotum,
342 2627 485 2657 quorum
514 2629 608 2660 saepe
632 2620 757 2651 mentio
778 2621 814 2651 fit
842 2621 875 2651 in
897 2621 949 2651 his
973 2612 975 2628 ’

84 2668 241 2708 epistolis.
974 2686 975 2721 1

133 2721 219 2762 Quae
242 2722 298 2752 tibi
321 2723 477 2761 mandavi,
508 2735 560 2765 np.
592 2732 784 2757 ornamenta
814 2737 949 2767 gymna-
974 2755 975 2758 ,

88 2774 137 2810 811,
161 2776 250 2814 quod
272 2775 306 2805 in
330 2776 521 2807 Tusculano
538 2783 755 2809 exstruxerat.
778 2778 949 2819 Frequens

87 2828 211 2858 mentio
233 2828 333 2859 huius
357 2830 481 2869 negotii
498 2831 531 2861 in
547 2832 711 2871 prioribus
727 2833 778 2863 his
795 2833 949 2873 epistolis.
975 2839 976 2868 ξ

132 2881 222 2921 Quod
243 2900 285 2904 —
299 2883 421 2921 poteris
443 2884 463 2913 i.
488 2894 514 2914 e.
539 2890 701 2924 quatenus
728 2886 759 2916 id
782 2905 823 2909 —
845 2886 950 2917 facere

90 2938 219 2976 poteris.
243 2936 349 2968 simil.
374 2939 401 2974 4,
428 2939 453 2975 1,
477 2939 559 2979 quod
580 2941 733 2970 commodo
762 2943 815 2971 luo
835 2941 953 2981 fita-stre

86 2991 218 3029 poteri&
263 2990 361 3029 Quod
384 2991 418 3021 in
440 2991 491 3021 his
514 2992 745 3033 similibusque
768 2994 847 3024 locis
878 2994 952 3025 Bai-

91 3047 180 3074 terus
203 3044 435 3084 corrigendum
456 3049 548 3085 putat
570 3045 681 3087 quoad,
710 3057 777 3077 non
808 3057 951 3079 necessa·
978 3037 979 3058 ³

92 3097 178 3128 rium
202 3098 340 3129 videtur.
978 3098 980 3150 l

975 2968 978 2997 Ι

137 3153 316 3186 Laboribus.
340 3155 485 3188 Labores
507 3157 635 3198 propr-le
657 3158 813 3190 dicuntur
836 3158 869 3190 in
894 3158 953 3190 mi-
