2117 3533
712 151 820 192 LIB.
856 152 952 192 VH.
988 152 1071 192 ΕΡ.
1108 153 1302 192 23-26,
1813 155 1894 192 :5:51

135 284 248 325 affert
281 284 509 337 omniaque,
562 299 663 339 quae
697 285 833 326 nolim.
878 286 914 325 O
948 300 1030 326 rem
1063 285 1269 326 miseram!
1307 285 1436 326 Malas
1470 300 1610 327 causas
1643 300 1797 341 semper
1830 285 1897 326 ob-

134 356 273 406 tinuit,
307 357 351 396 in
384 358 535 412 optima
569 357 759 399 concidit.
793 357 903 408 Quid
938 358 1093 399 dicam?
1126 357 1205 399 nisi
1239 358 1341 399 illud
1386 373 1478 399 eum
1520 359 1641 400 scisse
1677 383 1733 389 —
1766 374 1896 414 neque

135 430 241 470 enim
274 435 359 471 erat
392 429 553 470 difficile
589 457 662 480 —,
704 429 779 470 hoc
811 431 998 472 nescisse.
1053 432 1152 472 Erat
1196 431 1304 472 enim
1348 447 1411 472 ars
1452 431 1626 473 difficilis
1668 437 1774 474 recte
1815 448 1897 474 rem

134 502 338 558 publicam
371 517 520 556 regere.
573 502 649 543 Sed
695 503 775 544 iam
819 504 977 558 iainque
1023 504 1156 545 omnia
1201 505 1372 546 sciemus
1417 510 1456 545 et
1503 504 1721 546 scribemus
1765 506 1813 546 ad
1859 512 1896 546 te

135 577 282 617 statim.

179 741 194 771 1
219 741 292 772 Rem
314 741 456 772 miseram
479 760 521 763 —

181 886 359 928 Omniaque,
388 898 468 929 quae
496 887 591 918 nolim
624 897 655 918 a:
686 888 743 918 sed
772 897 887 919 onmes
917 888 990 919 affe-
1013 915 1015 932 s

136 946 213 971 runt
235 941 355 978 onmia,
377 951 457 982 quae
478 941 582 971 nolim.
605 941 655 972 De
677 951 738 971 usu
753 942 991 981 particularum
1013 978 1014 982 Ἰ

135 1003 192 1033 que
214 994 266 1025 vel
288 1003 327 1024 ac
350 994 383 1024 in
407 995 618 1035 adiungenda
632 995 795 1026 sententia
809 996 992 1026 affirmante
1013 987 1014 1015 3
1038 995 1066 1031 9,
1090 996 1120 1025 3.
1143 995 1192 1031 21,
1217 995 1245 1025 1.
1269 996 1317 1031 23,
1344 996 1371 1026 l.
1395 996 1494 1027 VIII.
1519 998 1546 1033 3,
1571 997 1599 1027 6.
1624 998 1652 1034 8,
1676 998 1695 1028 2
1712 1002 1744 1028 et
1759 997 1898 1038 saepius.

136 1048 271 1087 neganti
294 1048 424 1078 monuit
446 1049 558 1079 Madv.
580 1047 636 1079 Gr.
658 1048 764 1086 Lat.§
783 1048 852 1085 175,
870 1049 945 1080 adn.
961 1049 991 1080 2.
1012 1062 1013 1075 1

134 1100 307 1141 Exemplis
332 1101 439 1132 citatis
461 1102 537 1132 addi
558 1107 695 1142 possunt
717 1102 758 1132 ad
786 1101 857 1132 Att.
890 1102 991 1133 VIII.

135 1152 171 1182 ll
197 1152 227 1189 d,
252 1153 267 1182 1
292 1163 353 1184 non
375 1154 564 1194 aspecturi,
588 1155 658 1184 (lum
682 1154 758 1184 mz'lzz'
778 1166 797 1185 (ι
823 1157 853 1185 te
875 1155 991 1186 literae

132 1206 351 1244 redderentur,
376 1208 599 1249 confestimque
621 1227 663 1232 —-
684 1208 746 1239 iter
768 1208 813 1239 1ch
829 1211 859 1239 le
873 1208 990 1249 facere

133 1261 228 1300 coepi,
261 1261 318 1291 ubi
348 1261 413 1291 vid.
444 1261 616 1298 Matthiae,
640 1261 704 1291 IX.
733 1262 752 1292 2
780 1262 823 1299 A,
856 1263 883 1292 1.
916 1262 989 1293 Liv.

134 1314 232 1346 XXI.
255 1316 285 1345 4.
307 1314 409 1345 Pauci
429 1325 467 1345 ιιι·
480 1314 585 1355 ferme
606 1315 736 1355 optimus
759 1315 886 1356 quisque
901 1315 990 1346 Haa-

133 1368 208 1399 nom'
229 1368 500 1399 adsentiebantur.
530 1368 580 1399 Cf.
603 1369 717 1400 Kritze
746 1371 786 1400 ad
817 1369 884 1400 Sal.
913 1370 989 1410 Iug.

133 1422 202 1460 107,
233 1424 261 1453 3.
284 1440 326 1445 ——
347 1422 397 1453 De
425 1423 573 1453 subiecto
601 1422 729 1463 quisque
759 1423 811 1453 vel
840 1433 943 1453 omnes
973 1433 989 1454 e

131 1475 338 1516 praecedenti
370 1485 457 1505 nemo
492 1476 689 1505 assumendo
723 1476 878 1506 dixerunt
917 1477 989 1507 intt.

131 1530 170 1559 ad
192 1529 275 1560 Hor.
299 1528 403 1559 Serni.
428 1529 454 1558 I.
479 1529 506 1564 1,
532 1530 559 1558 1.

701 1673 862 1714 XXVI.

930 1675 995 1727 (A.

1083 886 1108 916 0
1130 896 1193 917 rem
1215 887 1370 919 miseram.
1393 888 1495 919 Torn.
1526 895 1558 920 et
1588 889 1671 920 liber
1700 889 1841 930 Malasp.
1874 890 1899 918 (J

1037 942 1129 972 deest
1151 942 1185 971 in
1209 941 1299 972 Med.
1323 942 1438 973 Cicero
1458 943 1541 974 solet
1564 944 1692 974 addere.
1718 944 1796 974 vid.
1818 944 1899 974 Vll.

1080 1048 1188 1079 Malas
1211 1059 1326 1080 causas
1348 1060 1467 1091 Semper
1489 1051 1633 1082 obtinuit.
1663 1051 1768 1082 Dolor
1791 1058 1821 1082 et
1845 1053 1899 1082 de·

1037 1105 1178 1146 spei-atio
1201 1105 1254 1135 hic
1277 1105 1475 1137 Ciceronem
1496 1107 1656 1137 iniustum
1680 1107 1795 1138 reddit.

1078 1158 1151 1188 Rem
1168 1168 1202 1198 p.
1226 1168 1346 1199 reyere.
1382 1159 1560 1199 Pei-peram
1581 1158 1742 1190 Graevius
1765 1169 1782 1190 e
1812 1160 1897 1190 libro

1036 1210 1180 1241 Hehnst.
1216 1211 1341 1241 nullius
1372 1212 1467 1252 pretii
1498 1212 1610 1249 edidit,
1639 1212 1748 1252 rempb.
1775 1223 1895 1253 (serere.

1035 1263 1179 1304 Reynare
1202 1269 1233 1295 et
1254 1274 1381 1305 reynum
1404 1270 1482 1296 sunt
1502 1275 1624 1303 eorum,
1640 1266 1697 1306 qui
1712 1266 1745 1296 in
1762 1267 1896 1297 civitate

1034 1318 1139 1350 libera
1161 1320 1342 1351 abutuntur
1361 1330 1420 1351 sua
1445 1321 1593 1361 potentia
1601 1335 1608 1357 3
1633 1321 1700 1352 vid.
1722 1322 1786 1351 Iac.
1817 1321 1894 1352 Gro-

1035 1383 1112 1404 nov.
1135 1380 1165 1404 et
1188 1374 1290 1405 Drak.
1313 1376 1353 1405 ad
1375 1375 1451 1405 Liv.
1475 1375 1611 1406 XXIV.
1634 1376 1683 1412 29,
1701 1375 1735 1409 7:
1753 1386 1895 1416 quorum

1035 1431 1145 1457 autem
1168 1432 1311 1468 potestas
1334 1428 1399 1459 late
1421 1434 1520 1469 patet,
1543 1429 1578 1459 hi
1601 1431 1713 1468 reflant
1728 1440 1821 1469 remp.
1844 1428 1893 1460 Cf.

1037 1479 1104 1511 Cic.
1128 1480 1190 1512 Off.
1217 1483 1241 1512 1.
1265 1483 1315 1513 92.
1339 1482 1442 1513 Aca-d.
1463 1483 1511 1513 11.
1535 1483 1604 1513 115.

1038 1675 1082 1714 U.
1120 1676 1161 1716 C.
1201 1676 1318 1730 705.)

198 1800 235 1839 1.
273 1798 367 1839 Non
409 1798 519 1839 venit
559 1797 666 1838 idem
708 1812 785 1838 usu
826 1797 941 1848 mihi,
985 1797 1091 1852 quod
1133 1802 1179 1838 tu
1219 1797 1296 1838 tibi
1338 1798 1500 1839 scribis:
1554 1827 1573 1850 ,Ι
1585 1799 1754 1851 Quoties
1802 1815 1893 1841 exo-

132 1873 211 1914 rior
226 1873 267 1914 !”
316 1874 404 1927 Ego
444 1873 551 1913 enim
591 1887 700 1913 nunc
742 1872 922 1927 pauflinn
956 1872 1124 1922 exorior,
1159 1876 1199 1913 et
1242 1872 1413 1913 maxime
1458 1873 1620 1927 quidem
1662 1873 1711 1913 iis
1752 1872 1891 1924 literis,

131 1961 232 2000 quae
266 1947 394 1987 Roma
427 1946 662 1995 afferuntur,
699 1945 747 1985 de
782 1945 976 1995 Domitio,
1001 1945 1049 1986 de
1074 1945 1304 1986 Picentium
1327 1945 1574 1988 cohortibus.
1610 1945 1757 1987 Omnia
1779 1951 1893 1986 erant

131 2019 235 2060 facta
268 2018 343 2059 1100
376 2018 500 2059 biduo
533 2017 712 2059 laetiora.
748 2018 890 2072 Itaque
925 2017 1034 2071 fuga,
1070 2032 1170 2072 quae
1204 2017 1434 2072 parabatur,
1468 2034 1645 2073 repressa
1679 2023 1749 2059 est.
1795 2018 1891 2059 Cae·
1932 2036 1946 2060 5

131 2092 228 2132 saris
262 2090 491 2141 interdicta,

608 2196 643 2235 si
676 2200 711 2237 te
744 2197 908 2237 secundo
943 2194 1086 2237 lumine
1120 2194 1182 2234 laic
1214 2195 1415 2250 offendero,

128 2304 385 2355 respuuntur.
442 2300 555 2340 Bona
589 2299 636 2340 de
671 2300 864 2350 Domitio,
898 2301 1100 2357 praeclara
1133 2300 1182 2341 de
1215 2299 1383 2341 Afranio
1417 2299 1521 2340 fama
1561 2303 1634 2340 est.
1693 2301 1732 2339 2.
1767 2296 1888 2349 Quod

129 2388 190 2413 me
225 2372 461 2413 amicissime
497 2372 700 2423 admones,
734 2377 781 2413 ut
813 2388 875 2413 ine
908 2373 1125 2428 integrum,
1159 2372 1290 2427 quoad
1326 2372 1487 2426 possim,
1531 2385 1696 2421 servem,
1729 2375 1888 2424 gratum

128 2451 203 2487 est.
257 2445 377 2497 Quod
411 2446 539 2496 addis,
574 2461 623 2487 ne
657 2447 890 2501 propensior
924 2446 970 2487 ad
1007 2451 1166 2501 turpem
1212 2460 1372 2487 causam
1416 2444 1565 2494 videar,
1611 2448 1715 2484 certe
1760 2441 1888 2483 videri

127 2534 303 2573 possum.
354 2520 441 2573 Ego
474 2535 536 2560 me
571 2519 714 2560 ducem
747 2520 790 2560 in
824 2520 933 2560 civili
968 2519 1086 2570 bello,
1130 2519 1261 2574 quoad
1307 2518 1355 2559 de
1400 2532 1495 2573 pace
1536 2522 1733 2571 ageretur,
1775 2515 1887 2556 nolui

127 2606 225 2641 esse,
259 2607 341 2632 non
375 2592 473 2645 quin
507 2597 658 2633 rectum
694 2596 811 2642 esset,
848 2592 916 2633 sed
951 2592 1059 2646 quia,
1095 2590 1201 2645 quod
1236 2590 1363 2631 inulto
1397 2589 1545 2630 rectius
1579 2588 1671 2639 fuit,
1710 2587 1750 2629 id
1786 2587 1886 2628 mihi

1909 2457 1944 2485 10

164 2769 182 2807 ξ
209 2768 238 2799 1.
262 2768 332 2799 Non
354 2768 449 2805 venit,
476 2774 535 2799 cet.
570 2767 662 2799 Nune
684 2768 778 2806 venit,
809 2769 897 2810 quod
927 2770 979 2800 Iu-
1069 2767 1203 2799 Exorior
1225 2778 1258 2800 o:
1282 2770 1322 2800 ad
1352 2780 1443 2811 spem
1472 2771 1578 2807 redeo,
1610 2779 1742 2811 emer-go
1771 2775 1805 2800 ut
1836 2770 1884 2800 sol

127 2821 201 2852 nius
223 2822 258 2852 in
282 2822 407 2862 optimo
423 2821 533 2852 codice
549 2821 670 2862 legisse
685 2826 830 2859 testatur,
844 2827 882 2853 ut
899 2822 981 2853 bene
1028 2832 1044 2854 e
1068 2823 1208 2854 nebulis.

126 2875 278 2907 observat
299 2875 455 2913 Orellins,
479 2876 695 2907 reiiciendum
718 2882 767 2907 est
781 2876 835 2907 vel
850 2881 982 2917 propter
1002 2884 1004 2898 *
1068 2875 1101 2906 Si
1123 2878 1155 2907 ie
1182 2876 1318 2907 seeundo
1346 2877 1463 2908 lumine
1495 2877 1546 2908 hie
1576 2878 1747 2920 offendero,
1776 2880 1883 2910 morie-

126 2937 265 2969 sequens
288 2938 380 2959 mmo.
407 2943 418 2953 w
432 2929 541 2958 Immo
563 2928 625 2958 hoc
640 2928 736 2959 dicit:
760 2929 836 2959 Non
850 2938 981 2969 possum
1002 2899 1004 2950 1
1028 2939 1073 2959 re.
1095 2928 1221 2959 Versus
1255 2929 1358 2960 Ennii
1388 2939 1430 2961 ex
1460 2930 1579 2962 Medea
1610 2931 1726 2962 citatus
1763 2932 1883 2963 iterum

125 2982 165 3012 de
186 2991 239 3012 me
261 2981 378 3018 dicere,
401 2982 489 3022 quod
510 2988 545 3012 tu
567 2982 606 3012 de
629 2987 660 3012 te
683 2981 814 3012 scribis:
852 2980 982 3018 Quoties
1002 2952 1004 2998 1
1028 2983 1062 3014 in
1091 2987 1171 3013 orat.
1202 2993 1233 3023 p.
1266 2983 1349 3014 Rab.
1379 2984 1467 3015 Post.
1496 2985 1545 3016 29.
1589 2985 1762 3026 Expressit
1789 2992 1884 3027 poeta

125 3033 269 3064 exorior!
292 3034 313 3064 i.
338 3044 364 3065 e.
387 3033 514 3074 quoties
544 3035 585 3065 ad.
615 3043 706 3075 spem
735 3034 907 3066 meliorem
934 3045 981 3066 re·
1027 3036 1116 3067 hune
1128 3046 1258 3068 versum
1274 3045 1317 3067 ex
1327 3036 1494 3078 Euripidis
1506 3036 1682 3071 Medeazez
1698 3031 1728 3070 σ’
1738 3036 1882 3073 ἐπιοῦσα

126 3088 239 3117 vocor!
264 3087 362 3118 Nune
385 3088 518 3118 demum
533 3088 682 3128 paullum
697 3093 858 3120 recreatus
875 3089 982 3120 s1un.⁹”
1030 3085 1166 3134 λαμπὰς
1192 3084 1312 3133 ὄψεται
1340 3088 1426 3124 θεοῦ
1455 3105 1506 3110 -
1535 3088 1652 3126 &aasz
1675 3101 1705 3122 v.
1728 3093 1798 3123 352.

124 3138 226 3171 Orell.
250 3140 282 3171 in
308 3141 383 3171 edit.
406 3142 523 3181 priore.
1070 3146 1088 3184 ξ
1113 3146 1140 3176 2.
1168 3145 1258 3185 Quod
1279 3145 1375 3176 multo
1396 3145 1513 3177 rectius
1525 3145 1606 3186 fuit,
1629 3147 1665 3176 id
1693 3147 1767 3177 mihi
1786 3148 1882 3187 fijan*
