2117 3533
779 159 886 201 LIB.
921 160 995 201 IV.
1030 160 1114 201 ΕΡ.
1152 162 1192 201 5.
1780 162 1861 202 175

107 299 214 345 sunt,
248 294 278 335 ii
309 310 373 336 me
406 295 553 336 nolunt
586 309 730 345 amare,
765 293 905 334 demus
939 310 1099 349 operam
1132 299 1179 335 ut
1212 294 1260 335 ab
1293 295 1357 345 iis,
1404 295 1472 349 qui
1513 299 1693 350 possunt,
1726 295 1866 350 diliga-

108 381 208 407 mur.
245 369 285 408 3.
309 368 452 408 Dices:
477 367 620 409 vellem
642 366 892 422 iampridem.
921 368 1010 408 Scio
1033 372 1073 409 te
1095 368 1282 419 Voluisse,
1307 374 1347 409 et
1368 384 1430 410 me
1455 369 1611 410 asinum
1632 385 1865 424 germanum

107 438 242 480 fuisse.
277 440 354 481 Sed
387 441 467 481 iam
499 445 658 496 tempus
691 445 751 481 est
783 455 845 480 me
879 440 1011 495 ipsum
1045 456 1066 481 a
1100 456 1162 481 me
1197 441 1336 492 amari,
1372 441 1532 495 quando
1567 442 1616 483 ab
1650 443 1730 483 illis
1754 443 1866 484 nullo

108 511 222 552 modo
254 528 431 567 possum.
465 513 641 554 Domum
674 527 801 553 meam
835 512 942 566 quod
977 513 1113 554 crebro
1147 513 1302 564 invisis,
1338 518 1398 554 est
1430 514 1530 554 1111111
1553 515 1668 556 valde
1691 520 1865 570 gratum.

106 584 308 625 Viaticuni
342 585 547 641 Crassipes
580 586 785 641 praeripit.
825 612 845 635 ,Ι
857 586 918 625 Tu
952 585 999 626 de
1033 586 1097 626 via
1130 590 1239 626 recta
1270 586 1313 626 in
1343 586 1525 627 hortos.”
1560 587 1732 628 Videtur
1762 603 1866 629 00111-

104 657 261 699 1110111115
294 658 344 700 ad
378 663 439 700 te:
474 659 667 714 postridie
702 658 879 710 scilicet3
914 658 1012 712 quid
1046 658 1153 699 enim
1187 659 1283 699 tua?
1327 658 1405 700 Sed
1438 659 1670 701 Viderimus.
1714 660 1866 702 Biblio-

103 729 259 772 thecam
293 731 394 772 inihi
426 732 489 773 tui
522 732 740 787 pinxerunt
773 731 1055 773 constrictione.
1090 736 1130 771 et
1162 731 1330 786 sillybis.
1365 733 1445 773 Eos
1478 732 1597 773 velim
1631 732 1785 774 laudes.

147 905 164 937 7
187 906 416 938 constructione
436 926 477 932 —

103 1071 181 1093 sane
203 1062 299 1094 facile
323 1063 409 1094 inter
430 1064 552 1095 dixisse
570 1064 652 1105 finis
681 1065 815 1096 exidere
843 1064 959 1105 potuit.

102 1115 194 1147 Haec
231 1121 342 1147 autem
380 1117 437 1148 sed
459 1117 542 1159 finis
570 1118 612 1149 sit
642 1119 728 1149 dicta
756 1123 833 1149 sunt
862 1119 959 1159 plane

103 1170 217 1200 eadem
240 1170 410 1207 sententia,
436 1176 532 1211 atque
563 1171 596 1201 in
626 1171 812 1202 Miloniana
841 1172 859 1211 ξ
889 1172 958 1208 105,

102 1232 160 1262 pro
182 1221 239 1253 sed
251 1223 350 1262 plura
372 1233 433 1253 non
456 1223 580 1261 addam,
604 1225 681 1255 haec
693 1225 861 1266 srqffieiant.
883 1225 959 1256 We-

102 1275 304 1315 senbergius,
326 1276 467 1307 Emend.
497 1278 558 1318 Ep.
587 1278 626 1308 98
656 1278 857 1319 comparavit
884 1288 958 1309 cum

101 1327 134 1358 h.
156 1328 177 1359 l.
199 1329 270 1359 Att.
293 1329 337 1360 X.
360 1331 390 1366 4,
414 1330 442 1360 1.

142 1380 160 1419 ἓ
183 1382 210 1411 3.
236 1381 289 1412 Me
311 1381 433 1413 asinum
452 1393 634 1423 yermmmm
641 1383 760 1424 fuisse.
782 1384 878 1415 Nihil
892 1394 958 1416 me-

100 1433 164 1464 lius
193 1434 253 1464 hac
284 1433 420 1466 Col-radi
452 1440 483 1466 et
511 1436 636 1467 Mureti
669 1437 868 1468 coniectura.
908 1436 957 1468 Cf.

100 1487 216 1519 Cobeti
239 1488 319 1519 Var.
343 1489 435 1520 Lect.
458 1489 565 1520 Praef.
587 1500 617 1530 p.
641 1489 685 1521 X.

144 1540 298 1572 Viatia-um
329 1541 490 1582 Crassipes
517 1543 687 1584 praeripis.
728 1543 838 1575 Pridie
868 1544 956 1575 Non.

99 1593 208 1634 April.
238 1595 385 1625 Tulliam
412 1595 513 1627 Furio
546 1595 731 1636 Crassipedi
760 1598 956 1637 desponsam

99 1656 167 1677 esse
191 1647 321 1678 nuntiat
342 1647 383 1686 Q.
406 1648 508 1685 fratri,
532 1649 578 1679 ΙΙ.
603 1650 631 1686 5,
657 1649 684 1680 1.
708 1649 756 1681 Cf.
780 1650 858 1680 ibid.
882 1652 911 1687 4,
927 1651 955 1681 2.

99 1701 128 1737 6,
152 1700 180 1731 1.
205 1700 297 1731 Fam.
320 1702 347 1731 Ι.
370 1701 398 1738 7,
419 1702 468 1732 11.
496 1702 638 1743 Nuptias
661 1709 786 1735 secutas
810 1714 878 1736 esse
901 1714 955 1736 ne-

99 1759 155 1793 gat
176 1754 375 1794 Madvigius,
399 1755 589 1786 auctoritate
611 1756 751 1787 Asconii
773 1758 813 1787 ad
843 1757 954 1788 Pison.

97 1816 128 1846 p.
151 1808 180 1836 5.
203 1806 258 1838 Or.
282 1813 314 1838 et
336 1807 425 1838 Plut.
448 1808 482 1838 in
507 1808 575 1839 Cic.
603 1810 654 1839 41.
694 1810 810 1851 Neque
839 1811 954 1848 obstat,

97 1861 184 1899 quod
207 1859 321 1891 Cicero
343 1860 436 1891 Fam.
458 1862 486 1892 Ι.
510 1862 538 1899 9,
571 1863 620 1893 20.
651 1862 879 1903 Crassipedem
903 1874 956 1904 qe-

94 1923 199 1944 nernm
222 1924 310 1944 suum
325 1915 478 1955 appellat,
496 1926 598 1956 quum
615 1916 677 1947 1100
696 1927 817 1948 nomen
834 1928 954 1958 sponso

95 1976 227 2007 quoque
267 1968 367 1998 tribui
401 1969 515 2000 soleat.
559 1968 609 2000 Cf.
647 1970 745 2001 etiam
782 1970 951 2001 Tunstalli

95 2021 199 2061 Epist.
222 2022 263 2052 ad
284 2022 531 2053 Middletonum
546 2033 578 2063 p.
596 2023 655 2056 187
672 2034 718 2064 sq.
741 2024 829 2055 Dicit
843 2030 953 2056 autem

95 2074 261 2111 viaticum,
285 2084 349 2115 quo
372 2086 455 2116 opus
485 2081 553 2106 erat
581 2077 622 2107 ad
650 2077 837 2117 longiorem
865 2087 954 2117 pere-

95 2127 325 2167 grinationem.
366 2129 455 2169 Ergo
484 2130 524 2160 de
553 2130 660 2161 reditu
690 2131 723 2161 in
754 2131 870 2162 urbem
903 2141 954 2161 co-

95 2180 230 2220 gitabat.

139 2249 152 2260 a
168 2234 211 2265 Tu
234 2234 273 2266 de
296 2235 345 2266 via
365 2238 453 2266 recta
467 2236 500 2266 in
513 2236 653 2267 hortos.“'
675 2237 768 2268 Haec
783 2239 953 2279 desumpta

94 2287 248 2318 videntur
285 2298 327 2319 ex
363 2289 473 2329 aliqua
508 2289 615 2320 Attici
651 2290 798 2330 epistola,
835 2291 954 2331 quibus

94 2339 245 2370 Tullium
268 2340 387 2372 invitat
407 2348 453 2378 ut,
477 2342 576 2373 simul
600 2347 696 2383 atque
719 2352 762 2373 ex
785 2343 902 2374 itinere
919 2343 953 2373 in

95 2393 211 2424 urbem
234 2394 391 2432 rediisset,
414 2401 502 2426 recta
524 2396 565 2426 ad
587 2405 621 2426 se
644 2396 678 2426 in
701 2396 814 2427 hortos
842 2406 954 2437 perge-

94 2451 153 2479 ret.
177 2447 239 2479 Cui
263 2447 378 2480 Cicero
402 2450 575 2490 respondet
596 2450 696 2481 malle
713 2459 746 2481 se
762 2455 954 2490 pernoctare

94 2500 128 2531 in
158 2502 256 2532 domo
288 2512 386 2542 quam
415 2503 549 2534 Atticus
579 2504 703 2535 Romae
734 2504 885 2541 habebat,
921 2510 951 2534 et

94 2555 250 2595 postridie
272 2556 307 2586 in
330 2557 442 2588 hortos
472 2557 585 2588 venire
595 2572 602 2594 ;
634 2567 741 2598 neque
772 2558 878 2588 Attici
906 2558 952 2588 in-

94 2613 223 2644 teresse,
245 2614 358 2640 uti-um
378 2619 445 2640 uno
467 2610 519 2641 die
542 2611 632 2651 prius
656 2621 696 2641 an
720 2611 882 2651 posterius
899 2620 951 2641 ve-

94 2660 173 2691 niat.
195 2661 272 2691 Non
296 2666 406 2694 tamen
428 2663 526 2703 plane
549 2664 645 2694 amici
667 2665 859 2705 petitionem
881 2664 952 2696 reii-

94 2713 147 2750 cit,
177 2714 233 2744 sed
263 2714 413 2746 visurum
446 2725 480 2746 se
509 2717 679 2757 promittit.
709 2736 750 2739 —
780 2717 846 2756 Qui
876 2727 952 2748 cum

93 2766 246 2797 Manutio
269 2768 303 2797 tu
326 2768 367 2798 ad
387 2768 539 2799 Atticum
561 2770 721 2810 respicere
744 2775 888 2808 censent,
904 2771 951 2801 in-

93 2818 196 2849 finitis
229 2826 391 2859 urgentur
423 2821 687 2859 difficultatibus3
717 2833 804 2860 nam,
833 2829 870 2854 ut
897 2833 951 2864 po-

93 2871 192 2903 tiores
215 2877 359 2913 tangam,
382 2884 489 2915 neque
511 2876 642 2915 probari
665 2882 772 2916 potest
799 2877 951 2908 Atticum

93 2929 165 2956 tum
186 2925 220 2956 in
243 2926 294 2956 via
317 2926 426 2964 fuisse,
450 2937 557 2968 neque
572 2929 678 2959 hortos
693 2929 768 2960 illos
782 2929 951 2961 Ciceronis

93 2978 228 3010 aliunde
251 2980 484 3020 cognovimus.
524 2981 674 3013 Maxime
697 2987 807 3013 autem
829 2982 863 3013 in
892 2983 952 3013 illa

94 3033 219 3065 ratione
241 3034 381 3066 molesta
403 3040 481 3066 sunt
499 3035 557 3067 sed
578 3035 754 3074 viderimus,
770 3047 853 3078 quae
868 3047 950 3068 nun-

94 3094 193 3125 quam
214 3091 351 3127 possunt
373 3087 527 3127 indicare,
551 3090 640 3130 quod
660 3089 814 3122 Manutio
841 3094 949 3123 tamen

95 3138 203 3171 visum
224 3145 287 3172 est:
311 3141 368 3173 sed
388 3143 453 3181 hoc,
476 3146 510 3175 ut
533 3143 591 3175 tibi
612 3143 776 3176 videbitur.

1050 1063 1277 1096 Bibliotkeeam
1308 1071 1368 1097 cet.
1399 1075 1432 1096 a:
1473 1066 1717 1098 Bibliothecam
1756 1077 1864 1099 meam

1007 1116 1054 1146 tui
1084 1117 1211 1148 librarii
1241 1124 1444 1149 exornarunt
1473 1128 1497 1150 s.
1528 1119 1737 1150 illustrarunt
1767 1125 1799 1151 et
1827 1121 1863 1151 li-

1009 1169 1139 1200 brorum
1162 1170 1342 1201 involucris
1367 1171 1466 1211 (hanc
1488 1178 1584 1202 vocat
1599 1172 1863 1210 constrictionem,

1005 1228 1041 1253 ut
1063 1223 1177 1264 scripsi
1199 1224 1239 1254 de
1262 1224 1348 1254 coni.
1377 1224 1599 1265 Hertzbergii.
1636 1226 1760 1256 Libelli
1789 1237 1864 1257 con-

1005 1275 1111 1306 stricti
1133 1286 1201 1306 non
1225 1277 1441 1307 admittebant
1469 1278 1573 1308 tineas
1602 1284 1635 1309 et
1668 1279 1794 1316 blattas,
1828 1284 1864 1310 ut

1004 1329 1099 1360 docet
1120 1329 1284 1360 Martialis
1306 1329 1405 1361 XIV.
1428 1330 1476 1368 37,
1501 1340 1566 1371 quo
1590 1332 1661 1362 loco
1692 1333 1817 1363 nollem
1846 1342 1863 1364 e

1004 1382 1075 1412 solo
1098 1382 1208 1414 codice
1238 1383 1401 1414 Thuaneo
1433 1384 1564 1414 selectos
1597 1391 1764 1426 receptum
1794 1396 1863 1418 esse

1003 1444 1061 1474 pro
1084 1435 1215 1465 meliori
1238 1435 1433 1466 constrictos.
1456 1436 1634 1468 Librorum
1657 1448 1715 1479 per
1736 1439 1862 1470 loculos

1002 1490 1253 1530 dispositionem
1269 1493 1502 1524 construetione
1513 1494 1680 1534 designari
1694 1505 1787 1535 posse
1794 1506 1861 1526 11011

1002 1543 1124 1583 credo.)
1160 1549 1191 1574 et
1220 1544 1393 1575 indicibus.
1423 1545 1472 1576 Cf.
1502 1547 1530 1583 4,
1562 1547 1591 1577 1.
1622 1548 1640 1577 8
1670 1557 1698 1578 a.
1729 1548 1758 1578 2.
1789 1547 1862 1578 Piu-

998 1605 1074 1634 μεν-ε
1096 1595 1248 1627 similiter
1269 1597 1386 1627 dicitur
1409 1598 1442 1628 in
1466 1599 1493 1629 Ι.
1518 1599 1566 1637 14,
1591 1601 1609 1630 3
1633 1605 1665 1631 et
1688 1601 1720 1631 in
1746 1601 1861 1638 Bruto,

1003 1648 1072 1685 141,
1098 1649 1156 1679 ubi
1179 1649 1270 1679 verba
1287 1649 1420 1691 pin-qm&
1443 1655 1473 1681 et
1489 1651 1670 1683 illuminare
1686 1653 1862 1687 sententias

1001 1700 1149 1740 opposita
1172 1705 1258 1732 sunt.
1281 1700 1398 1733 Graeci
1422 1703 1585 1735 vocabant
1607 1702 1808 1739 ποικίλλειν.
1822 1722 1863 1726 --

1002 1755 1116 1786 Facile
1150 1761 1261 1788 autem
1289 1757 1446 1789 obtinebo
1474 1759 1560 1789 hanc
1590 1760 1762 1800 epistolam
1794 1772 1861 1793 non

1001 1809 1146 1849 potuisse
1169 1810 1256 1841 intra
1278 1811 1376 1842 unius
1399 1812 1465 1843 diei
1493 1814 1635 1853 spatium
1667 1821 1741 1855 post
1771 1825 1861 1856 supe-

1001 1862 1122 1892 riorem
1143 1863 1224 1893 dari.
1258 1864 1346 1895 Nam
1370 1864 1419 1895 fac
1443 1865 1624 1905 epistolam,
1659 1877 1742 1908 quae
1770 1878 1859 1899 nunc

1000 1914 1020 1943 4
1043 1915 1063 1944 b
1096 1920 1237 1953 notatur,
1265 1916 1364 1947 Antii
1385 1917 1496 1948 datam
1519 1928 1588 1950 0550
1617 1929 1644 1950 0.
1668 1920 1697 1950 11.
1730 1921 1781 1951 VI
1810 1922 1859 1952 Id.

1000 1967 1108 2008 April.
1132 1968 1154 1999 i.
1177 1978 1203 2000 e.
1228 1969 1299 2009 ipso
1315 1970 1374 2001 illo
1390 1971 1452 2008 die,
1467 1981 1533 2011 quo
1548 1971 1744 2004 Ciceronem
1754 1974 1861 2005 Roma

999 2021 1183 2061 profectum
1206 2023 1338 2060 scimus,
1362 2032 1449 2055 certe
1473 2035 1540 2056 non
1554 2027 1661 2066 potuit
1676 2028 1792 2058 eodem
1807 2028 1861 2059 die

998 2076 1113 2106 Attico
1135 2077 1229 2107 tradi.
1264 2078 1375 2109 Multo
1398 2079 1509 2110 minus
1532 2090 1560 2110 a.
1585 2081 1616 2111 d.
1640 2082 1681 2112 V.
1705 2083 1753 2113 Id.
1777 2083 1859 2123 Apr.

1000 2129 1130 2160 librarii
1159 2130 1210 2160 illi
1238 2131 1343 2161 Roma
1373 2133 1534 2172 proficisci
1565 2140 1596 2165 et
1626 2135 1859 2167 bibliothecam

1000 2192 1161 2213 exornare
1182 2188 1368 2223 potuerunt.
1394 2185 1504 2223 Quare
1527 2186 1572 2216 sic
1586 2189 1794 2219 sta-tuendum
1815 2190 1859 2220 vi-

999 2235 1104 2272 detur,
1129 2234 1325 2267 Ciceronem
1341 2237 1447 2268 Antio
1463 2238 1609 2270 triduum
1620 2245 1784 2271 moratum
1796 2242 1859 2272 Ar-

999 2289 1114 2329 pinum
1143 2290 1326 2330 profectum
1359 2301 1445 2329 esse3
1479 2293 1513 2323 in
1543 2293 1660 2326 itinere
1691 2296 1858 2336 scripsisse

1000 2343 1041 2373 ad
1065 2342 1106 2380 Q.
1129 2342 1168 2373 fr.
1190 2344 1237 2374 Π.
1261 2343 1278 2376 7
1287 2358 1294 2381 3
1318 2344 1449 2386 Arpino
1471 2346 1556 2377 circa
1568 2348 1616 2378 Id.
1632 2348 1716 2389 Apr.
1731 2350 1858 2382 dedisse

1002 2396 1042 2426 ad
1064 2396 1224 2434 Atticum,
1248 2407 1331 2437 quae
1354 2408 1443 2429 nunc
1466 2405 1542 2430 sunt
1564 2400 1596 2431 h.
1619 2401 1640 2431 1.
1664 2411 1712 2442 ep.
1736 2403 1754 2432 6
1776 2408 1807 2434 et
1822 2403 1857 2440 73

1000 2450 1141 2481 Romam
1163 2450 1299 2482 rediisse
1323 2458 1398 2483 ante
1421 2453 1535 2484 Nonas
1563 2455 1680 2492 Maias,
1709 2462 1744 2487 ut
1772 2457 1858 2497 cogi-

999 2504 1088 2534 tabat
1111 2509 1141 2535 et
1163 2504 1198 2534 in
1222 2504 1314 2544 epist.
1338 2506 1379 2535 ad
1400 2506 1442 2544 Q.
1465 2506 1504 2537 fr.
1526 2508 1573 2538 ΙΙ.
1597 2507 1614 2540 7
1637 2508 1801 2540 facturum
1824 2520 1858 2541 se

1000 2559 1168 2589 nuntiarat
1176 2573 1183 2596 ;
1207 2560 1328 2591 iterum
1351 2562 1533 2593 excurrisse
1548 2563 1699 2601 Antium,
1720 2570 1794 2596 ante
1807 2566 1857 2596 Id.

999 2611 1105 2642 Maias
1127 2616 1216 2642 certo
1239 2612 1359 2644 seimus
1384 2623 1426 2644 ex
1449 2615 1542 2655 epist.
1566 2616 1606 2646 ad
1628 2616 1669 2655 Q.
1692 2616 1730 2647 fr.
1752 2617 1798 2648 11.
1828 2619 1857 2648 S.

999 2663 1073 2694 Hoc
1097 2664 1199 2704 igitur
1221 2669 1367 2706 tempore
1389 2667 1529 2708 scriptae
1551 2673 1627 2700 sunt
1649 2669 1690 2700 ad
1711 2669 1784 2701 Att.
1805 2670 1856 2700 IV

1001 2718 1017 2746 5
1043 2720 1073 2746 et
1096 2717 1115 2745 8
1137 2726 1168 2746 a.
