2117 3533
767 124 874 168 LIB.
908 126 943 168 I.
978 125 1062 168 ΕΡ.
1099 128 1170 168 13.

1787 124 1841 165 31

85 260 231 314 cembr.
265 261 452 302 mendose
487 261 610 303 fuisse
644 261 1015 302 animadverteram.
1050 262 1164 313 Quae
1197 260 1336 302 laudas
1369 276 1418 301 ex
1451 257 1713 307 orationibus,
1747 257 1847 298 1111111

89 333 216 382 crede,
251 333 364 374 valde
398 334 497 374 mihi
530 333 754 388 placebant,
791 334 860 375 sed
892 349 973 374 non
1007 333 1203 374 audebam
1245 337 1361 373 antea
1401 332 1531 373 dicere
1542 350 1552 383 3
1592 346 1701 372 nunc
1741 346 1846 380 vero,

89 407 195 461 quod
228 422 250 446 a
282 411 320 446 te
354 406 519 461 probata
552 411 659 456 sunt,
694 406 820 446 multo
853 405 953 446 mihi
986 402 1289 463 ἄττικώτερα
1324 404 1524 445 videntur.
1560 404 1609 444 111
1630 402 1740 443 fflam
1764 418 1848 443 ora-

88 479 237 519 tionem
272 479 521 519 Metellinam
555 478 693 519 addidi
727 478 935 532 quaedam.
970 477 1091 519 Liber
1123 476 1199 518 tibi
1232 477 1427 526 mittetur,
1463 476 1651 530 quoniam
1682 480 1717 516 te
1741 490 1850 516 amor

89 553 214 593 nostri
248 548 547 610 φιλορὴτορα
581 551 771 592 reddidit.
818 554 859 592 6.
894 551 1000 591 Novi
1023 549 1099 590 tibi
1121 549 1313 604 quidnam
1337 547 1676 602 5011103011)11111(1Ξὀ
1700 548 1849 589 Etiam.
1884 556 1898 581 5

90 625 262 666 Messala
296 625 434 665 consul
467 625 759 666 Autronianam
794 625 956 665 domum
990 624 1087 664 emit
1120 624 1204 664 HS.
1240 636 1425 663 CXXXIV.
1460 620 1569 673 Quid
1603 621 1644 661 id
1679 621 1728 661 ad
1761 621 1850 661 me?

91 697 261 751 inquies.
295 698 483 747 Tantum,
519 698 624 751 quod
659 713 704 738 ea
737 697 937 752 emptione
971 702 1010 737 et
1044 711 1117 737 nos
1150 695 1250 736 bene
1284 694 1426 735 emisse
1459 693 1628 734 iudicati
1652 709 1790 734 sumus
1811 698 1851 734 et

90 767 270 809 homines
303 769 525 824 intelligere
562 775 777 825 coeperunt
808 771 926 812 licere
961 770 1178 811 amicorum
1212 766 1471 808 facultatibus
1505 767 1546 807 in
1589 766 1756 807 emendo
1802 766 1851 808 ad

93 967 209 1007 liquem
235 969 267 998 in
292 969 340 1006 iis,
364 979 447 1009 quae
470 974 652 1010 supersunt,
669 969 785 1000 frustra
800 979 945 1010 quaeras.

91 1021 137 1051 At
159 1031 293 1052 suavem
314 1023 435 1063 Arpini
456 1024 709 1063 descriptionem
731 1023 866 1053 inclusit
893 1032 946 1054 ex-

92 1075 191 1105 ordiis
214 1075 270 1105 lib.
293 1076 310 1105 I
333 1081 363 1106 et
385 1076 421 1106 Π
443 1077 482 1106 (16
504 1076 660 1116 Legibus.

134 1129 174 1158 A.
195 1127 224 1158 d.
249 1127 313 1158 III
331 1128 413 1160 Non.
441 1128 516 1159 Dec.
540 1148 581 1151 —
601 1128 884 1160 animadverteram
914 1140 946 1159 o:

93 1180 246 1211 Eri-orem
275 1182 309 1212 111
338 1186 483 1223 tempore
513 1183 742 1214 constituendo
779 1193 797 1213 a
832 1192 885 1214 me
913 1183 947 1213 in

94 1236 234 1274 quadam
256 1236 402 1267 oratione
425 1237 637 1268 commissum
658 1238 726 1277 ipse
747 1237 948 1268 animadver-

92 1294 203 1325 teram,
228 1294 404 1329 antequam
426 1295 462 1320 tu
484 1291 524 1321 de
547 1301 584 1321 eo
607 1300 789 1321 monueras.

135 1341 172 1370 la
196 1341 283 1371 illum
306 1342 476 1373 orationem
502 1342 544 1373 M.
561 1343 673 1373 addidi
687 1343 846 1384 quaedam.
871 1342 948 1374 Ora-

91 1396 215 1426 tionem
243 1396 400 1427 habuerat
436 1407 547 1428 mense
583 1398 739 1428 Ianuario
774 1397 948 1437 superioris

92 1449 169 1478 anni
191 1453 303 1479 contra
319 1449 510 1480 concionem
526 1449 566 1488 Q.
581 1450 709 1480 Metelli
723 1450 859 1490 Nepotis
874 1449 947 1480 trib.

92 1503 145 1543 pl.,
170 1512 187 1532 a
210 1512 276 1542 quo
304 1503 474 1533 consulatu
503 1503 616 1534 abiens
644 1513 702 1544 pro
731 1512 822 1534 more
850 1503 948 1533 verba

94 1557 133 1586 ad
163 1556 324 1596 populum
352 1556 456 1587 facere
488 1556 593 1587 fuerat
630 1556 823 1596 prohibitus.
867 1556 949 1586 Eius

93 1609 248 1639 orationis
264 1599 448 1649 fragmenta
463 1614 539 1639 sunt
554 1609 586 1639 in
603 1610 678 1640 edit.
694 1608 795 1640 Orell.
813 1609 868 1639 alt.
887 1608 949 1639 IV.

93 1671 122 1701 p.
146 1661 206 1691 94ss
229 1671 274 1701 sq.
298 1679 338 1682 —
360 1660 478 1691 Forma
506 1661 674 1692 Jletellina
697 1662 860 1692 immerito
889 1661 950 1691 dis-

92 1714 232 1754 plicebat
254 1713 458 1754 Spaldiugio.
480 1714 565 1744 Eam
586 1714 765 1746 defendunt
786 1714 950 1754 Reisigius

94 1766 127 1796 in
158 1766 296 1803 Scholis,
326 1777 357 1806 p.
388 1767 447 1796 166
477 1776 524 1806 sq.
555 1772 585 1797 et
615 1766 650 1798 C.
674 1766 712 1797 F.
736 1767 950 1798 Hermannus

94 1819 128 1848 in
151 1819 257 1858 Epim.
289 1819 421 1849 Vindic.
451 1819 676 1856 Brutinarmn,
707 1830 737 1859 p.
768 1820 817 1850 525.
840 1838 882 1842 —
904 1819 952 1850 Si-

93 1871 180 1901 milis
212 1871 462 1902 constructionis
499 1872 688 1912 exemplum
717 1872 808 1902 dabit
838 1871 951 1903 Cicero

94 1926 127 1955 in
156 1935 204 1966 ep.
236 1927 283 1963 53,
314 1926 370 1956 lib.
400 1926 472 1957 XII
501 1928 540 1957 ad
568 1927 638 1957 Att.
667 1926 732 1957 Eas
766 1927 800 1957 iu
824 1927 951 1957 eundem

84 1978 276 2019 fasciculum
297 1980 386 2009 velim
410 1980 522 2010 addas.
553 1980 611 2011 eff.
635 1981 707 2011 intt.
731 1981 771 2010 ad
793 1980 866 2011 Liv.
890 1980 951 2011 IV.

95 2034 143 2070 25,
169 2034 205 2063 13
229 2038 259 2064 et
282 2034 427 2064 Kritzius
450 2035 490 2064 ad
513 2033 579 2064 Sal.
604 2033 672 2064 Cat.
697 2035 745 2070 51,
769 2035 818 2064 21.

138 2087 155 2126 ξ
172 2087 199 2117 6.
214 2086 294 2116 Novi
310 2086 366 2117 tibi
380 2087 524 2128 quidemn
540 2087 670 2117 seribam
682 2087 701 2116 ,Ρ
720 2086 821 2127 quid?
838 2087 952 2117 Etiam.

96 2139 289 2170 Forniulam
310 2140 470 2170 sermonis
492 2139 663 2169 familiaris
687 2140 847 2179 exemplis
877 2140 953 2170 Tu]-

99 2192 196 2223 lianis
218 2192 392 2223 illustravit
414 2192 592 2228 Manutius,
615 2192 684 2222 Att.
708 2192 752 2221 ΙΙ.
777 2191 794 2221 6
811 2196 893 2222 extr.
909 2192 954 2222 II.

102 2248 149 2284 19,
174 2249 201 2277 5.
226 2248 304 2278 VII.
328 2249 355 2284 3,
380 2248 427 2278 12.
451 2247 492 2285 Q.
516 2247 553 2277 fr.
576 2247 639 2277 III.
664 2248 691 2283 1,
715 2248 763 2277 24.
795 2246 861 2277 Sed
882 2257 955 2278 nus·

103 2310 201 2339 quam
229 2300 363 2340 ponitur
390 2299 548 2340 quidnam,
586 2300 674 2340 quod
710 2300 867 2330 Ernestus
902 2301 954 2331 hic

101 2358 185 2383 stare
207 2362 299 2393 posse
322 2358 430 2393 negat,
454 2353 609 2392 quoniam
631 2352 733 2390 elima,
757 2354 844 2393 quod
873 2354 954 2384 affir-

102 2407 220 2437 mantis
243 2412 298 2443 est,
322 2406 372 2437 illi
394 2407 643 2446 interrogationi
672 2417 739 2437 non
769 2408 954 2438 conveniat.

102 2458 278 2499 Propterea
307 2459 449 2491 Orellius
485 2460 517 2490 11,
555 2460 576 2490 1.
614 2460 800 2500 adscripsit:
843 2460 953 2491 “Fort.

100 2512 175 2552 quid
194 2513 290 2543 iam.“'
313 2512 379 2543 Sed
393 2523 459 2543 11011
476 2523 557 2553 opus
573 2518 620 2544 est
635 2514 844 2550 correctione,
858 2515 956 2545 modo

100 2571 209 2596 teneas
226 2566 370 2607 quidnam
386 2578 451 2597 non
467 2577 535 2598 esse
558 2566 612 2598 Gr.
634 2568 669 2601 τί
697 2567 779 2613 γάρ,
803 2568 859 2599 56(1
881 2568 953 2607 τίη,

99 2633 164 2662 quo
186 2628 328 2661 utuntur,
346 2624 401 2664 qui
416 2624 526 2664 paullo
542 2624 699 2655 intentius
713 2629 882 2664 quaerunt.
907 2623 955 2655 Cf.

100 2676 226 2707 Handii
248 2677 342 2708 Turs.
365 2678 425 2708 IV.
449 2688 478 2718 p.
503 2678 541 2708 18
564 2684 595 2709 et
614 2678 658 2708 ΙΙ.
674 2688 704 2718 p.
721 2678 790 2715 568,
806 2678 862 2708 ubi
877 2678 957 2709 haec

99 2730 200 2760 verba
222 2730 267 2760 sic
290 2730 447 2770 explicat:
474 2745 487 2756 ν
499 2731 587 2761 Novi
608 2731 667 2761 tibi
697 2731 854 2772 quidnam
883 2732 957 2762 scri-

101 2783 201 2813 bam?
225 2788 314 2814 estne
337 2783 486 2823 aliquid?
516 2784 575 2814 Est
596 2785 708 2815 veros*

141 2836 206 2867 HS.
233 2836 404 2867 CXXXIV.
428 2836 530 2868 Codd.
554 2837 664 2878 scripti
688 2837 721 2868 in
743 2838 806 2868 hoc
820 2846 957 2869 numero

100 2891 242 2921 turbant.
280 2891 356 2921 Vid.
388 2892 495 2922 adnot.
525 2890 641 2922 Orellii
671 2892 705 2922 in
736 2892 810 2922 edit.
841 2892 958 2932 priore.

103 2944 132 2974 E
155 2944 248 2974 codd.
271 2943 429 2984 Hispanis
453 2944 534 2975 alter
555 2944 654 2975 habet
676 2943 891 2981 CXXXIIV,
916 2945 958 2975 31-

100 3002 149 3029 ter
172 2997 425 3030 CXXXXIIII.
447 2998 581 3030 Retinui
600 3007 753 3029 numeros
771 2998 840 3029 cod.
860 2999 958 3036 Med„

102 3052 162 3082 etsi
184 3051 283 3083 falsos
306 3057 385 3093 puto
408 3062 483 3084 cum
505 3051 709 3090 Casaubono,
734 3052 790 3092 qui
811 3058 897 3084 reete
913 3053 960 3084 iu-

107 3105 193 3136 dicat
216 3104 417 3144 Ciceronem,
441 3106 496 3147 qui
519 3106 684 3147 superiore
712 3115 800 3137 anno
828 3107 960 3137 domum

994 969 1189 1006 Palatinam,
1213 978 1311 1009 quam
1334 967 1379 998 M.
1409 967 1524 998 Livius
1555 966 1678 996 Drusus
1708 966 1853 996 aedifica-

994 1028 1084 1054 verat
1107 1023 1211 1061 (Veli.
1235 1022 1360 1052 Patere.
1383 1021 1428 1051 Π.
1453 1021 1517 1060 14),
1541 1021 1580 1050 (16
1598 1019 1714 1050 Crasso
1732 1026 1854 1050 emerat

995 1076 1065 1107 HS.
1088 1075 1230 1106 XXXV
1253 1074 1333 1115 (vid.
1363 1074 1455 1104 Fam.
1486 1073 1528 1103 V.
1561 1073 1588 1110 6,
1619 1074 1652 1112 2)
1683 1083 1715 1103 o:
1747 1073 1855 1103 tricies

996 1130 1171 1170 quinquies
1200 1129 1357 1166 sestertio,
1388 1138 1484 1159 suum
1520 1127 1644 1158 factum
1681 1127 1855 1158 defendere

995 1184 1157 1215 Messalae
1180 1183 1354 1223 emptione,
1379 1182 1487 1222 itaque
1508 1181 1629 1221 requiri
1646 1185 1699 1211 aut
1714 1181 1857 1211 similem

996 1240 1050 1266 aut
1064 1236 1223 1266 maiorem
1231 1235 1329 1266 etiam
1339 1244 1511 1265 summam.
1534 1234 1581 1264 At
1588 1232 1659 1265 HS.
1669 1232 1857 1264 CXXXIV

995 1292 1022 1322 si
1045 1291 1248 1331 explicamus
1269 1290 1447 1320 sestertium
1469 1289 1586 1319 centies
1609 1288 1715 1319 tricies
1737 1290 1856 1329 quater,

994 1345 1134 1386 pretium
1157 1344 1287 1375 aedium
1310 1353 1443 1374 0111116111
1465 1343 1564 1373 fidem
1587 1347 1731 1383 superat;
1749 1342 1799 1372 sin
1816 1343 1856 1373 de

994 1398 1129 1429 milibus
1151 1398 1276 1428 dictum
1298 1397 1459 1433 volumus,
1483 1397 1563 1426 adeo
1588 1397 1709 1436 exigua
1731 1405 1858 1426 summa

996 1463 1071 1483 cum
1102 1452 1271 1484 Ciceronis
1302 1451 1466 1492 eruptione
1504 1451 1641 1481 minime
1677 1450 1859 1490 comparari

998 1505 1124 1547 poterit.
1168 1506 1245 1536 Non
1275 1505 1362 1536 male
1390 1504 1447 1535 ille
1477 1503 1657 1534 XXXVII
1686 1513 1718 1534 o:
1750 1503 1858 1534 tricies

1002 1560 1120 1600 septies
1141 1559 1196 1589 1110
1219 1559 1399 1599 legendum
1422 1567 1490 1589 esse
1513 1557 1705 1597 suspicatur.

1043 1613 1135 1643 Bene
1151 1612 1259 1643 emisse
1287 1612 1344 1652 qui
1366 1612 1450 1642 iusto
1470 1611 1574 1652 pretio
1596 1615 1722 1647 emunt3
1751 1616 1783 1641 at
1804 1610 1859 1650 qui

997 1667 1137 1698 nimium
1165 1676 1287 1706 magno
1317 1670 1438 1702 emunt,
1468 1665 1549 1695 male
1579 1674 1677 1695 emere
1698 1664 1859 1695 dicuntur.

998 1720 1047 1752 Cf.
1071 1721 1141 1752 Att.
1164 1721 1209 1751 II.
1233 1722 1261 1756 4,
1287 1721 1313 1750 1.
1338 1719 1379 1757 Q.
1402 1719 1440 1749 fr.
1464 1720 1490 1749 Ι.
1515 1720 1541 1755 1,
1566 1720 1615 1749 33.

1040 1774 1214 1805 Amicorum
1230 1773 1454 1814 facultatibus.
1499 1773 1602 1803 Erant
1631 1773 1685 1813 qui
1715 1773 1861 1803 dicerent

999 1828 1201 1864 Ciceronem,
1226 1832 1259 1857 ut
1282 1827 1410 1858 aedium
1439 1827 1579 1866 pretium
1609 1826 1758 1862 solveret,
1790 1825 1860 1855 Hs.

999 1883 1099 1914 vicies
1129 1887 1280 1913 mutuum
1310 1881 1486 1922 sumpsisse
1516 1892 1534 1911 a
1566 1881 1601 1911 P.
1633 1880 1734 1917 Sulla,
1764 1889 1862 1920 quem

998 1937 1057 1967 illo
1079 1941 1224 1977 tempore
1248 1935 1423 1966 defendere
1446 1935 1619 1975 cogitabat.
1644 1933 1729 1964 Gen.
1752 1933 1793 1964 N.
1817 1934 1860 1963 A.

999 1989 1079 2019 XII.
1104 1989 1151 2019 12.
1196 1988 1311 2019 Fuerit
1333 1987 1468 2023 falsum,
1493 1987 1673 2017 amicorum
1703 1992 1788 2017 certe
1819 1986 1861 2015 sa-

999 2045 1176 2075 cultatibus
1199 2054 1233 2075 se
1256 2044 1402 2074 adiutum
1426 2052 1495 2074 esse
1519 2054 1585 2073 non
1609 2048 1717 2082 negat.
1750 2042 1862 2082 Atque

1000 2099 1201 2139 emptionem
1224 2098 1317 2128 illam
1340 2108 1407 2127 non
1431 2096 1573 2127 caruisse
1597 2096 1785 2126 invidorum
1816 2105 1862 2125 re-

1000 2151 1217 2192 prehensione
1241 2155 1372 2191 apparet
1395 2160 1437 2180 ex
1461 2159 1510 2189 ep.
1536 2149 1582 2186 16,
1609 2150 1647 2179 10
1670 2149 1701 2179 h.
1726 2149 1746 2178 1.

1042 2205 1180 2248 Τεῦκρις
1202 2202 1261 2232 illa
1284 2203 1400 2233 lentum
1424 2201 1577 2243 neyoliltm
1602 2203 1658 2232 est.
1699 2201 1747 2232 Cf.
1781 2211 1863 2242 quae

1001 2261 1147 2291 diximus
1171 2261 1211 2290 ad
1235 2270 1283 2300 ep.
1309 2261 1356 2296 12,
1382 2261 1408 2289 1.

1043 2312 1100 2343 Est
1122 2313 1156 2342 ‘in
1178 2322 1240 2352 spe.
1284 2313 1365 2343 Esse
1388 2313 1421 2342 in
1453 2322 1518 2352 spe,
1548 2312 1582 2342 in
1613 2312 1864 2352 exspectatione,

1005 2367 1038 2397 in
1062 2367 1178 2397 timore
1201 2365 1328 2401 dicitur,
1353 2365 1392 2395 (16
1415 2375 1479 2405 quo
1500 2365 1625 2404 aliquid
1641 2369 1795 2405 speratur,
1812 2374 1865 2396 ex-

1005 2423 1177 2459 spectatur,
1201 2419 1343 2448 timetur.
1380 2417 1457 2447 Vid.
1482 2416 1630 2448 Oudend.
1662 2416 1804 2454 Scholia,
1835 2427 1865 2457 p.

1005 2471 1066 2502 264
1088 2481 1134 2511 sq.
1175 2470 1240 2501 Sed
1263 2470 1361 2500 etiam
1383 2470 1487 2500 active
1519 2470 1554 2507 is,
1586 2470 1641 2510 qui
1670 2474 1777 2510 sperat
1805 2474 1864 2500 cet.

1006 2523 1055 2555 Cf.
1078 2523 1204 2554 Handii
1228 2523 1321 2553 Tul-s.
1345 2523 1408 2552 ΙΠ.
1431 2532 1461 2562 p.
1485 2522 1545 2553 256
1568 2533 1612 2563 sq.

1049 2577 1091 2608 Τιι
1108 2578 1170 2607 ista
1193 2577 1316 2616 confice.
1341 2576 1512 2607 Sclmtzius
1538 2576 1659 2617 recepit
1682 2575 1867 2606 Casauboni

1007 2631 1242 2671 suspicionem:
1281 2629 1325 2660 Tu
1355 2629 1451 2666 insta,
1484 2630 1606 2670 confice.
1643 2629 1738 2659 Nihil
1766 2634 1867 2666 muto,

1004 2695 1108 2724 quum
1130 2684 1222 2714 codd.
1246 2683 1342 2713 lectio
1364 2692 1431 2713 non
1456 2683 1567 2723 inepta
1590 2682 1639 2713 sit.
1672 2681 1791 2713 Cicero
1813 2682 1867 2713 vel

1006 2737 1039 2767 111
1069 2736 1180 2766 31111110
1219 2735 1361 2766 habebat
1390 2735 1449 2766 ina
1478 2735 1640 2771 verendam,
1671 2736 1711 2766 de
1747 2735 1866 2775 quibus

1006 2789 1123 2819 iterum
1145 2788 1258 2818 scribit
1280 2797 1329 2828 ep.
1354 2788 1402 2824 14,
1427 2787 1454 2824 7,
1479 2787 1532 2818 vel
1556 2787 1624 2827 ipse
1647 2788 1785 2818 debebat
1807 2788 1867 2818 At-

1005 2843 1069 2872 tico
1093 2846 1124 2873 et
1144 2842 1207 2872 hoe
1229 2842 1328 2872 modo
1350 2841 1514 2881 significat
1536 2850 1570 2872 se
1587 2841 1770 2871 soluturum
1787 2849 1865 2877 esse,

1006 2895 1033 2925 si
1057 2893 1192 2924 Teucris
1216 2893 1376 2925 solvisset.
1420 2893 1471 2924 Ita
1494 2893 1624 2924 Atticus
1647 2898 1783 2934 rogatur
1802 2892 1866 2923 ista

1010 2948 1181 2979 conficere.

1054 3001 1099 3032 M.
1144 3000 1296 3038 Messala,
1340 3000 1387 3031 M.
1419 3000 1535 3032 Pisone
1549 3011 1624 3032 coss.
1669 3001 1755 3032 Vide
1785 3009 1868 3042 quac

1007 3054 1119 3086 notavi
1157 3054 1197 3084 ad
1235 3054 1507 3094 subscriptionem
1544 3054 1699 3094 epistolae
1742 3063 1868 3095 praece-

1007 3109 1122 3140 dentis.
