2117 3533
271 163 355 202 242
387 176 390 179 ·

659 162 743 202 ΕΡ.
778 162 854 202 AD
886 162 931 201 T.
966 161 1315 202 POMPONIUM
1350 161 1612 202 ATTICUM.

268 294 456 335 memoria
488 294 530 334 in
564 293 683 333 armis
716 292 807 333 fuit.
843 293 933 334 Feri
965 293 1147 335 homines
1180 299 1220 335 et
1253 309 1361 335 acres
1394 298 1434 335 et
1474 293 1662 335 omnibus
1707 292 1826 335 rebus
1867 294 1916 335 ad
1958 294 2023 335 de-

267 366 509 408 fendendum
543 367 685 421 parati.
719 367 928 408 Cinxiinus
964 367 1066 408 vallo
1099 372 1139 408 et
1171 368 1290 418 fossa,
1325 383 1467 422 aggere
1502 367 1690 417 maximo,
1735 367 1876 416 vineis,
1914 371 2022 406 turre

268 440 472 488 altissima,
508 454 652 493 magna
683 444 973 480 tormentorum
1007 441 1134 494 copia,

1169 441 1307 482 multis
1341 440 1572 494 sagittariis,
1607 454 1752 493 magno
1784 438 1933 488 labore,
1958 454 2024 493 ap-

267 516 407 567 paratu
417 530 427 562 3
462 512 600 552 multis
645 512 792 553 sauciis
833 513 994 563 nostris,
1040 513 1233 554 incolumi
1275 513 1466 563 exercitu,
1511 512 1718 566 negotium
1768 511 2024 552 confecimus.

231 594 245 618 5
268 584 407 624 Hilara
440 599 532 625 sane
567 584 806 635 Saturnalia,
842 585 1041 626 militibus
1076 600 1246 640 quoque,
1282 585 1428 639 quibus
1464 585 1658 638 reliquam
1704 583 1892 639 praedam
1934 598 2025 623 con-

267 657 456 697 cessimus
468 675 477 707 3
513 657 712 712 mancipia
746 657 950 702 venibant.

1010 657 1289 698 Saturnalibus
1321 658 1450 698 tertiis
1485 672 1606 711 quum
1646 657 1745 697 haec
1789 654 2024 705 scribebam,

266 730 307 770 in
340 729 533 770 tribunali
566 745 627 770 res
660 734 744 770 erat
777 729 827 770 ad
861 730 945 771 HS.
984 737 1076 770 effi.
1122 731 1230 771 Hinc
1263 730 1478 771 exercitum
1513 730 1556 770 in
1589 729 1756 769 hiberna
1800 728 1883 782 agri
1926 727 2026 768 male

266 802 397 856 pacati
430 801 710 842 deducendum
744 802 897 853 Quinto
931 802 1044 843 fratri
1076 802 1245 853 dabam3
1280 802 1365 856 ipse
1397 817 1459 842 me
1494 801 1733 842 Laodiceam
1766 799 2024 854 recipiebam.

267 876 308 914 6.
344 874 455 914 Haec
490 874 635 915 adhuc.
671 875 747 916 Sed
782 875 832 915 ad
865 876 1083 930 praeterita
1115 880 1373 916 revertamur.

1445 874 1565 926 Quod
1612 889 1674 914 me
1720 873 1891 914 maxime
1937 872 2027 913 hor-

210 963 243 988 lo
266 947 363 987 taris
396 951 436 987 et
469 948 576 1001 quod
608 948 734 1003 pluris
769 953 829 989 est
862 964 981 1003 quam
1014 949 1162 998 omnia,
1195 949 1238 989 in
1273 963 1351 1002 11110
1384 947 1554 997 laboras,
1600 951 1647 987 ut
1679 946 1799 987 etiam
1832 945 2027 999 Ligurino

265 1016 424 1077 μώμῳ
466 1019 776 1070 satisfaciamus,
820 1021 978 1071 moriar,
1024 1021 1057 1061 si
1090 1020 1310 1075 quidquam
1352 1020 1436 1060 fieri
1477 1024 1607 1074 potest
1649 1018 1885 1073 elegantius.
1940 1018 2028 1058 Nec

266 1091 345 1130 iam
379 1106 451 1145 ego
485 1091 588 1132 hanc
623 1093 912 1133 continentiam
947 1093 1117 1148 appello,
1152 1107 1252 1147 quae
1286 1092 1412 1133 virtus
1457 1091 1653 1145 voluptati
1696 1091 1876 1131 resistere
1921 1089 2029 1130 vide-

265 1167 344 1203 tur.
381 1164 468 1218 Ego
502 1165 544 1205 111
579 1165 662 1206 vita
694 1180 783 1206 mea
816 1166 927 1207 nulla
959 1182 1138 1220 unquam
1172 1165 1377 1220 voluptate
1411 1169 1524 1206 tauta
1558 1179 1644 1205 sum
1679 1164 1857 1214 affectus,
1883 1166 2033 1217 quanta

266 1237 414 1277 afficior
447 1237 521 1278 hac
554 1238 801 1292 integritate.

857 1240 945 1280 Nec
979 1255 1040 1280 me
1074 1244 1156 1280 tam
1190 1238 1308 1288 fama,
1344 1253 1443 1292 quae
1493 1252 1647 1278 summa
1691 1241 1765 1286 est,
1812 1251 1931 1290 quam
1972 1250 2034 1275 res

214 1308 351 1363 15111511
384 1308 570 1350 deiectat.
616 1310 725 1362 Quid
760 1312 944 1364 quaeris?
979 1312 1075 1352 Fuit
1106 1311 1233 1361 tanti;
1268 1325 1330 1351 me
1371 1311 1456 1366 ipse
1496 1325 1578 1350 non
1622 1324 1774 1359 noram,
1818 1323 1893 1349 nec
1937 1307 2034 1349 satis

308 1463 325 1491 5
349 1461 546 1492 scamnalia.
571 1461 727 1493 Militibus
749 1474 876 1505 qnoque,
900 1464 984 1505 equis
1006 1465 1154 1504 exeeptis,
1178 1463 1327 1505 reliquam
1346 1463 1498 1504 praedam
1523 1462 1736 1493 concessimus.
1762 1460 1927 1501 illancipz'a
1949 1459 2032 1490 veni-

266 1513 340 1543 bant
363 1514 590 1545 Saturnalibus
612 1515 726 1547 tertiis,

269 1653 409 1684 Omnium
438 1653 584 1684 memoria
614 1658 741 1694 praeter
768 1654 830 1684 1100
868 1654 940 1685 1000
973 1665 1040 1685 non
1079 1655 1127 1685 111-

266 1708 408 1738 venitur.

309 1761 430 1791 Hilara
467 1771 545 1792 sane
585 1761 781 1799 Saturnalia,
824 1761 973 1791 militibus
1001 1772 1126 1803 quoque,

267 1814 374 1854 quibus
397 1815 547 1855 relizflcam
571 1815 726 1854 praedam
761 1815 984 1850 concessimus;
1014 1814 1127 1845 manci-

267 1866 321 1905 pia,
345 1866 502 1897 venibant.
541 1866 595 1897 Sic
618 1867 693 1898 dedi
716 1877 759 1898 ex
781 1867 970 1898 acutissima
992 1867 1128 1898 KVesen-

272 1919 377 1958 bei-gii
405 1920 615 1957 correctione,
651 1921 789 1951 Emend.
820 1931 851 1961 p.
886 1920 924 1952 37
963 1921 1127 1961 praeclare

270 1973 407 2002 munita.
442 1972 588 2011 Vulgata
612 1972 777 2003 distinctio
807 1972 925 2003 vitiosa
954 1978 1002 2003 051
1012 1986 1018 2009 ;
1050 1982 1128 2003 nam

270 2025 326 2064 qui
347 2024 426 2054 dicit
449 2034 482 2055 se
505 2024 656 2054 militibus
677 2034 793 2065 quoque
812 2025 966 2065 praedam
999 2035 1127 2056 conces-

271 2078 359 2115 sisse,
382 2078 455 2108 aliis
478 2087 608 2118 quoque
630 2078 826 2109 concesserit
857 2083 995 2118 oportet.
1032 2079 1128 2116 Tum,

271 2132 359 2172 quod
385 2132 488 2171 vulgo
519 2132 640 2162 editur:
671 2132 757 2172 equis
794 2131 940 2172 exceplis,
978 2131 1127 2173 reliquam

264 2183 417 2224 praedam
441 2184 653 2222 concessimus,
684 2184 717 2214 in
748 2194 786 2215 eo
812 2185 949 2217 miratur
977 2185 1129 2215 Eleuthe-

271 2238 418 2269 rocilices
441 2238 475 2268 in
498 2238 658 2268 altissimo
680 2238 753 2268 loco
786 2247 887 2278 equos
916 2238 1069 2268 habuisse
1099 2242 1130 2268 01

273 2292 416 2322 0510111111
452 2292 653 2328 Ciceronem,
689 2292 745 2331 qui
787 2291 938 2322 subiiciat
967 2292 1129 2332 mancipia

274 2346 413 2382 venisse,
443 2346 550 2376 dicere
579 2355 645 2375 non
677 2355 769 2385 posse
799 2349 926 2385 praeter
958 2354 1056 2385 equos
1084 2355 1130 2376 re-

275 2399 400 2439 liquam
416 2400 569 2439 praedam
586 2399 746 2429 militibus
763 2400 873 2429 datam
885 2398 997 2430 fuisse.
1020 2399 1130 2436 Quare

276 2462 378 2493 quum
390 2453 559 2483 Mediceus
572 2452 655 2482 nihil
669 2452 787 2483 habeat
799 2453 862 2482 nisi
874 2453 954 2483 haec
965 2453 1065 2483 verba
1075 2466 1081 2482 z
1090 2471 1131 2474 —

276 2517 392 2547 quoque
415 2516 431 2536 c
452 2506 559 2546 quibus
581 2505 740 2546 reliquam„
766 2507 824 2536 illa
846 2506 933 2547 equis
956 2506 1091 2547 excepfis
1114 2516 1130 2537 0

277 2561 362 2590 male
386 2560 559 2590 intellectis
582 2561 783 2600 compendiis
807 2565 886 2597 orta,
912 2561 1059 2600 adeoque
1084 2570 1131 2591 re-

277 2613 417 2643 iieienda
451 2612 611 2642 videntur.
655 2612 757 2648 Idem,
787 2622 852 2652 quo
882 2613 1035 2653 probaret
1070 2613 1131 2644 adi.

277 2666 374 2695 celeri
396 2670 428 2696 et
449 2665 587 2706 reliquus
611 2665 655 2695 sic
678 2665 765 2705 poni,
796 2671 832 2696 111
861 2666 904 2702 111,
932 2666 1018 2706 quod
1048 2667 1132 2697 exci-

277 2718 392 2758 piatur,
416 2728 482 2748 non
504 2717 685 2757 praecedat,
707 2718 763 2747 sed
794 2722 956 2757 sequatur,
987 2718 1132 2750 laudavit

277 2772 317 2801 ad
339 2771 431 2801 Fam.
454 2771 535 2800 VII.
561 2771 608 2806 18,
633 2771 648 2799 1
672 2780 718 2810 511.
742 2770 834 2800 Lael.
857 2770 875 2800 6
898 2781 945 2810 sq.

319 2825 358 2855 In
388 2824 549 2854 tribunali.
587 2824 642 2855 Sic
672 2829 805 2854 vocatur
835 2825 925 2855 locus
955 2825 989 2855 in
1019 2825 1132 2856 castris

277 2880 402 2916 elatior,
425 2880 618 2919 plerumque
641 2888 657 2909 e
690 2878 867 2918 cespitibus
897 2884 1071 2919 congestus
1101 2884 1132 2910 et

277 2936 352 2965 duci
374 2935 565 2965 destinatus.
595 2934 672 2964 Vid.
701 2934 834 2974 Lipsius
864 2935 903 2964 ad
933 2935 1011 2965 Tac.
1040 2935 1132 2965 Ann.

280 2988 304 3018 1.
328 2988 377 3017 18.
413 2987 530 3017 Fiebat
551 2991 628 3016 111110
651 2996 689 3016 00
712 2986 784 3016 1000
819 2987 925 3017 auctio
954 2987 1131 3027 mancipio-

279 3050 361 3075 rum,
392 3040 478 3069 unde
510 3039 701 3079 Imperatori
734 3039 957 3076 nuntiabatur,
987 3049 1052 3080 (1110
1081 3049 1132 3070 res

280 3093 487 3133 pervenisset,
511 3093 579 3123 sive
601 3099 760 3132 quantum
784 3092 940 3132 pecuniae
964 3093 1131 3123 redactum

280 3154 361 3176 essct
385 3156 425 3175 ex
450 3145 609 3174 0110110110.

1216 1654 1334 1684 Dabam
1366 1672 1407 1676 ——
1434 1652 1614 1693 recipiebam
1644 1662 1677 1682 o:
1715 1653 1792 1682 dare
1821 1669 1864 1674 —-
1891 1650 2034 1690 recipere

1175 1708 1379 1747 cogitabam;
1404 1716 1502 1747 quem
1525 1717 1621 1737 usum
1643 1704 1823 1746 imperfecti
1845 1704 1910 1734 iam
1939 1712 2034 1743 saepe

1174 1759 1434 1790 observavimus.

1217 1812 1234 1851 ξ
1260 1812 1288 1841 6.
1326 1811 1415 1850 Quod
1428 1811 1534 1851 pluris
1557 1812 1602 1840 est
1631 1820 1720 1851 quam
1749 1808 1851 1839 omnia
1881 1818 1914 1838 o:
1947 1808 2035 1848 quod

1174 1863 1320 1893 maxime
1343 1872 1396 1893 me
1418 1867 1538 1893 movet.
1571 1862 1638 1893 Sed
1660 1861 1826 1902 genitivus
1848 1860 1945 1901 pretii
1967 1869 2033 1890 non

1173 1915 1296 1955 placet;
1320 1924 1378 1955 pro
1402 1924 1440 1945 eo
1456 1915 1532 1954 plus
1554 1915 1765 1945 scribendum
1787 1913 1928 1944 videtur.
1962 1912 2032 1942 Nec

1174 1979 1322 2009 repugno
1345 1968 1502 1999 Schutzio
1525 1969 1625 1999 verba
1652 1978 1743 2008 quam
1775 1967 1879 1997 omnia
1911 1967 2035 2007 glossa-

1175 2021 1237 2052 tori
1268 2020 1435 2051 tribuenti.
1479 2020 1514 2051 Si
1543 2021 1615 2060 quis
1645 2029 1683 2050 ea
1712 2028 1841 2050 servare
1873 2018 1977 2055 malit,
2002 2018 2032 2049 ei

1174 2075 1310 2106 fortasse
1333 2075 1504 2105 commoda
1525 2074 1691 2105 videbitur
1714 2074 1761 2104 Io.
1784 2073 1839 2104 Fr.
1871 2071 2031 2104 Gronovii

1174 2129 1372 2165 coniectura,
1395 2139 1463 2159 non
1485 2128 1519 2158 in
1547 2138 1613 2169 quo,
1647 2128 1703 2159 sed
1732 2127 1766 2158 in
1795 2126 1881 2168 queis
1909 2126 2036 2156 laboras

1176 2190 1245 2212 esse
1268 2181 1487 2212 scribendum.

1217 2233 1366 2273 Liqurino
1387 2233 1508 2278 μώμῳ.
1534 2234 1608 2264 Ηο0
1631 2233 1765 2264 nomine
1788 2231 1846 2262 alii
1868 2231 1916 2261 M.
1940 2230 2035 2262 Cato-

1176 2300 1262 2327 nem,
1279 2291 1335 2321 alii
1353 2290 1629 2329 Q.Hortensium‚
1645 2289 1831 2320 Gronovius
1849 2288 1887 2319 P.
1899 2287 2033 2318 Aelium

1176 2346 1344 2385 Ligurem,
1368 2357 1465 2387 quem
1497 2346 1668 2377 inimicum
1697 2355 1793 2376 suum
1825 2344 1940 2375 Cicero
1969 2352 2034 2374 sae-

1176 2399 1248 2439 pius
1271 2399 1355 2430 ridet
1384 2410 1415 2439 p.
1445 2399 1529 2430 Sest.
1560 2399 1608 2435 68,
1638 2409 1668 2439 p.
1698 2399 1784 2429 dom.
1815 2398 1866 2434 49,
1896 2398 1936 2427 de
1965 2396 2034 2426 har.

1176 2462 1259 2493 resp.
1283 2455 1310 2489 5,
1334 2453 1499 2493 designari
1523 2457 1650 2493 putant.
1687 2453 1727 2482 In
1758 2461 1792 2482 re
1820 2450 1920 2481 dubia
1950 2449 2033 2480 nihil

1176 2505 1327 2536 decerno.

1220 2558 1351 2595 Moriar,
1380 2558 1409 2588 si
1438 2558 1603 2599 quidquam
1623 2557 1703 2597 fieri
1724 2559 1831 2597 potest
1860 2555 2034 2595 eleyantius

1178 2622 1211 2642 o:
1235 2612 1360 2642 affirmo
1383 2611 1443 2642 tibi
1467 2611 1635 2642 neminem
1660 2611 1693 2641 in
1716 2610 1886 2651 provincia
1916 2619 1949 2640 se
1977 2610 2033 2640 ho-

1177 2667 1302 2697 nestius
1325 2676 1438 2706 gerere
1462 2676 1566 2706 posse.
1590 2665 1776 2705 Eleyaaztius
1789 2665 1905 2705 facere
1919 2666 2032 2696 eadem

1179 2720 1212 2749 vi
1234 2719 1355 2759 legitur
1377 2719 1411 2749 in
1436 2719 1547 2749 Divin.
1572 2719 1605 2749 in
1630 2719 1724 2750 Caec.
1749 2718 1788 2751 57
1812 2725 1844 2750 et
1858 2719 1954 2749 Verr.
1969 2718 2032 2748 111.

1180 2772 1249 2801 140.
1286 2770 1336 2802 Cf.
1367 2781 1497 2812 quoque
1526 2771 1641 2802 Livius
1673 2770 1863 2802 XXXVII.
1893 2771 1921 2807 1,
1951 2778 2032 2810 quos

1178 2824 1266 2854 locos
1289 2824 1446 2854 indicavit
1469 2825 1495 2854 I.
1518 2824 1556 2854 F.
1579 2823 1775 2854 Gronovius.

1219 2878 1284 2908 Nec
1305 2878 1367 2908 iam
1390 2889 1444 2919 eqo
1466 2884 1526 2909 cet.
1559 2888 1592 2908 o:
1624 2879 1744 2918 vulgus
1773 2878 1843 2914 hoc,
1874 2877 1960 2916 quod
1989 2876 2031 2906 sa-

1178 2933 1238 2969 010,
1269 2933 1449 2973 appellaret
1481 2933 1731 2968 continentiam,
1767 2941 1829 2971 ego
1864 2940 1930 2960 11011
1959 2934 2032 2960 utar

1178 2985 1239 3015 hoc
1262 2985 1405 3015 nomine.
1428 2985 1515 3015 Nam
1537 2984 1741 3015 continentia
1763 2992 1829 3013 non
1856 2986 1903 3012 est
1918 2981 2030 3021 volup-

1178 3041 1236 3067 tas.
1261 3037 1325 3067 Sed
1349 3037 1436 3077 qnod
1459 3046 1521 3076 ago
1547 3036 1630 3067 mihi
1651 3045 1780 3067 summa
1801 3039 1850 3065 est
1870 3034 2030 3074 voluptas.

1221 3088 1292 3118 Fuit
1315 3089 1411 3119 tanti.
1446 3089 1583 3119 Doctam
1612 3089 1652 3119 de
1682 3088 1741 3117 hac
1772 3086 1910 3116 formula
1939 3086 2030 3116 Mad-

1180 3143 1259 3182 vig-ii
1283 3143 1534 3183 disputationem
1556 3153 1652 3183 supra
1676 3142 1714 3172 ad
1738 3152 1786 3181 ep.
1810 3143 1838 3178 S,
1855 3142 1873 3171 3
1889 3140 2030 3170 laudavi.
