2117 3533
313 142 398 182 222
709 144 793 184 ΕΡ.
828 142 903 183 AD
935 142 981 182 T.
1015 143 1365 185 POMPONIUM
1396 144 1661 186 ATTICUM.

309 274 359 315 ad
392 290 453 316 ine
486 276 624 328 utique
657 275 920 329 perferantur,
958 290 1208 330 consequere.
1257 278 1365 319 Elud
1397 283 1545 330 tamen,
1591 280 1779 334 quoniam
1811 295 1919 322 nunc
1953 279 2060 332 abes,

307 364 431 402 qiunn
464 348 506 389 id
539 363 619 388 non
653 348 798 402 agitur,
834 347 963 389 aderis
997 353 1130 390 autem
1164 349 1213 390 ad
1246 355 1418 407 tempus,
1464 357 1510 393 ut
1542 352 1642 393 mihi
1685 354 1938 409 rescripsisti,
1982 368 2062 394 me-

305 426 439 461 mento
473 436 608 461 curare
642 436 711 476 per
743 425 782 462 te
816 427 856 462 et
887 437 956 477 per
990 438 1126 464 omnes
1159 428 1329 475 nostros,
1363 425 1407 466 in
1439 426 1578 481 primis
1611 441 1680 481 per
1713 427 1992 477 Hortensium,
2016 431 2063 468 ut

302 509 431 534 annus
464 499 598 534 noster
630 499 789 536 maneat
822 510 894 536 suo
927 500 1048 547 statu,
1083 512 1133 537 ne
1177 497 1275 551 quid
1316 497 1409 539 novi
1454 498 1703 540 decernatur.
1755 500 1845 540 Hoc
1885 498 1961 540 tibi
2005 499 2062 540 ita

264 583 278 607 5
303 565 461 615 mando,
495 571 542 606 ut
584 566 765 608 dubitem
811 583 862 608 an
895 568 1015 608 etiam
1048 572 1087 609 te
1124 584 1273 624 rogem,
1307 575 1354 611 ut
1386 585 1538 626 pugnes
1571 587 1622 612 ne
1665 571 1938 613 intercaletur.
1983 571 2060 613 Sed

299 655 379 680 non
414 639 540 680 audeo
584 639 659 680 tibi
704 641 837 681 onmia
882 656 1001 682 onera
1042 641 1257 697 imponere.
1308 644 1473 684 Annum
1518 645 1680 699 quidem
1725 645 1865 699 utique
1908 649 2059 686 teneto.

300 714 341 753 3.
376 713 514 753 Cicero
547 728 672 763 meus,
713 712 1031 754 modestissimus
1074 719 1114 754 et
1154 714 1415 757 suavissimus
1458 731 1569 771 puer,
1611 716 1688 757 tibi
1733 718 1902 758 salutem
1945 717 2059 759 dicit.

298 784 536 840 Dionysium
567 800 719 839 semper
752 784 951 839 equidem,
998 790 1044 826 ut
1078 786 1168 836 scis,
1205 785 1341 837 dilexi,
1376 787 1445 828 sed
1479 787 1657 842 quotidie
1692 788 1818 843 pluris
1862 789 1979 840 facio,
2020 794 2060 831 et

296 857 520 898 mehercule
553 857 762 912 imprimis,
798 857 904 912 quod
938 862 976 898 te
1011 863 1118 899 amat
1152 873 1225 899 nec
1258 859 1321 900 tui
1354 860 1605 901 mentionem
1637 860 1851 903 intermitti
1886 862 1996 903 sinit.

337 1016 355 1054 ξ
378 1016 407 1045 2.
434 1014 552 1056 Utique.
586 1015 697 1046 Habet
718 1016 877 1055 particula
898 1016 968 1047 vim
998 1016 1150 1048 restricti-

296 1078 381 1106 vam,
413 1074 450 1099 ut
478 1079 545 1099 non
575 1069 716 1100 multum
739 1069 836 1100 distet
865 1079 883 1099 a
906 1071 999 1107 certe,
1028 1070 1151 1100 saltem.

295 1122 432 1162 Saepius
455 1122 508 1153 vel
533 1122 611 1158 sola,
634 1122 687 1152 vel
709 1121 830 1162 quidem
853 1122 980 1153 adiecto
1004 1122 1054 1162 (ut
1070 1133 1151 1153 mox

295 1176 418 1206 Almam
440 1175 560 1216 quidem
583 1175 688 1216 utique
710 1177 825 1206 teneto.
849 1175 898 1207 Cf.
922 1176 965 1206 V.
994 1177 1021 1214 1,
1052 1177 1086 1217 2)
1117 1177 1151 1207 in

294 1231 378 1261 votis
401 1230 604 1261 declarandis
627 1236 815 1270 usurpatur.

339 1283 376 1314 Ut
400 1303 439 1306 —
461 1286 586 1314 maneat
608 1294 663 1314 suo
685 1285 773 1314 statu
800 1298 811 1308 υ
825 1282 995 1315 Omittitur
1017 1284 1060 1315 2'72.
1097 1284 1152 1315 Sic

294 1346 359 1367 esse
395 1337 451 1368 hoc
485 1339 582 1367 stata.
616 1337 690 1367 Liv.
727 1336 846 1367 XXII.
880 1337 920 1367 22
955 1337 1152 1378 iqnoranlem

293 1393 403 1428 mouet,
445 1400 502 1431 quo
538 1392 626 1421 stulu
662 1391 703 1420 sit
740 1400 799 1421 res.
838 1390 974 1421 XXVI.
1018 1392 1057 1422 28
1094 1401 1152 1432 quo

292 1445 379 1473 stata
413 1443 603 1474 Macedonia
640 1445 753 1474 esset.”
789 1443 984 1481 Gronovius,
1019 1444 1077 1484 qui
1112 1445 1153 1475 ad

295 1496 330 1527 ll.
353 1497 468 1529 citatos
491 1497 555 1528 alia
577 1497 693 1535 attulit,
729 1497 820 1529 velut
851 1496 917 1530 Cic.
947 1497 1039 1529 Fam.
1071 1497 1151 1529 XV.

1199 1018 1254 1049 2οι
1286 1020 1320 1049 ut
1349 1019 1528 1051 earistz'mare
1550 1020 1716 1060 possimus,
1746 1031 1804 1062 quo
1833 1023 1921 1052 statu
1951 1021 2059 1054 simus.

1240 1071 1287 1102 Ne
1309 1072 1525 1104 intercaletur.
1558 1072 1662 1113 Saepe
1684 1073 1745 1104 hoc
1768 1074 1921 1112 inculcat,
1944 1080 1980 1106 ut
2009 1084 2059 1115 ep.

1201 1124 1248 1161 13,
1273 1126 1301 1155 3.
1325 1125 1373 1162 21,
1398 1126 1447 1155 14.
1476 1125 1579 1156 Anno
1602 1125 1762 1166 superiori
1785 1126 1885 1157 etiam
1907 1132 1984 1158 vota
2014 1127 2057 1158 fe-

1199 1181 1296 1214 cerat,
1318 1187 1360 1208 ne
1382 1177 1639 1215 intercalaretur,
1662 1183 1698 1209 ut
1720 1189 1820 1219 quam
1842 1179 1987 1220 primum
2009 1180 2056 1211 M.

1200 1229 1345 1260 Marium
1374 1230 1485 1261 videre
1514 1235 1632 1270 posset,
1669 1230 1762 1262 Fam.
1800 1231 1880 1262 VII.
1916 1232 1935 1262 2
1972 1238 2057 1263 extr.

1202 1282 1294 1313 Ante
1326 1293 1450 1314 annum
1488 1283 1577 1314 enim
1607 1283 1676 1321 708,
1707 1294 1771 1325 quo
1801 1285 1906 1316 Iulius
1937 1284 2057 1316 Caesar

1201 1345 1326 1366 annum
1355 1335 1487 1367 civilem
1517 1337 1558 1367 ad
1592 1337 1671 1367 solis
1711 1346 1843 1368 cursum
1878 1338 2055 1376 revocavit,

1201 1388 1417 1419 intercalandi
1440 1389 1523 1419 ratio
1537 1389 1730 1429 pontificum
1747 1390 1882 1421 arbitrio
1897 1391 2056 1431 permissa

1201 1448 1278 1481 erat,
1312 1450 1347 1475 ut
1382 1445 1500 1476 docent
1534 1444 1744 1482 Censorinus,
1774 1455 1801 1476 c.
1834 1445 1874 1476 20
1903 1450 1935 1478 et
1966 1446 2054 1477 Plut.

1201 1496 1294 1529 Caes.
1317 1497 1367 1528 59.
1390 1496 1439 1529 Cf.
1462 1498 1502 1529 de
1524 1497 1630 1537 Legg.
1653 1497 1699 1528 ΙΙ.
1723 1498 1773 1528 29.

922 1604 973 1644 X.
1040 1604 1105 1657 (A.
1147 1603 1192 1644 U.
1230 1604 1272 1644 c.
1310 1603 1427 1657 703.)

356 1719 395 1759 1.
430 1718 488 1759 Ut
520 1717 700 1759 Athenas
735 1733 770 1758 a.
805 1717 845 1758 d.
879 1731 960 1759 v11.
1005 1717 1098 1758 Kal.
1150 1717 1280 1769 Quint
1326 1732 1524 1767 veneram,
1569 1717 1849 1774 exspectabam
1881 1716 1939 1759 ibi
1971 1717 2051 1759 iam

292 1796 478 1846 quartum
514 1791 619 1832 diem
654 1791 946 1846 Pomptinium,
980 1806 1110 1845 neque
1145 1791 1193 1832 de
1226 1791 1311 1832 eius
1346 1789 1522 1831 adventu
1556 1791 1654 1832 certi
1688 1790 1907 1845 quidquam
1931 1790 2051 1832 habe-

290 1865 396 1906 bam.
445 1866 564 1906 Eram
599 1870 732 1906 autem
765 1869 889 1915 totus,
925 1864 1041 1905 crede
1075 1864 1189 1915 mihi,
1223 1869 1358 1905 tecum
1392 1868 1432 1905 et
1465 1879 1707 1918 quamquam
1751 1864 1836 1904 sine
1878 1863 1941 1904 his
1981 1879 2050 1918 per

254 1964 266 1987 5
288 1954 351 1979 me
385 1939 483 1993 ipse,
517 1942 651 1978 tamen
686 1937 815 1978 acrius
849 1937 1028 1991 vestigiis
1061 1937 1144 1977 tuis
1177 1937 1355 1977 monitus
1389 1936 1436 1977 de
1457 1940 1496 1976 te
1524 1935 1763 1990 cogitabam.
1798 1936 1907 1987 Quid
1932 1952 2050 1991 quae-

291 2011 370 2052 ris?
403 2011 498 2051 Non
530 2011 755 2051 mehercule
791 2011 892 2052 alius
924 2010 1032 2051 ullus
1068 2025 1195 2051 sermo
1229 2010 1308 2051 nisi
1343 2010 1391 2051 de
1425 2015 1479 2051 te.
1528 2013 1568 2050 2.
1603 2010 1681 2051 Sed
1714 2015 1759 2050 tu
1804 2009 1955 2064 aliquid
2000 2009 2048 2051 de

290 2100 350 2125 me
383 2085 470 2139 ipso
504 2084 603 2125 scire
638 2084 803 2125 fortasse
837 2084 975 2124 mavis.
1018 2084 1131 2124 Haec
1166 2088 1279 2124 sunt:
1315 2083 1447 2124 adhuc
1482 2087 1666 2137 sumptus
1699 2098 1772 2124 nec
1805 2083 1848 2124 in
1882 2098 1944 2123 me
1979 2087 2049 2124 aut

289 2156 446 2211 publice
492 2162 561 2198 aut
603 2157 790 2212 privatim
833 2172 906 2198 1166
948 2157 991 2197 111
1038 2171 1277 2211 quemquam
1321 2156 1514 2197 comitum
1524 2175 1535 2207 3
1577 2156 1679 2196 nihil
1725 2155 1919 2210 accipitur
1961 2155 2047 2210 lege

289 2231 406 2281 Iulia,
440 2230 542 2271 nihil
576 2229 625 2270 ab
658 2230 836 2285 hospite3
872 2234 1105 2285 persuasum
1138 2234 1198 2270 est
1232 2229 1418 2270 omnibus
1453 2229 1552 2270 meis
1587 2229 1839 2269 serviendum
1873 2244 1957 2269 esse
1990 2228 2045 2269 fa-

289 2318 374 2343 mae
407 2319 532 2344 meae.
565 2303 674 2343 Belle
709 2302 855 2343 adhuc.
906 2303 996 2343 Hoc
1031 2302 1351 2344 animadversum
1385 2302 1630 2343 Graecorum
1673 2301 1791 2342 laude
1836 2306 1875 2342 et
1918 2301 2045 2342 multo

235 2336 268 2362 lo

290 2391 468 2416 sermone
503 2375 738 2416 celebratur.
787 2376 906 2427 Quod
941 2382 1134 2431 superest,
1170 2375 1396 2416 elaboratur
1430 2375 1473 2416 in
1516 2375 1591 2416 hoc
1633 2390 1654 2415 a
1699 2390 1775 2424 me,
1818 2374 1922 2415 sicut
1969 2373 2044 2414 tibi

290 2448 394 2488 sensi
428 2448 595 2502 placere.
631 2449 707 2489 Sed
740 2448 838 2489 haec
871 2453 957 2489 tum
989 2448 1212 2498 laudemus,
1248 2462 1373 2501 quum
1406 2452 1525 2488 erunt
1557 2452 1750 2502 perorata.
1798 2449 1839 2487 3.
1874 2445 2044 2499 Reliqua

290 2524 385 2560 sunt
418 2520 627 2571 eiusmodi,
661 2525 708 2561 ut
740 2536 871 2562 meum
903 2520 1114 2561 consilium
1148 2534 1262 2574 saepe
1296 2519 1598 2574 reprehendam,
1645 2518 1751 2573 quod
1786 2533 1867 2558 non
1910 2517 2043 2572 aliqua

290 2592 442 2633 ratione
477 2608 524 2633 ex
556 2592 632 2634 1106
665 2594 825 2647 negotio
859 2593 1099 2634 emerserim.
1133 2592 1169 2633 O
1202 2607 1283 2633 rem
1316 2591 1479 2632 minime
1524 2595 1657 2646 aptam
1698 2590 1797 2631 meis
1842 2588 2040 2631 moribus!

234 2689 263 2713 15
289 2666 325 2705 ()
360 2664 462 2705 11111(1
495 2680 632 2706 verum
666 2659 797 2723 ἕρδοι
834 2667 936 2716 mg!
986 2666 1125 2707 Dices:
1161 2664 1270 2716 Quid
1304 2663 1462 2705 adhuc?
1505 2663 1698 2705 Nondum
1741 2663 1848 2704 enim
1887 2662 1930 2703 in
1973 2677 2040 2703 ne-

333 2809 350 2845 ξ
376 2808 401 2838 1.
424 2808 498 2838 Sine
520 2807 569 2838 his
592 2818 624 2838 o:
649 2808 796 2848 vestigiis
818 2809 881 2840 tuis
889 2823 896 2846 3
923 2820 989 2840 non
1018 2809 1138 2840 intelli·
1161 2805 1163 2823 ¹
1226 2807 1382 2838 Perorala
1405 2817 1438 2838 a:
1463 2807 1503 2837 ad
1524 2807 1625 2838 finem
1647 2807 1795 2845 adducta,
1818 2806 1976 2837 absoluta.

288 2861 433 2898 gendum
455 2861 494 2891 de
516 2861 668 2898 Athenis,
691 2866 727 2891 ut
749 2861 879 2892 volebat
900 2862 1069 2893 Ernestus.

329 2915 347 2954 ξ
371 2915 400 2945 2.
429 2914 509 2956 Leye
532 2914 630 2945 Iulia.
664 2914 688 2946 C
693 2920 768 2955 aput
790 2916 829 2946 de
852 2922 983 2956 sumptu
1007 2916 1041 2946 in
1069 2925 1139 2956 pro-

260 2995 262 2999 ,
287 2969 437 3000 consules
467 2979 644 3010 eorumque
679 2970 814 3001 comites
849 2970 997 3001 faciendo
1027 2971 1068 3001 ad
1096 2971 1139 3001 le-

288 3031 363 3060 gem
384 3022 504 3052 Iuliam
528 3022 568 3052 de
590 3021 767 3062 provinciis
789 3022 983 3062 pertinuisse
1002 3023 1139 3054 videtur.

288 3074 412 3106 Rursus
435 3081 633 3106 memoratur
655 3075 688 3106 111
711 3075 763 3106 his
786 3085 856 3115 epp.
880 3076 922 3106 V.
940 3076 986 3114 lss,
1003 3078 1033 3107 3.
1048 3077 1096 3113 21,
1111 3078 1138 3113 5,

287 3128 321 3157 111
345 3128 455 3159 l'ison.
479 3130 528 3159 90.

1230 2860 1248 2899 ξ
1272 2860 1301 2889 3.
1324 2855 1419 2903 ἔρδοι
1446 2871 1510 2899 τις,
1543 2870 1584 2891 ex
1616 2859 1849 2900 Aristophanis
1878 2859 1978 2900 Vesp.
2008 2868 2038 2889 v.

1186 2916 1263 2947 1431
1287 2918 1505 2958 supplendum
1528 2915 1568 2951 ἧν
1598 2914 1739 2952 ἕκαστος
1765 2911 1869 2950 εἰδείη
1900 2912 2038 2960 τέχνην,

1183 2975 1270 3014 quod
1292 2972 1493 3005 Graecorum
1515 2972 1724 3014 proverbium
1747 2972 1861 3003 Cicero
1883 2972 1981 3002 Tusc.
2009 2970 2037 3001 Ι.

1184 3026 1223 3056 41
1248 3026 1497 3067 interpretatur:
1535 3025 1632 3066 Quam
1661 3024 1787 3065 quisque
1815 3024 1898 3055 norit
1928 3025 2036 3060 artem,

1187 3079 1218 3109 ia
1241 3080 1301 3109 lucc
1322 3089 1354 3110 se
1377 3080 1532 3110 emereeat.
1554 3079 1671 3108 Horat.
1694 3078 1754 3117 Ep.
1778 3077 1804 3107 I.
1823 3077 1922 3113 14,44
1939 3075 2035 3116 Quam

1190 3132 1249 3162 scit
1270 3134 1408 3173 alesque,
1430 3131 1529 3163 libeas
1550 3130 1676 3162 censebo
1698 3131 1843 3162 e.1·e2·ceat
1864 3130 1973 3161 artem.
