2117 3533
676 180 784 223 LIB.
818 181 870 223 V.
903 181 989 223 ΕΡ.
1025 182 1096 223 12.
1133 182 1204 222 13.

647 366 775 408 XIII.

1729 182 1815 220 229

842 367 907 420 (A.
949 366 994 407 U.
1032 368 1074 408 C.
1111 366 1229 420 703.)

122 484 162 523 1.
195 480 401 536 Ephesum
434 480 616 522 venimus
650 496 686 522 a.
721 480 761 521 d.
802 494 865 523 XI.
900 481 994 522 Kal.
1029 482 1139 523 Sext.
1165 480 1411 535 sexagesimo
1434 485 1474 522 et
1497 478 1820 535 quingentesimo

58 559 148 612 post
178 569 354 610 pugnam
388 554 653 595 Bovillanam.
700 554 993 609 Navigavimus
1027 554 1112 595 sine
1144 553 1287 594 timore
1329 558 1369 594 et
1413 552 1497 593 sine
1542 568 1705 604 nausea,
1752 553 1821 594 sed

58 628 211 671 tardius
244 631 404 683 propter
437 627 716 682 aphractorum
751 626 1002 667 Rhodiorum
1035 625 1367 667 imbecillitatem.
1402 625 1462 665 De
1496 640 1694 666 concursu
1715 625 1821 680 lega-

58 701 228 752 tionum,
261 700 507 756 privatorum
550 703 590 741 et
631 699 678 741 de
720 699 949 740 incredibili
982 698 1258 750 multitudine,
1294 713 1395 752 quae
1428 697 1529 739 mihi
1574 698 1653 738 iam
1697 698 1820 749 Sami,
1861 715 1876 739 5

58 774 127 816 sed
159 772 382 815 mirabilem
414 774 457 814 in
489 773 654 815 modum
688 773 841 829 Ephesi
874 778 1031 829 praesto
1072 772 1163 824 fuit,
1210 777 1280 813 aut
1321 772 1480 813 audisse
1524 776 1563 812 te
1608 775 1707 826 puto
1754 776 1824 812 aut

64 846 193 902 „quid
226 846 276 888 ad
308 862 371 888 me
404 846 607 888 attinet?’'
640 847 1024 888 Verumtamen....
1059 845 1298 897 Decumani,
1335 845 1449 899 quasi
1490 844 1688 886 venissem
1732 859 1824 885 cum

5 932 8 935 ’
57 920 238 976 imperio,
273 919 418 961 Graeci
452 919 566 973 quasi
599 918 775 974 Ephesio
807 919 982 974 praetori
1015 934 1055 960 se
1089 919 1238 960 alacres
1278 917 1527 959 obtulerunt.
1577 918 1640 959 Ex
1672 933 1751 973 quo
1784 922 1825 959 te

57 992 280 1048 intelligere
315 996 422 1033 certo
457 992 539 1033 scio
572 991 791 1032 multorum
824 1006 1020 1032 annorum
1054 990 1343 1032 ostentationes
1376 1005 1484 1031 meas
1516 1005 1626 1031 nunc
1670 990 1713 1031 in
1766 990 1825 1031 di-

58 1067 230 1108 scrimen
263 1081 349 1108 esse
383 1065 592 1108 adductas.
628 1066 719 1117 Sed,
754 1070 800 1107 ut
833 1080 961 1121 sperO,
994 1070 1155 1107 utemur
1188 1080 1233 1107 ea
1266 1065 1476 1120 palaestra,
1512 1079 1632 1119 quam
1656 1079 1678 1105 a
1700 1068 1738 1105 te
1767 1063 1826 1105 di-

59 1139 245 1191 dicimus,
280 1139 547 1194 omnibusque
582 1139 872 1181 satisfaciemus
904 1143 944 1180 et
977 1154 1023 1179 eo
1059 1138 1240 1189 facilius,
1267 1137 1374 1192 quod
1396 1138 1440 1179 in
1462 1141 1598 1178 nostra
1620 1136 1827 1192 provincia

59 1212 261 1254 confectae
295 1204 391 1254 sunt
422 1213 643 1268 pactiones.
695 1212 771 1254 Sed
807 1212 933 1267 (haec)
968 1211 1180 1263 hactenus,
1215 1211 1447 1268 praesertim
1483 1225 1606 1265 quum
1641 1211 1827 1252 coenanti

62 1285 162 1326 mihi
194 1286 402 1328 nuntiaret
434 1286 593 1327 Cestius
637 1301 677 1327 se
722 1285 771 1327 (18
811 1290 928 1327 nocte
969 1285 1182 1341 proficisci.
1230 1288 1269 1326 2.
1303 1286 1390 1326 Tua
1430 1284 1632 1339 negotiola
1676 1284 1827 1340 Ephesi

102 1459 119 1489 5
142 1459 183 1490 mi
205 1477 245 1482 —-
266 1459 284 1492 7
313 1458 539 1491 Verumtamen.
562 1460 745 1497 Deeumcmi,
770 1470 808 1492 ae
830 1460 858 1491 si
881 1460 1030 1492 venissem
1053 1479 1094 1483 —
1116 1460 1156 1491 12
1182 1459 1252 1492 Sed
1272 1460 1427 1491 haetenus
1449 1477 1489 1482 —
1513 1459 1553 1491 13
1576 1459 1705 1502 neyoticc
1727 1478 1768 1483 —-

102 1631 121 1670 ξ
144 1630 172 1660 1.
202 1628 353 1670 Ephesum
375 1630 513 1661 venimus
536 1642 566 1661 a.
589 1630 620 1662 d.
648 1630 704 1661 XI
730 1630 804 1662 Kal.
833 1630 918 1662 Sext.

61 1685 128 1715 Sed
150 1684 279 1715 Tralles
301 1685 393 1716 venit
416 1694 443 1715 a.
467 1686 497 1716 d.
522 1685 574 1716 VI
595 1686 672 1716 Kal.
703 1685 795 1717 Sext.
826 1686 918 1717 Fam.

60 1737 125 1768 ΙΙΙ,
151 1738 179 1773 3,
204 1737 232 1774 1,
256 1742 429 1778 postquam
451 1738 576 1779 Ephesi
604 1739 750 1770 triduum
779 1749 920 1770 801111110-

61 1795 147 1821 ratus
177 1796 255 1827 erat,
286 1791 364 1822 ibid.
401 1793 417 1822 5
427 1805 435 1828 3
465 1802 532 1822 uno
562 1797 673 1823 autem
702 1793 754 1823 die
790 1793 921 1833 Epheso

58 1843 188 1874 Tralles
210 1849 344 1875 venerat
366 1845 438 1875 Att.
461 1845 503 1876 V.
528 1846 576 1882 14,
601 1846 630 1876 1.
661 1846 769 1886 Igitur
807 1856 921 1877 nume·
944 1843 946 1854 ⁴

59 1907 114 1927 rus
136 1897 331 1937 depravatus
354 1904 412 1929 est.
438 1898 657 1930 Scribendum
679 1910 708 1930 a.
732 1899 763 1930 d.
782 1899 835 1928 IX
846 1899 921 1930 Kal.

61 1950 144 1981 Sext.
167 1969 208 1973 —
229 1949 425 1992 Sexaqesimo
448 1954 478 1982 et
500 1952 745 1993 qiiinyerztesinzo
761 1955 921 1993 postpuss-

61 2016 132 2036 nam
154 2005 365 2044 Bovillanam,
388 2007 423 2038 in
447 2017 511 2048 qua
542 2007 697 2039 Clodium
726 2009 812 2040 Milo
840 2009 921 2039 occi-

60 2059 118 2097 dit,
147 2061 236 2100 quod
264 2060 431 2092 Asconius
461 2070 504 2092 ex
533 2062 612 2092 actis
646 2062 770 2093 factum
807 2062 922 2093 scribit

61 2122 89 2144 a.
111 2113 143 2144 d.
166 2112 258 2144 XIII
279 2113 357 2144 Kal.
372 2113 469 2145 Febr.
486 2115 663 2155 superioris
678 2116 768 2146 anni.
790 2116 847 2146 Ab
858 2115 921 2146 hoc

61 2172 172 2198 autem
194 2167 247 2198 die
269 2176 374 2208 usque
397 2167 438 2197 ad
460 2166 514 2198 XI
534 2168 610 2198 Kal.
642 2167 734 2199 Sext.
767 2169 846 2199 anni
875 2177 921 2199 se-

61 2220 191 2261 quentis
215 2230 259 2252 ex
280 2220 487 2252 Pontederae
503 2222 748 2262 computatione
761 2223 830 2253 dies
845 2228 922 2253 sunt

60 2273 172 2310 DLV;
197 2283 241 2305 ex
263 2283 336 2305 mea
359 2283 438 2306 vero
461 2275 663 2306 correctione
685 2275 740 2306 hic
765 2285 922 2307 numerus

61 2326 190 2357 duobus
212 2326 336 2363 crescit,
361 2332 392 2357 et
413 2327 638 2358 intercalando
661 2327 757 2359 facile
780 2328 821 2358 ad
836 2338 922 2358 sum-

62 2389 151 2410 mam
172 2380 300 2411 dierum
321 2380 499 2411 indicatam
521 2380 619 2412 DLX
641 2381 841 2422 perducitur.

103 2433 167 2463 Aut
189 2432 315 2464 audisse
338 2435 369 2464 te
384 2436 462 2473 puto
486 2436 542 2464 aut
579 2434 679 2476 aquid
704 2434 750 2465 ad
775 2445 821 2465 me
849 2435 922 2465 atti-

62 2486 166 2517 netW'
189 2486 417 2528 Supplendum
447 2487 550 2518 dicere
578 2488 630 2519 vel
661 2488 815 2519 dictem-um
846 2499 922 2520 esse.

63 2539 225 2571 Similiter
254 2540 295 2570 ad
330 2550 363 2571 v.
384 2542 593 2571 verumtamem
623 2541 844 2582 supplendum
874 2548 922 2573 est

63 2592 175 2630 dicam,
201 2593 265 2624 nisi
287 2593 395 2634 potius
418 2603 435 2625 e
458 2594 623 2634 prioribus
653 2595 757 2625 literis
787 2604 922 2635 sequen-

62 2647 103 2678 tis
125 2647 215 2678 vocis
237 2647 401 2678 decumani
421 2649 484 2679 hoc
515 2649 715 2680 eliciendmn
743 2649 795 2680 sit.
834 2649 922 2680 Wie-
944 2652 946 2669 ³

62 2699 179 2730 landus
201 2700 370 2739 eleganter
392 2701 568 2741 expressit:
595 2701 710 2741 Genuq,
734 2710 768 2732 es
790 2712 856 2732 war
877 2710 920 2731 so.

103 2750 277 2782 Decumani
297 2751 388 2792 quasi
410 2752 559 2783 venissem
575 2763 641 2783 eum
655 2753 795 2793 imperio,
810 2753 923 2783 Graeci

62 2810 121 2837 cet.
159 2805 273 2845 Vulgo
295 2806 334 2836 de
357 2804 479 2838 Oliveti
502 2816 584 2837 corr.
600 2807 707 2838 editur
722 2807 761 2837 D.
777 2817 816 2838 ae
829 2806 857 2836 si
876 2817 922 2837 ve-

63 2858 186 2896 nissem,
202 2859 291 2899 quod
310 2859 410 2889 Klotz
425 2859 584 2890 Latinum
598 2869 668 2891 esse
680 2866 790 2900 negat.
803 2860 904 2891 Recte
913 2874 919 2896 3

64 2921 141 2942 nam
162 2921 200 2941 ac
221 2910 250 2940 si
272 2911 312 2941 ab
334 2911 465 2951 optimis
495 2912 706 2952 scriptoribus
736 2922 802 2943 non
832 2912 923 2952 poni-

64 2969 117 2995 tur
145 2964 210 2995 nisi
238 2965 454 3005 praecedente
483 2965 645 2996 adiectivo
674 2971 729 2996 aut
757 2965 921 3002 adverbio,

65 3018 152 3058 quod
174 3017 429 3048 similitudinem
461 3018 515 3049 vel
545 3018 850 3050 dissimilitudinem
879 3018 925 3048 in-

66 3069 162 3106 dicat,
195 3074 226 3101 et
258 3070 469 3102 scribendum
501 3075 584 3101 erat:
615 3081 709 3112 aeque
739 3081 777 3102 ac
809 3070 846 3107 si,
870 3080 925 3110 pe-

66 3121 157 3152 rinde
185 3132 222 3153 ae
250 3122 288 3159 si,
320 3133 381 3153 non
403 3132 491 3154 secus
517 3133 554 3154 ae
575 3122 612 3154 si.
642 3122 716 3155 ICti
738 3128 769 3154 et
792 3122 925 3163 scripto—

65 3183 116 3205 res
138 3174 246 3206 minus
267 3175 394 3216 probati
417 3185 456 3206 ac
477 3175 506 3206 si
528 3176 658 3208 omissis
688 3176 756 3208 illis
792 3176 926 3218 scripse-

968 1636 1056 1661 runt.
1101 1630 1180 1661 Vid.
1211 1630 1321 1661 Hand.
1356 1630 1454 1661 Turs.
1486 1631 1512 1661 1.
1542 1630 1604 1663 472
1633 1636 1666 1662 et
1698 1630 1829 1662 Mahnii

966 1684 1061 1715 Misc.
1084 1684 1194 1715 Latin.
1218 1684 1245 1715 I.
1268 1694 1298 1725 p.
1323 1684 1362 1714 16
1384 1694 1431 1725 sq.
1468 1684 1509 1715 In
1533 1685 1604 1715 cod.
1627 1684 1717 1715 Med.
1761 1689 1826 1715 cst:

1422 1739 1581 1771 venissem.
1626 1739 1704 1770 Non
1733 1740 1826 1770 dubi-

967 1795 1119 1831 tavimus,
1144 1804 1246 1835 quum
1268 1800 1378 1825 tamen
1403 1795 1443 1825 ad
1457 1795 1680 1826 coniecturam
1694 1795 1827 1826 venien-

969 1850 1048 1879 dum
1071 1854 1164 1886 esset,
1187 1858 1246 1889 pro
1269 1858 1307 1878 ae
1329 1849 1357 1879 si
1378 1849 1519 1880 scribere
1533 1848 1633 1890 quasi,
1651 1850 1739 1890 quod
1753 1859 1827 1879 con-

968 1902 1065 1933 cinne
1102 1902 1135 1932 in
1173 1907 1309 1942 utraque
1346 1902 1528 1933 sententiae
1564 1906 1655 1942 parte
1688 1902 1830 1942 ponitur.

968 1956 1063 1986 Idem
1084 1955 1218 1986 volebat
1240 1955 1439 1986 Gronovius.
1475 1954 1650 1986 Decumam'
1671 1960 1831 1987 vocantur

968 2008 1149 2048 publicani,
1166 2008 1224 2049 qui
1240 2008 1343 2039 Asiae
1357 2009 1511 2039 decumas
1525 2008 1764 2038 conduxerant.
1788 2008 1831 2038 Il-

968 2061 1033 2092 lius
1064 2062 1153 2093 enim
1189 2062 1379 2102 provinciae
1418 2061 1594 2102 vectigalia
1630 2061 1778 2092 maxime
1813 2071 1831 2093 8

968 2114 1137 2155 scriptura,
1159 2115 1314 2152 decumis,
1338 2115 1490 2156 portoriis
1505 2114 1691 2146 constitisse
1715 2114 1830 2146 Cicero

968 2168 1036 2209 ipse
1065 2178 1125 2199 nos
1155 2168 1251 2199 docet
1284 2169 1325 2200 de
1354 2169 1432 2209 imp.
1467 2167 1528 2200 Cn.
1560 2168 1687 2209 Pomp„
1719 2168 1767 2199 15.
1798 2179 1828 2209 p.

968 2221 1098 2258 Flacco,
1122 2221 1172 2251 19.

1014 2272 1248 2305 Ostentatz‘ones
1270 2283 1354 2304 meas
1387 2284 1420 2304 o:
1451 2274 1494 2310 id,
1525 2274 1614 2314 quod
1642 2283 1738 2315 saepe
1768 2274 1829 2306 iac·

970 2329 1036 2360 tavi
1064 2329 1144 2359 utile
1175 2338 1243 2360 esse
1277 2338 1319 2359 118
1347 2328 1566 2369 provinciales
1597 2338 1615 2358 a
1643 2328 1829 2369 publicanis

969 2387 1179 2419 vexarentur,
1210 2388 1310 2423 utque
1338 2382 1390 2412 his
1419 2386 1530 2413 tamen
1562 2382 1688 2422 aliquid
1716 2392 1831 2414 conce-

969 2437 1108 2473 deretur,
1132 2446 1174 2467 ne
1197 2436 1300 2467 nimia
1324 2436 1497 2467 severitate
1518 2436 1772 2476 magistratuum
1788 2438 1829 2468 ad

969 2499 1020 2520 res
1043 2499 1144 2520 novas
1167 2488 1384 2520 traherentur.

1011 2542 1182 2574 Pac-tiones
1211 2542 1297 2573 inter
1325 2542 1518 2583 publicanos
1548 2547 1580 2574 et
1610 2543 1831 2583 provinciales

969 2596 1102 2627 fiebant.
1137 2594 1186 2626 Cf.
1212 2605 1261 2635 ep.
1285 2604 1362 2635 seq„
1387 2596 1416 2625 1.
1439 2594 1532 2626 Fam.
1556 2595 1658 2626 XIII.
1683 2596 1732 2633 65,
1757 2597 1773 2626 1
1798 2604 1831 2628 et

968 2650 1090 2690 passim
1113 2649 1147 2679 in
1172 2648 1305 2679 Verrin.
1328 2648 1368 2679 L.
1390 2649 1455 2680 ΠΙ.
1480 2648 1530 2681 Cf.
1545 2650 1768 2688 Burmannus,
1789 2651 1829 2682 de

969 2701 1100 2740 Vectig.
1123 2710 1197 2741 pop.
1220 2700 1314 2731 Rom.
1338 2711 1365 2731 c.
1389 2701 1417 2737 9,
1441 2712 1471 2742 p.
1497 2701 1556 2733 167
1580 2712 1626 2742 sq.
1651 2706 1682 2733 ct
1700 2702 1827 2733 Rudor-

968 2755 1002 2786 fii
1026 2755 1110 2795 disp.
1131 2755 1171 2786 de
1195 2759 1321 2785 testam.
1346 2754 1496 2787 Dasumii
1520 2756 1554 2786 111
1577 2755 1668 2787 Diar.
1697 2756 1828 2796 iurispr.

968 1742 1177 1770 verumtamen
1206 1739 1386 1770 decumanis

944 2801 947 2807 ⁴
969 2808 1045 2838 hist.
1068 2806 1151 2837 XII.
1175 2808 1203 2844 3,
1227 2817 1257 2847 p.
1282 2807 1352 2838 394.

1012 2859 1074 2890 Sed
1094 2860 1172 2889 haee
1202 2860 1364 2890 haetenus.
1405 2859 1573 2898 Quoniam
1602 2861 1721 2892 deinde
1751 2861 1830 2901 legi-

970 2924 1059 2944 mus:
1090 2912 1173 2954 Eryo
1201 2913 1279 2943 haee
1306 2923 1422 2954 quoque
1457 2914 1618 2951 hactenus,
1655 2914 1725 2945 sine
1761 2915 1831 2945 ulla

970 2968 1175 2999 dubitatione
1197 2968 1397 2998 affirmamus
1420 2968 1598 2999 Ernestum
1638 2968 1720 2999 bene
1750 2968 1831 3000 iudi-

971 3030 1059 3052 casse
1082 3030 1111 3050 ν.
1135 3020 1214 3050 haee
1237 3030 1254 3050 a
1277 3020 1420 3051 librariis
1443 3030 1513 3051 esse
1536 3021 1705 3052 omissum.

1014 3075 1031 3113 ξ
1055 3075 1082 3104 2.
1106 3072 1275 3112 Νεροίίοίιι
1299 3073 1413 3114 scripsi
1436 3083 1453 3104 e
1476 3084 1581 3114 marg.
1605 3073 1702 3112 Crat„
1725 3085 1830 3116 quum

972 3128 1087 3158 eodem
1121 3127 1255 3157 duceret
1284 3126 1445 3166 scriptura
1473 3126 1562 3157 Med.
1592 3126 1716 3168 neyotio
1744 3129 1831 3169 apud

971 3179 1086 3212 Hofm.
1107 3179 1166 3211 der
1187 3179 1275 3210 Krit.
1298 3178 1448 3220 Apparat
1470 3189 1501 3220 p.
1524 3179 1575 3210 46.

1846 1076 1882 1102 10
