2117 3533
754 165 861 206 LIB.
896 166 954 206 ΙΙ.
990 166 1073 207 ΕΡ.
1111 169 1181 206 24.

1761 168 1845 207 1255

90 314 130 339 se
164 298 313 339 diceret
344 297 638 348 indicaturum,
671 296 792 351 idque
826 298 976 338 factum
1021 303 1138 349 esset,
1182 298 1262 339 nisi
1305 298 1500 340 Curiones
1544 314 1625 340 rem
1672 305 1763 340 ante
1797 299 1845 340 ad

89 370 324 424 Pompeium
358 369 609 410 detulissent.
643 370 746 410 Tum
780 375 941 410 senatus
976 370 1204 411 consultum
1237 370 1280 410 in
1314 371 1499 411 contione
1530 372 1743 412 recitatum
1772 376 1847 412 est.

88 442 251 482 Postero
285 446 419 482 autem
453 441 516 482 die
550 441 708 491 Caesar,
742 442 790 492 is,
825 442 895 496 qui
928 442 1037 493 oh'm,
1071 446 1228 497 praetor
1261 458 1385 498 quum
1419 448 1536 494 esset,
1571 444 1622 495 Q.
1657 444 1848 485 Catulum

88 529 137 554 ex
167 513 352 555 inferiore
385 515 472 555 1000
504 514 675 555 iusserat
707 514 852 565 dicere,
888 515 1073 556 Vettium
1105 515 1149 556 in
1182 515 1326 556 Rostra
1358 515 1564 570 produxit,
1600 532 1772 572 eumque
1804 517 1848 557 in

87 602 132 627 eo
164 587 251 627 loco
285 586 509 637 constituit,
544 601 623 641 quo
656 587 804 628 Bibulo
838 588 993 629 consuli
1026 588 1200 643 aspirare
1242 603 1323 629 non
1367 588 1519 629 liceret.
1575 590 1656 630 Hic
1699 591 1846 637 omnia,

85 658 152 699 1110
187 674 286 713 quae
319 659 460 708 voluit,
496 659 543 700 de
577 675 618 700 re
651 659 813 714 publica
847 661 972 712 dixit5
1008 665 1049 702 et
1081 661 1151 715 qui
1183 661 1280 702 111110
1314 661 1444 702 factus
1466 661 1759 717 institutusque
1783 678 1848 707 xce-

85 731 223 781 nisset,
258 731 433 786 primum
465 732 707 787 Caepionem
740 733 789 774 de
823 734 1001 775 oratione
1035 749 1107 774 sua
1141 734 1320 785 sustulit,
1355 749 1475 788 quem
1507 734 1551 774 in
1575 739 1718 775 senatu
1741 750 1849 776 acer-

85 803 183 844 rime
215 803 455 855 nominarat,
490 809 536 845 ut
569 811 776 859 appareret
807 811 967 847 noctem
1000 811 1040 847 et
1083 812 1323 848 nocturnam
1365 807 1686 862 deprecationem
1725 808 1848 848 inter-

86 875 273 926 cessisse3
310 874 468 927 deinde,
504 892 602 930 quos
635 877 678 917 in
712 882 855 918 senatu
886 894 936 919 ne
969 879 1206 920 tenuissima
1240 879 1402 933 quidem
1437 880 1663 934 suspicione
1706 880 1848 934 attige-

85 952 160 998 rat,
195 963 262 988 eos
294 948 539 990 nominavit:
575 949 806 1001 LucuHum,
841 965 863 991 a
897 966 976 1005 quo
1010 951 1172 992 solitum
1206 966 1290 992 esse
1325 951 1375 992 ad
1420 967 1460 993 se
1501 952 1609 993 mitti
1654 952 1700 993 C.
1745 953 1848 994 Fan-

84 1021 211 1071 nium,
246 1021 375 1071 11111111,
410 1021 480 1076 qui
512 1022 555 1063 in
588 1023 636 1063 P.
661 1023 847 1064 Clodium
871 1023 1160 1080 subscripserat
1172 1042 1184 1076 3
1208 1024 1257 1066 L.
1281 1025 1521 1076 Domitium,
1546 1025 1662 1066 cuius
1686 1024 1849 1066 domum

86 1094 347 1134 constitutam
379 1094 516 1145 fuisse,
551 1095 658 1137 unde
692 1097 849 1152 eruptio
883 1098 1015 1138 fieret:
1050 1113 1113 1138 me
1146 1113 1229 1139 non
1261 1098 1500 1148 nominavit,
1536 1097 1605 1138 sed
1629 1097 1734 1138 dixit
1757 1113 1850 1139 con-

85 1166 255 1207 sularem
289 1167 495 1219 disertum,
530 1169 708 1210 vicinum
743 1171 931 1221 consulis,
956 1170 1034 1211 sibi
1056 1170 1218 1221 dixisse,
1242 1171 1415 1212 Ahalam
1439 1170 1651 1211 Servilium
1676 1171 1849 1225 aliquem

86 1243 156 1279 aut
189 1239 361 1280 Brutum
394 1256 493 1296 opus
533 1258 616 1283 esse
657 1243 835 1298 reperiri.
890 1243 1063 1284 Addidit
1106 1243 1156 1284 ad
1199 1248 1436 1294 extremum,
1482 1258 1621 1298 quum,
1665 1243 1745 1284 iam
1791 1243 1850 1284 di-

85 1312 205 1352 missa
238 1314 439 1365 contione,
473 1320 681 1356 revocatus
715 1331 737 1356 a
770 1316 936 1357 Vatinio
970 1316 1125 1366 fuisset,
1161 1332 1201 1357 se
1235 1316 1394 1358 audisse
1428 1332 1450 1357 a
1484 1316 1658 1357 Curione
1692 1316 1756 1357 his
1801 1315 1848 1355 de
1889 1327 1903 1350 5

85 1383 203 1425 rebus
238 1387 442 1426 conscium
476 1402 559 1427 esse
587 1387 789 1438 Pisonem,
813 1403 1004 1442 generum
1028 1403 1176 1439 meum,
1200 1393 1242 1430 et
1263 1389 1323 1430 M.
1347 1389 1620 1430 Laterensem.
1657 1390 1698 1428 4.
1723 1388 1848 1428 Nunc

84 1470 175 1496 reus
209 1462 293 1497 erat
325 1457 432 1512 apud
467 1458 653 1499 Crassum
688 1459 866 1500 Divitem
899 1460 1062 1501 Vettius
1096 1460 1145 1501 de
1178 1461 1232 1511 vi,
1267 1465 1320 1511 et,
1345 1476 1471 1515 quum
1493 1466 1597 1502 esset
1620 1460 1849 1510 damnatus,

83 1532 167 1568 erat
198 1528 394 1570 indicium
427 1531 725 1585 postulaturus;
761 1532 868 1586 quod
903 1533 936 1573 si
968 1533 1234 1588 impetrasset,
1268 1533 1421 1574 iudicia
1465 1533 1548 1574 fore
1589 1533 1846 1574 videbantur.

128 1680 142 1709 1
167 1679 258 1721 idque
278 1680 327 1710 aa
348 1682 450 1711 {cetam
474 1681 554 1711 esset
577 1698 618 1702 -—
641 1682 656 1709 5
681 1679 746 1709 Hie
768 1679 825 1710 ille
847 1680 959 1714 omnia,
985 1690 1064 1719 qaae
1086 1680 1185 1710 voluit
1208 1699 1249 1702 —-

988 1816 1043 1853 tio,
1078 1816 1170 1848 Fam.
1194 1817 1237 1848 V.
1261 1818 1288 1853 6,
1313 1817 1343 1854 2,
1375 1817 1496 1848 Caesar
1524 1818 1557 1848 in
1588 1828 1715 1848 summa
1750 1818 1849 1849 Sacra

987 1869 1051 1900 via.
1075 1869 1164 1900 Suet.
1188 1869 1281 1901 Caes.
1303 1870 1354 1900 46.
1378 1869 1428 1901 Cf.
1448 1870 1475 1900 Ι.
1491 1869 1534 1900 A.
1550 1870 1747 1907 Ambrosch,
1773 1870 1849 1901 Stu-

126 1815 225 1856 quue
237 1815 363 1856 saetam
387 1819 477 1847 esset.
500 1817 617 1847 Deleri
641 1816 686 1846 ifa
711 1821 742 1847 et
765 1816 877 1856 scripsi
901 1816 940 1846 de

83 1868 215 1899 Ernesti
237 1869 422 1909 suspicione
435 1869 571 1909 fizefzmz,
596 1878 697 1908 quum
712 1868 789 1898 libri
800 1869 943 1899 habeant

83 1923 194 1959 actum,
219 1923 305 1962 quod
328 1923 392 1953 alia
414 1922 655 1962 significatione
677 1922 852 1962 praecedit.

124 1974 173 2004 Er
194 1974 348 2015 inferiore
369 1974 448 2004 loco.
484 1974 555 2005 Soli
584 1974 795 2014 magistratus
825 1979 856 2004 et
885 1974 942 2014 qui

83 2038 101 2058 a
122 2028 315 2068 magistratu
343 2028 615 2068 producebantur,
647 2037 663 2058 e
694 2027 808 2058 rostris
841 2028 943 2058 verba

81 2080 186 2111 facere
209 2084 368 2120 poterant,
390 2079 511 2120 privati
541 2089 583 2110 ex
611 2079 766 2110 inferiore
794 2080 867 2110 1000
897 2080 942 2110 di-

82 2135 209 2165 cebant.
249 2134 297 2165 Cf.
327 2134 488 2175 imprimis
518 2134 662 2164 narratio
692 2135 778 2174 apud
807 2134 942 2165 Livium

82 2190 180 2220 VIII.
203 2191 252 2226 33,
277 2190 305 2220 9.
328 2190 378 2220 De
402 2189 513 2221 Catuli
536 2190 595 2220 illa
617 2190 844 2230 disquisitione
875 2190 941 2220 vid.

81 2241 172 2273 Suet.
197 2242 290 2273 Caes.
314 2243 362 2272 15.

121 2295 283 2335 Aspirare.
304 2296 417 2326 Minus
432 2300 480 2326 est
493 2304 592 2335 quam
607 2293 765 2325 accedere.
776 2293 828 2325 Cf.
844 2294 940 2325 Fam.

81 2349 162 2379 VII.
181 2350 229 2386 10,
254 2350 281 2380 1.
304 2350 398 2380 Brut.
422 2351 471 2379 84.
485 2349 581 2380 Verr.
600 2349 643 2379 V.
657 2349 707 2381 97.
723 2349 820 2379 Tusc.
834 2349 878 2379 V.
902 2349 941 2379 12

81 2410 112 2435 et
134 2405 183 2437 27.
207 2406 248 2436 Iu
271 2406 423 2436 omnibus
437 2405 517 2436 iocis
532 2405 696 2436 sententia
711 2410 760 2436 est
778 2405 941 2445 negativa.

121 2457 188 2487 Hic
209 2458 321 2494 omnia,
344 2457 402 2488 ille
424 2468 503 2498 quae
525 2457 633 2488 voluit.
673 2457 728 2488 Sic
751 2457 865 2497 scripsi
898 2466 941 2487 ex

81 2509 197 2542 Orellii
220 2511 413 2551 suspicione,
444 2520 544 2551 quam
572 2511 723 2551 probavit
744 2510 941 2541 &Vesenber-

81 2563 164 2602 gius,
188 2564 326 2594 Emend.
349 2574 379 2603 p.
403 2563 452 2595 67.
475 2564 516 2593 In
539 2563 667 2602 vulgari
691 2563 832 2593 lectione
847 2572 940 2602 pron.

79 2615 137 2646 ille
158 2616 256 2656 plane
278 2616 419 2646 otiosum
442 2621 498 2652 est,
523 2620 553 2646 et
565 2615 663 2645 voluit
684 2616 724 2646 ad
741 2616 847 2656 ipsum
862 2615 941 2645 Vet-

81 2668 163 2698 tium
185 2669 336 2708 pertinet.

122 2720 240 2751 Faetus
262 2721 484 2762 institutusque
507 2731 540 2751 a:
572 2732 591 2751 a
613 2721 751 2752 Caesare
786 2721 940 2752 suborna-

80 2778 143 2804 tus.
165 2773 281 2803 Faetus
304 2778 351 2804 est
373 2774 393 2803 i.
418 2783 448 2813 q.
471 2775 680 2814 comparatas,
704 2773 887 2804 instructus.

127 2826 164 2856 Ut
186 2829 355 2867 appareret
376 2844 418 2848 —
452 2826 677 2857 intercessisse.
708 2827 828 2858 Caesar
850 2828 939 2858 enim

81 2880 210 2910 amabat
239 2879 415 2911 Serviliam
445 2880 542 2910 Bruti
573 2886 723 2910 matrem.
766 2879 816 2910 Cf.
847 2880 938 2911 Suet.

82 2931 173 2963 Caes.
197 2933 246 2962 50.
276 2932 324 2962 Ea
347 2932 464 2968 effecit,
487 2937 523 2962 ut
546 2931 667 2972 Caepio
690 2933 814 2963 Brutus
837 2933 938 2973 suspi-

81 2985 175 3015 cione
198 2985 402 3016 liberaretur.

125 3037 155 3067 C.
179 3037 344 3067 Fanniam.
367 3037 553 3067 Tribunlun
582 3037 687 3077 plebis
720 3037 856 3069 minime
886 3048 939 3078 po-

81 3090 238 3129 pularem.
262 3089 346 3121 Sest.
370 3091 419 3120 53.

131 3142 267 3173 Vicinam
292 3143 430 3174 consulis
462 3143 576 3174 Cicero
599 3144 766 3175 habitabat
789 3145 822 3175 in
848 3144 938 3175 Pala·
959 3180 961 3187 y

987 1922 1063 1953 dien
1086 1923 1155 1953 und
1176 1923 1438 1963 Andeutungen,
1466 1923 1541 1953 fasc.
1566 1924 1594 1953 Ι.
1617 1934 1648 1963 p.
1671 1924 1720 1954 31.

1029 1974 1167 2005 Ahalam
1189 1974 1366 2005 Servilium.
1397 1974 1592 2014 Cognomen
1616 1976 1745 2006 nomini
1772 1986 1848 2006 eum

988 2038 1069 2058 sono
1095 2029 1314 2069 praeponitur,
1344 2033 1382 2059 ut
1411 2028 1445 2058 in
1478 2029 1594 2059 eodem
1621 2029 1684 2059 hoc
1713 2029 1849 2060 homine

988 2080 1062 2111 Mil.
1085 2081 1103 2110 8
1126 2080 1264 2121 aliisque
1287 2080 1368 2111 loeis
1390 2081 1477 2121 apud
1499 2080 1660 2117 Tullium,
1693 2091 1774 2121 quos
1798 2081 1849 2111 in-

987 2135 1109 2166 dicavit
1130 2135 1320 2166 Ellendtius
1343 2136 1383 2166 ad
1407 2134 1497 2166 Orat.
1520 2136 1567 2165 11.
1590 2146 1619 2175 p.
1644 2136 1715 2172 290,
1739 2146 1786 2176 sq.

1029 2187 1166 2218 Audisse
1187 2199 1206 2217 a
1232 2188 1377 2219 (wione.
1397 2188 1447 2219 De
1468 2188 1530 2218 hac
1546 2188 1668 2219 rariore
1684 2194 1849 2220 construc-

987 2241 1076 2272 tione
1099 2241 1165 2272 vid.
1187 2242 1299 2272 Madv.
1323 2242 1364 2272 ad
1385 2241 1461 2272 Fin.
1484 2252 1515 2282 p.
1539 2242 1610 2271 865.

1028 2293 1092 2323 His
1120 2293 1159 2323 de
1187 2293 1278 2324 rebus
1308 2294 1472 2324 conscium.
1502 2293 1594 2325 Solet
1625 2293 1768 2324 conscias
1795 2294 1850 2325 vel

987 2347 1130 2377 secundo
1152 2347 1206 2378 vel
1228 2347 1328 2378 tertio
1350 2347 1439 2377 casui
1462 2347 1567 2387 iungi,
1593 2357 1692 2387 quare
1715 2347 1848 2378 Lambi-

987 2410 1049 2430 nus
1072 2409 1217 2439 praepos,
1240 2399 1373 2430 delevit.
1396 2399 1462 2430 Sed
1484 2409 1551 2430 non
1574 2400 1685 2430 minus
1703 2400 1788 2431 bene
1803 2401 1850 2430 sic

987 2453 1115 2490 dicitur,
1138 2463 1237 2493 quam
1259 2454 1344 2493 apud
1366 2452 1434 2484 Sal.
1458 2452 1528 2484 Cat.
1563 2454 1613 2489 35,
1642 2454 1672 2484 2.
1694 2454 1852 2484 eonscien-

987 2505 1033 2535 lia
1056 2505 1095 2535 de
1121 2506 1225 2545 calpa.

1029 2560 1099 2598 §4
1129 2558 1178 2589 De
1209 2569 1248 2590 vz.
1282 2559 1373 2599 Lege
1407 2559 1525 2595 Plotia,
1572 2560 1661 2599 quod
1691 2570 1757 2590 cum
1787 2560 1851 2590 telo

977 2611 1110 2652 fuisset.
1139 2613 1232 2643 Inter
1261 2612 1394 2643 sicarios
1428 2613 1673 2649 accusabantur,
1708 2614 1766 2653 qui
1794 2614 1850 2644 ho·

987 2665 1079 2695 minis
1101 2665 1237 2696 necandi
1272 2675 1369 2696 cau-sa
1402 2676 1479 2697 cum
1508 2666 1575 2697 telo
1602 2666 1705 2697 fuisse
1735 2676 1848 2706 argue-

989 2719 1119 2749 bantur.

1027 2770 1107 2801 Erat
1128 2770 1278 2801 indiez'zmz
1290 2771 1522 2812 postulatura&
1546 2771 1714 2802 Indicium
1733 2777 1780 2802 est
1794 2781 1850 2811 po-

986 2830 1084 2854 testas
1106 2824 1236 2865 publice
1259 2825 1344 2864 apud
1365 2825 1595 2864 magistratum
1619 2824 1786 2854 indicandi
1803 2824 1849 2854 fa-

985 2877 1106 2907 cinoris
1129 2877 1233 2907 socios
1255 2887 1331 2907 cum
1354 2877 1550 2917 impunitate
1574 2882 1604 2907 et
1627 2877 1790 2917 praemiis.
1808 2895 1849 2899 —-

989 2931 1141 2961 Indicium
1156 2931 1324 2971 postulare
1347 2931 1435 2961 idem
1458 2940 1536 2967 esse,
1568 2932 1655 2970 quod
1677 2931 1776 2960 modo
1797 2940 1850 2970 ap-

985 2983 1121 3024 pellavit
1140 2982 1239 3023 fidem
1262 2983 1421 3022 publicam
1448 2983 1615 3022 postulare
1646 2982 1852 3022 intelligitur

986 3046 1028 3067 ex
1051 3036 1157 3066 divin.
1178 3036 1212 3066 in
1237 3036 1331 3067 Caec.
1357 3037 1407 3066 34.

1026 3088 1153 3119 Iudicia
1166 3087 1243 3127 fore
1265 3098 1298 3118 o:
1330 3098 1373 3119 ex
1395 3088 1525 3126 indicio}
1543 3088 1646 3118 Vettii
1681 3088 1777 3118 multi
1814 3088 1848 3118 in

985 3141 1144 3172 iudicium
1168 3141 1383 3171 vocabuntur.

1868 970 1906 996 10
