2117 3533
735 157 843 199 LIB.
878 157 952 199 VI.
987 157 1073 199 ΕΡ.
1110 158 1151 197 3.
1734 159 1818 199 275

59 296 133 342 rat,
167 291 332 333 fortasse
376 297 598 342 succenset,
643 296 714 332 aut
759 292 854 346 quia
897 291 1120 347 praefectus
1164 306 1245 332 non
1289 296 1362 341 est,
1408 291 1515 346 quod
1555 306 1628 346 ego
1669 292 1820 333 nemini

58 363 183 405 tribui
216 366 470 420 negotiatori,
504 381 584 406 non
619 365 665 406 C.
701 365 928 417 Vennonio,
963 380 1050 406 meo
1085 364 1285 415 familia-ri,
1319 379 1401 405 non
1434 370 1518 416 tuo,
1554 365 1614 406 M.
1647 365 1819 416 Laenio;

58 442 98 478 et
130 438 237 492 quod
270 437 345 479 tibi
380 438 529 479 Romae
564 436 815 478 ostenderam
849 453 911 478 me
945 443 1209 489 servaturum,
1253 438 1295 478 in
1341 453 1387 478 eo
1432 438 1692 493 perseveravi.
1743 438 1820 480 Sed

59 510 155 564 quid
188 511 336 566 poterit
370 512 481 566 queri
514 511 562 562 is,
598 510 667 565 qui
702 510 855 551 auferre
889 512 1100 566 pecuniam
1135 527 1258 566 quum
1292 516 1439 565 posset,
1464 511 1620 552 noluit?
1645 511 1819 566 Scaptio,

58 584 128 638 qui
161 585 203 625 in
237 584 489 639 Cappadocia
522 584 613 635 fuit,
648 590 746 639 puto
780 600 864 626 esse
899 585 1162 626 satisfactum.
1198 586 1238 627 Is
1272 601 1294 627 a
1327 601 1388 626 me
1422 584 1673 627 tribunatum
1697 600 1819 639 quum
1864 599 1875 621 3

58 658 288 713 accepisset,
325 673 442 711 quem
475 673 547 712 ego
581 673 629 698 ex
662 658 779 698 Bruti
813 658 940 699 literis
974 659 1010 699 ei
1044 659 1291 709 detulissem,
1326 663 1464 713 postea
1497 659 1657 713 scripsit
1682 657 1732 698 ad
1757 674 1819 699 me

58 747 98 773 50
132 732 193 772 uti
226 731 329 772 nolle
364 746 410 771 eo
443 730 670 772 tribunatu.
718 734 759 772 6.
794 732 946 773 Gavius
980 736 1039 773 est
1072 732 1249 787 quidam,
1285 732 1350 773 cui
1384 747 1508 786 quum
1531 731 1819 786 praefecturam

57 804 288 845 detulissem
323 803 439 844 Bruti
472 808 628 858 rogatu,
663 803 790 845 multa
824 810 863 845 et
896 804 999 846 dixit
1032 810 1071 845 et
1104 804 1199 845 fecit
1232 819 1323 845 cum
1357 803 1529 859 quadam
1562 819 1649 844 mea
1681 808 1819 844 contu-

56 877 186 927 melia,
222 877 269 918 P.
304 876 436 917 Clodii
469 877 593 918 canis.
636 877 676 918 Is
710 892 772 918 me
806 893 879 918 nec
913 877 1228 933 proficiscentem
1263 880 1441 933 Apamea
1482 881 1717 932 prosecutus
1761 885 1820 917 est

56 965 143 1002 nec,
179 966 303 1005 quum
338 955 475 1005 postea
508 950 551 991 111
586 956 714 992 castra
748 951 923 992 venisset
957 956 1075 1005 atque
1108 951 1202 992 inde
1237 951 1473 1002 discederet,
1508 950 1706 1005 numquid
1740 950 1819 991 vel-
1845 965 1877 991 10

54 1023 131 1064 lem
165 1023 334 1078 rogavit,
368 1028 408 1063 et
441 1023 518 1064 fuit
551 1028 684 1078 aperte
718 1023 818 1064 mihi
852 1024 985 1065 nescio
1020 1040 1141 1079 quare
1182 1039 1263 1065 non
1305 1025 1472 1066 amicus.
1522 1024 1646 1065 Hunc
1679 1039 1752 1079 ego
1786 1024 1819 1064 si

56 1096 99 1136 in
133 1096 342 1151 praefectis
375 1095 619 1148 habuissem,
667 1113 785 1151 quem
817 1103 863 1138 tu
907 1113 969 1138 me
1013 1098 1216 1139 hominem
1257 1099 1447 1153 putare-s?
1496 1098 1592 1150 Qui,
1637 1103 1684 1139 ut
1727 1098 1818 1147 5015,

57 1169 423 1223 potentissimorum
459 1169 667 1211 hominum
702 1171 995 1212 contumaciam
1040 1186 1247 1226 nunquam
1291 1171 1466 1222 tulerim,
1513 1171 1655 1212 ferrem
1699 1170 1820 1212 huius

58 1243 283 1285 asseculae?
317 1245 405 1285 Etsi
439 1244 514 1285 hoc
548 1244 638 1299 plus
672 1248 745 1295 est,
782 1260 898 1298 quam
936 1244 1050 1296 ferre,
1084 1244 1260 1286 tribuere
1294 1245 1415 1286 etiam
1448 1244 1633 1285 beneficii
1667 1244 1819 1299 aliquid

58 1322 97 1356 et
130 1316 306 1359 honoris.
342 1318 382 1358 Is
414 1318 539 1373 igitur
574 1317 739 1369 Gavius,
775 1332 898 1372 quum
933 1320 1133 1373 Apameae
1177 1334 1238 1359 me
1273 1333 1399 1373 nuper
1444 1317 1609 1358 vidisset
1652 1318 1820 1359 Romam
1846 1338 1877 1362 123

1624 1390 1822 1443 ssUnde,”

54 1460 202 1516 inquit,
244 1490 264 1514 ss
275 1478 337 1504 me
370 1463 486 1505 iubes
518 1468 651 1519 petere
686 1462 836 1504 cibaria
869 1464 1117 1519 praefecti?”
1152 1464 1357 1520 Respondi
1390 1464 1520 1505 lenius
1555 1480 1674 1519 quam
1707 1469 1822 1520 puta-

58 1390 323 1443 proficiscens,
367 1407 429 1432 1110
463 1392 519 1432 ita
553 1390 769 1446 appellavit
802 1415 859 1420 —
894 1391 1119 1432 Culleolum
1163 1392 1229 1432 vix
1273 1391 1459 1432 auderem
1495 1409 1573 1431 —-:

56 1533 154 1575 bant
187 1536 425 1591 oportuisse,
461 1537 530 1591 qui
565 1536 744 1588 aderant,
779 1552 841 1578 me
874 1553 956 1578 non
989 1538 1213 1579 instituisse
1246 1538 1297 1579 iis
1331 1538 1424 1579 dare
1459 1537 1622 1590 cibaria,
1653 1554 1822 1593 quorum

652 1608 768 1650 Abiit
810 1609 950 1651 iratus.

55 1681 206 1723 Brutus
239 1683 389 1724 moveri
424 1687 569 1738 potest,
603 1682 742 1724 licebit
775 1698 866 1724 eum
901 1684 1008 1725 solus
1043 1699 1164 1736 ames,
1198 1700 1261 1726 me
1297 1684 1499 1726 aemulum
1531 1699 1613 1726 11011
1642 1683 1824 1726 habebis.
1847 1707 1882 1732 ρο

56 1623 174 1663 opera
207 1624 289 1650 non
322 1624 447 1650 essem
495 1624 606 1650 115115.
1011 1612 1049 1651 7.
1084 1611 1221 1652 Huius
1265 1610 1480 1652 nebulonis
1525 1610 1748 1652 obiratione
1792 1612 1825 1652 si

55 1753 134 1795 Sed
167 1754 282 1796 illum
316 1772 407 1798 eum
442 1757 624 1798 futurum
658 1772 742 1798 esse
776 1762 889 1813 puto,
925 1759 993 1813 qui
1038 1774 1122 1799 esse
1168 1758 1299 1800 debet.
1349 1758 1441 1800 Tibi
1486 1763 1621 1800 tamen
1664 1774 1825 1800 causam

54 1833 190 1870 notam
224 1845 307 1871 esse
341 1832 450 1873 volui
484 1837 524 1873 et
558 1832 607 1873 ad
641 1832 773 1887 ipsum
808 1832 905 1873 haec
940 1833 1152 1888 perscripsi
1186 1833 1508 1888 diligentissime.
1555 1834 1732 1874 Omnino
1767 1858 1824 1863 -—

51 1902 125 1943 soli
158 1903 266 1944 enim
298 1919 435 1945 sumus
471 1929 528 1935 -—
561 1905 692 1947 nullas
724 1913 903 1960 unquam
928 1906 977 1948 ad
999 1922 1061 1948 me
1082 1907 1218 1949 literas
1242 1907 1353 1948 misit
1377 1908 1544 1959 Brutus,
1571 1923 1622 1949 ne
1647 1908 1825 1964 proxime

96 2072 137 2103 10
161 2072 330 2113 Apameam
353 2090 395 2097 —

50 2208 158 2240 scidae
196 2207 319 2250 Speng.
350 2214 383 2240 et
417 2208 556 2249 scriptor
586 2210 658 2241 cod.
687 2209 776 2241 Med.
809 2219 915 2240 unum

52 2261 200 2294 fecerunt
229 2261 372 2293 Manium
407 2262 582 2303 Scaptium,
617 2263 717 2294 huius
752 2268 916 2295 corrector

54 2315 98 2347 M.
121 2315 292 2356 Scaptium.
316 2316 354 2347 P.
377 2317 538 2347 Matinius
562 2321 593 2348 et
615 2317 663 2348 M.
684 2316 834 2358 Scaptius
849 2327 914 2349 me-
935 2349 937 2354 .

51 2374 223 2400 morantur
245 2369 288 2399 V.
309 2369 358 2406 21,
382 2369 422 2399 10
445 2373 476 2400 et
499 2369 563 2400 VI.
587 2370 614 2407 1,
639 2371 668 2400 5.

93 2422 136 2452 Et
165 2422 247 2463 qaod
268 2441 308 2446 ——
330 2422 363 2453 in
391 2433 436 2453 eo.
475 2423 576 2454 Varie
605 2424 686 2454 haec
715 2428 917 2464 temptantur

50 2476 85 2507 in
109 2477 219 2507 adnot.
241 2476 387 2507 Acidalii
410 2477 451 2507 ad
474 2476 565 2508 Vell.
587 2477 660 2509 Pat.
683 2478 730 2508 II.
766 2478 816 2508 19.
850 2478 915 2508 Ac-

51 2529 286 2569 quiescendum
307 2534 388 2570 puto
411 2530 444 2560 in
468 2531 628 2571 scriptura
650 2536 789 2572 recepta.

95 2582 279 2615 Tribunatu.
312 2584 399 2615 Mihi
428 2589 624 2625 suspectum,
654 2590 741 2617 certe
772 2573 937 2617 otiosum¹

52 2641 111 2669 est.

96 2691 114 2731 ξ
139 2692 169 2722 6.
192 2691 227 2722 Ρ.
252 2691 354 2722 Clodii
369 2692 467 2730 oanis,
483 2703 516 2724 o:
535 2692 682 2723 assecula
696 2697 727 2724 et
740 2697 913 2733 perpetuus

52 2754 160 2776 comes
184 2744 222 2776 P.
247 2744 366 2776 Clodii.
402 2744 456 2776 Sic
479 2745 518 2777 L.
542 2746 700 2777 Pisonem
730 2745 913 2777 Clodianam

52 2806 159 2828 canem
182 2797 324 2838 appellat
346 2797 380 2828 in
404 2797 516 2828 Pison.
552 2799 601 2835 23,
633 2803 665 2829 et
694 2798 729 2829 in
760 2799 913 2830 Verrinis

52 2851 181 2891 saepius
206 2861 299 2881 canes
322 2857 418 2882 vocat
440 2861 504 2888 005,
529 2851 587 2892 qui
608 2851 641 2882 in
665 2852 799 2883 cohorte
825 2862 913 2893 prae-

51 2903 136 2934 toria
158 2903 298 2941 fuerant,
322 2908 358 2934 ut
379 2905 406 2934 I.
431 2904 500 2935 126.
522 2905 586 2935 111.
609 2904 659 2935 28.
684 2905 728 2935 V.
752 2905 822 2936 146.

94 2957 342 2998 Prtfioiscentem
363 2958 504 2998 Apamea
532 2958 664 2990 videtur
693 2959 913 2996 scribendum,

52 3021 120 3042 non
142 3012 320 3052 Apameam.
357 3011 481 3044 Gavius
506 3012 595 3044 enim
625 3013 794 3053 Apameae
824 3012 914 3044 Cice-

52 3074 168 3096 ronem
189 3066 282 3103 vidit,
307 3067 364 3098 sed
387 3067 467 3097 abiit
493 3067 603 3103 iratus,
634 3075 744 3106 neque
773 3076 849 3098 eum
878 3067 912 3097 in

56 3124 162 3150 castra
182 3120 444 3160 proficiscentem
466 3125 658 3161 prosecutus
681 3124 738 3152 est.

94 3172 274 3206 Assecalae.
304 3174 355 3205 Ita
377 3174 500 3206 habent
523 3174 641 3215 optimi
664 3173 740 3205 libri
763 3173 795 3204 h.
821 3173 852 3211 l.,
878 3173 911 3205 in
935 3185 936 3190 ¹

959 2203 1042 2235 Sest.
1066 2203 1135 2240 135,
1160 2202 1194 2233 in
1219 2202 1314 2234 Verr.
1345 2202 1412 2234 ΠΙ.
1443 2203 1493 2234 30.
1540 2203 1728 2236 Deteriores
1758 2204 1823 2245 plc-

959 2267 1098 2298 rumque
1120 2256 1275 2287 asseclae.

1003 2310 1174 2341 Culleolum
1196 2309 1250 2340 via·
1271 2310 1428 2341 auderem.
1463 2311 1539 2342 Non
1571 2312 1659 2343 male
1689 2311 1822 2343 Schutz.

960 2365 995 2393 ab
1029 2362 1064 2393 C.
1100 2362 1154 2392 vix
1189 2362 1347 2394 auderem.
1390 2363 1564 2395 Sententia
1599 2365 1753 2405 postulat,
1788 2372 1825 2397 ut

962 2420 1134 2453 Culleolus
1156 2420 1256 2452 fuerit
1284 2421 1385 2452 homo
1416 2422 1556 2460 infimus,
1589 2433 1656 2454 11011
1686 2424 1754 2462 ille,
1783 2425 1824 2454 ad

961 2484 1060 2515 quem
1082 2474 1176 2505 datae
1199 2479 1276 2504 sunt
1299 2484 1348 2515 ep.
1371 2474 1410 2504 41
1429 2479 1460 2506 et
1471 2476 1522 2512 42,
1536 2475 1593 2506 lib.
1608 2475 1712 2507 XIII.
1728 2476 1823 2509 Fam.

1003 2528 1021 2567 ξ
1045 2528 1073 2561 7.
1101 2527 1290 2559 Obiralione.
1313 2524 1411 2567 ἅπαξ
1439 2525 1627 2573 εἰρημένον,
1653 2530 1740 2571 quod
1770 2531 1823 2561 de-

964 2585 1057 2616 betur
1078 2584 1189 2621 Bosio,
1220 2583 1367 2616 defendit
1394 2583 1553 2616 Graevius
1582 2587 1624 2617 ad
1651 2586 1823 2626 analogiae

960 2643 1132 2679 praecepta
1155 2648 1198 2669 ex
1220 2638 1379 2669 oba-asem·
1400 2638 1587 2670 formatum.
1611 2640 1653 2671 In
1671 2640 1823 2671 Mediceo

962 2693 1173 2733 eiusdemque
1196 2692 1340 2724 familiae
1364 2693 1456 2724 libris
1470 2704 1593 2726 nomen
1608 2695 1822 2735 depravatum

961 2752 1009 2780 est
1031 2748 1065 2778 in
1088 2747 1276 2788 operatione,
1301 2758 1366 2789 quo
1389 2749 1597 2780 substantivo
1618 2749 1741 2780 rariore
1770 2749 1822 2781 Ci-

960 2811 1113 2833 ceronem
1134 2802 1167 2832 h.
1191 2801 1212 2832 l.
1236 2802 1284 2832 uti
1307 2812 1374 2833 non
1398 2803 1541 2843 potuisse
1564 2803 1748 2834 Lambinus
1773 2814 1821 2834 os-

961 2855 1076 2886 tendit.
1123 2853 1275 2885 Oratione
1313 2859 1345 2886 et
1373 2855 1578 2894 peroratione
1610 2856 1821 2886 librariorum

960 2908 1179 2940 correctiones
1201 2913 1286 2939 sunt.
1319 2909 1498 2945 Moserum,
1522 2909 1580 2949 qui
1602 2909 1717 2949 Symb.
1741 2909 1826 2940 Crit..
1844 2900 1847 2903 ¹

961 2962 1004 2993 V.
1028 2961 1045 2994 7
1069 2962 1133 2992 leni
1163 2961 1382 3003 obiuryatione
1413 2963 1567 3000 restituit,
1598 2968 1685 2994 recte
1715 2973 1821 3003 reprc-

960 3015 1076 3047 hendit
1096 3015 1240 3046 Jahnius
1262 3015 1297 3046 in
1320 3015 1406 3047 Nov.
1429 3016 1522 3047 Ann.
1546 3016 1634 3047 Phil.
1658 3016 1750 3046 1841.
1783 3016 1821 3047 P.

962 3068 1009 3105 12,
1033 3078 1063 3108 p.
1086 3069 1158 3098 448.

1003 3120 1070 3152 Soli
1092 3121 1171 3152 enim
1196 3131 1311 3152 samm.
1334 3131 1368 3152 o:
1392 3120 1454 3151 hoc
1477 3121 1536 3151 tibi
1556 3121 1589 3151 in
1606 3130 1720 3152 aurem
1735 3122 1817 3158 (1100,

962 3180 1019 3206 aut
1042 3180 1077 3206 ut
1107 3175 1306 3206 recentiores
1337 3174 1534 3215 loquuntur:
1565 3173 1627 3205 sub
1656 3184 1727 3205 rosa
1757 3175 1822 3205 dic-

1551 3228 1637 3269 18÷÷
