2117 3533
193 956 223 981 10

195 1323 228 1348 15

253 154 340 195 234
651 154 735 195 ΕΡ.
770 154 846 195 AD
878 155 924 194 Τ.
959 154 1308 196 POMPONIUM
1340 156 1603 197 ATTICUM.

248 288 385 338 initus,
426 287 618 342 ploratus,
663 290 840 327 monstra
883 286 1079 341 quaedam
1120 302 1201 328 non
1244 287 1418 330 hominis
1459 290 1528 331 sed
1568 289 1673 332 ferae
1714 291 1847 333 nescio
1890 292 2005 334 cuius

248 359 448 401 immanis.
484 357 592 409 Quid
628 358 809 411 quaeris?
841 358 976 399 taedet
1009 359 1172 400 0111111110
1206 374 1272 401 008
1304 361 1420 402 vitae.
1455 363 1497 403 3.
1530 362 1734 405 Levantur
1765 369 1900 405 tamen
1933 365 2005 406 1111-

251 447 357 474 801110
392 431 587 481 civitates,
622 430 729 485 quod
763 431 898 472 nullus
932 432 977 472 fit
1009 436 1193 486 sumptus
1225 432 1267 474 in
1310 449 1382 475 nos
1426 450 1554 489 neque
1598 435 1643 476 in
1682 436 1833 491 legatos
1876 452 2005 491 neque

247 507 291 547 111
326 508 572 558 quaestorem
606 518 737 557 neque
770 504 813 544 in
848 518 1102 558 quemquam.
1138 504 1247 545 Scito
1280 520 1361 547 non
1384 506 1502 547 modo
1524 521 1597 548 1108
1620 507 1780 549 foenum
1805 513 1876 549 aut
1899 508 2005 562 quod

248 578 332 632 lege
368 576 474 618 Iulia
507 575 593 617 dari
627 576 726 617 solet
757 591 839 617 11011
872 576 1065 630 1100111010,
1100 576 1169 617 sed
1202 592 1251 618 ne
1284 578 1395 632 ligna
1429 579 1588 634 quidem
1626 595 1698 621 nec
1730 585 1884 635 praeter
1907 595 2005 636 qua-

247 655 337 692 tuor
371 649 494 690 lectos
527 653 568 690 et
598 653 750 689 tectum
785 662 1026 702 quemquam
1059 648 1253 704 accipere
1271 650 1505 705 quidquam,
1540 652 1677 692 multis
1709 652 1808 693 locis
1840 667 1891 693 ne
1924 657 2004 694 tec-

246 729 332 764 tum
368 721 529 777 quidem
564 725 603 762 et
636 721 678 763 111
713 720 969 762 tabernaculo
1002 735 1160 762 manere
1194 722 1444 778 plerumque.
1478 725 1619 779 Itaque
1652 725 1930 767 incredibilem
1961 726 2004 767 in

1848 798 2005 840 Meher-

247 870 334 910 cule
368 868 487 910 etiam
522 868 697 909 adventu
728 871 864 907 nostro
897 867 1142 908 reviviscunt
1173 869 1344 920 iustitia,
1389 869 1647 922 abstinentia,
1690 871 1900 912 clementia
1943 871 2005 912 tui

247 796 408 838 modum
443 809 660 836 concursus
693 795 795 834 fiunt
829 809 876 834 ex
910 794 1029 848 agriS,
1065 809 1113 835 ex
1145 795 1258 846 vicis,
1293 811 1340 837 ex
1374 796 1559 838 domibus
1593 797 1792 839 omnibus.

247 941 466 983 Ciceronis.
501 940 642 994 Itaque
677 939 884 994 opiniones
918 939 1097 980 omnium
1132 943 1347 996 superavit.
1392 945 1429 984 4.
1463 943 1632 998 Appius,
1668 949 1713 985 ut
1745 943 1901 985 audivit
1932 960 2005 985 1108

248 1015 398 1065 venire,
432 1015 473 1055 iu
507 1012 690 1053 ultimam
723 1012 969 1068 provinciam
1004 1028 1043 1054 80
1078 1013 1250 1055 coniecit
1281 1015 1448 1056 Tarsum
1481 1030 1629 1069 usque,
1663 1016 1721 1058 ibi
1754 1017 1882 1058 forum
1907 1017 2005 1072 agit.

249 1088 309 1128 De
343 1087 492 1127 Partho
527 1084 730 1126 silentium
764 1090 837 1136 est,
873 1084 943 1125 sed
975 1090 1110 1127 tamen
1144 1087 1322 1128 concisos
1367 1088 1521 1142 equites
1564 1093 1720 1130 nostros
1765 1105 1788 1131 a
1827 1089 2006 1131 barbaris

247 1159 491 1202 nuntiabant
523 1159 566 1209 ii,
603 1158 671 1213 qui
704 1157 933 1199 veniebant.
980 1158 1150 1201 Bibulus
1184 1175 1233 1202 ne
1267 1160 1470 1216 cogitabat
1503 1161 1666 1216 quidem
1699 1163 1929 1205 etiamnunc
1962 1163 2005 1205 in

248 1233 492 1290 provinciam
526 1246 639 1273 suam
672 1231 872 1273 accedere.
908 1231 957 1273 Id
991 1237 1125 1274 autem
1150 1233 1277 1275 facere
1301 1233 1352 1275 ob
1375 1250 1462 1276 eam
1485 1250 1646 1276 causam
1670 1235 1873 1288 dicebant,
1897 1236 2004 1291 quod

248 1306 402 1348 tardius
434 1305 554 1347 vellet
586 1304 791 1346 decedere.
825 1305 912 1346 Nos
944 1306 987 1347 in
1025 1311 1153 1349 castra
1185 1306 1508 1363 properabamus,
1543 1323 1642 1364 quae
1677 1308 1842 1352 aberant
1875 1308 2004 1351 bidui.

1150 1480 1188 1501 ezr
1210 1470 1347 1502 domibus
1369 1481 1407 1502 ea·
1429 1472 1575 1503 omnibus.
1599 1471 1697 1503 Unde
1711 1472 1794 1503 mihi
1809 1473 1843 1504 in
1858 1479 2004 1505 mentem

1150 1524 1242 1554 venit
1263 1524 1310 1555 ita
1341 1524 1423 1555 olim
1450 1525 1607 1565 scriptum
1641 1524 1756 1556 fuisse:
1781 1543 1821 1547 —
1842 1535 1882 1555 ea·
1912 1526 2006 1556 domi-

1150 1576 1213 1606 bus.
1244 1576 1411 1607 Horum-Es
1439 1576 1612 1607 mehercule
1640 1585 1705 1607 IAM
1733 1576 1870 1608 adventu
1900 1580 2007 1609 noslro

1149 1629 1349 1660 reviviscunt.
1382 1629 1524 1667 Iustitia,
1547 1630 1749 1668 abstinentia,
1772 1631 1937 1662 clementia
1959 1632 2006 1662 tm'

1151 1680 1308 1712 Ciceronis
1339 1681 1445 1723 ulique
1473 1682 1633 1722 opiniones
1667 1683 1800 1713 onmium
1835 1684 2004 1723 superavil.

247 1470 387 1501 aliarum
410 1479 529 1507 rerum,
554 1478 634 1510 quas
656 1468 767 1510 inopia
790 1470 894 1501 coacti
915 1470 1057 1501 vendere
1071 1476 1103 1501 et
1124 1496 1127 1504 .

246 1523 398 1554 creditori
420 1533 452 1554 o:
476 1523 640 1563 quaestori
663 1532 736 1563 pop.
760 1522 854 1554 Rom.
877 1523 1018 1563 pretium
1043 1523 1103 1553 sol·
1125 1515 1127 1541 2

247 1586 323 1608 vere
345 1577 519 1608 debebant.
555 1576 605 1607 Cf.
628 1576 662 1607 in
686 1576 815 1606 Andoc.
840 1575 896 1608 Or.
918 1577 958 1607 de
986 1581 1103 1617 myste-
1126 1583 1127 1603 1

247 1629 303 1660 riis
325 1640 356 1670 p.
385 1631 423 1659 35
455 1634 486 1660 et
515 1630 554 1659 45
584 1628 696 1660 Reisk.
725 1626 903 1674 πρίασθαι
943 1623 1032 1666 ὠνὰς
1067 1626 1102 1660 ἐκ

247 1682 307 1714 τοῦ
337 1677 520 1726 δημοσίου.

288 1737 431 1768 Monstra
454 1755 494 1760 —-
516 1737 659 1767 immanis
684 1751 696 1762 υ
708 1736 904 1773 vastitatem,
928 1737 1020 1777 quasi
1049 1737 1103 1768 leo

247 1792 475 1823 Marathonius
498 1796 555 1822 aut-
576 1800 652 1832 aper
676 1790 880 1831 Calydonius
896 1790 930 1822 in
947 1800 1001 1822 eas
1016 1801 1102 1831 gras-

245 1850 332 1875 satus
355 1846 471 1876 esseff'
493 1845 519 1876 I.
543 1844 581 1875 F.
603 1843 801 1875 Gronovius.

288 1898 360 1937 §3.
393 1897 443 1927 Ea·
471 1897 608 1927 domibus
637 1896 783 1927 omnibus.
822 1895 1005 1927 Mehercule
1042 1902 1102 1928 cet.

246 1951 357 1982 Verba
379 1951 499 1982 intacta
522 1951 650 1991 reliqui,
673 1960 751 1981 sana
774 1960 841 1980 non
864 1954 952 1990 puto.
983 1949 1103 1991 Displi-

245 2008 295 2034 cet
317 2003 462 2043 primunr
485 2003 588 2040 etiam,
611 2013 669 2043 pro
700 2012 764 2043 quo
793 2002 977 2033 Lambinus
1006 2003 1102 2043 scrip-

245 2057 303 2088 sit:
329 2058 359 2087 et
380 2057 554 2087 mehercule
576 2057 648 2094 iam,
672 2057 706 2087 in
731 2066 797 2097 quo
819 2056 996 2097 acquiescit
1012 2056 1102 2087 Han-

245 2110 319 2140 dius
342 2110 438 2140 Tul-s.
462 2110 527 2140 ΙΙΙ.
550 2120 580 2150 p.
611 2110 665 2146 613
696 2115 765 2140 tum
801 2119 886 2150 nego
916 2110 974 2140 illa
1003 2110 1103 2140 verba-

246 2162 382 2192 adventa
404 2164 510 2192 nostro
532 2168 565 2193 et
587 2162 633 2192 lui
658 2161 815 2193 Ciceronis
838 2162 871 2192 in
894 2172 960 2192 una
975 2167 1102 2193 senten-

247 2215 290 2246 tia
313 2220 398 2246 recte
422 2215 591 2255 coniungi.
633 2215 775 2247 Accedit
804 2217 891 2256 quod
923 2220 1056 2246 notatur
1085 2224 1102 2246 e

246 2270 316 2300 cod.
335 2269 423 2301 Med.
437 2279 474 2300 ea·
489 2269 595 2300 nozbus
610 2279 649 2300 ex
663 2269 809 2307 omnibus,
825 2279 842 2301 e
858 2270 944 2301 Ball.
959 2269 1101 2301 Helmst.

823 2386 971 2428 XVII.

1149 1734 1216 1773 Qui
1238 1735 1300 1766 hoc
1323 1735 1475 1766 audacius
1498 1740 1597 1776 putat,
1620 1745 1637 1767 a
1662 1736 1794 1767 Mosero
1816 1737 1933 1769 saltem
1955 1747 2004 1768 ac-

1148 1789 1262 1829 cipiat:
1286 1789 1332 1819 ita
1354 1807 1396 1812 ——
1417 1789 1588 1829 superavit.

1190 1845 1208 1883 ξ
1231 1846 1259 1875 4.
1284 1843 1404 1884 Appius
1426 1844 1589 1884 —forum
1611 1845 1687 1885 ayit.
1712 1844 1762 1876 Cf.
1784 1854 1834 1885 ep.
1856 1854 1922 1886 seq.
1938 1846 1956 1885 ξ
1975 1845 2004 1877 6.

1148 1896 1239 1927 Fam.
1270 1897 1334 1927 III.
1370 1897 1397 1934 6,
1428 1898 1457 1934 4,
1488 1896 1565 1927 ibid.
1595 1898 1624 1933 8,
1649 1897 1679 1927 6.
1702 1896 1816 1928 Forum
1845 1908 1938 1938 affere
1968 1908 2001 1929 οε

1148 1955 1348 1981 conventum
1370 1950 1500 1987 habere,
1524 1950 1574 1980 ius
1597 1950 1631 1980 in
1653 1950 1821 1990 provincia
1844 1951 1961 1983 dicere.

1190 2002 1237 2033 Ne
1259 2002 1414 2044 eoyz'labat
1437 2001 1555 2043 quidem
1580 2002 1672 2032 eliam
1696 2012 1777 2033 nune
1791 2003 2004 2035 —aecede2·e.

1125 2054 1127 2065 '
1148 2056 1300 2087 Licentia
1322 2056 1388 2087 stili
1412 2055 1596 2096 epistolaris
1619 2056 1814 2087 adverbium
1828 2066 1910 2087 mmo
1926 2068 2003 2088 cum

1125 2122 1127 2139 ι
1148 2109 1314 2149 praeteriti
1352 2108 1506 2149 temporis
1542 2108 1642 2138 verbo
1684 2108 1905 2149 coniungitur.
1949 2109 2004 2140 Sic

1149 2160 1234 2191 infra
1255 2160 1354 2191 XVI.
1378 2162 1406 2198 3,
1431 2161 1449 2190 6
1473 2159 1594 2191 Brutus
1616 2161 1686 2191 erat
1707 2159 1740 2190 in
1762 2159 1880 2191 Neside
1908 2161 2002 2192 etiam

1149 2224 1241 2244 minc.
1266 2214 1307 2252 Q.
1330 2213 1368 2244 fr.
1390 2214 1456 2245 III.
1480 2214 1507 2250 1,
1530 2214 1550 2243 4
1572 2213 1623 2254 qui
1640 2222 1721 2243 nanc
1735 2213 1849 2244 Romae
1872 2217 1950 2245 erat.

1194 2266 1281 2307 Quae
1303 2267 1434 2298 aberant
1461 2266 1557 2298 bidui.
1581 2266 1630 2298 Cf.
1653 2267 1694 2297 ad
1716 2267 1782 2298 III.
1806 2267 1833 2305 7,
1858 2268 1884 2298 1.

1037 2386 1102 2439 (A.
1144 2385 1188 2425 U.
1223 2382 1266 2425 0.
1304 2384 1421 2438 703.)

313 2514 352 2552 1.
386 2511 535 2567 Accepi
569 2512 695 2554 Roma
729 2513 813 2554 sine
847 2511 1014 2567 epistola
1046 2515 1117 2552 tua
1140 2510 1376 2552 fasciculum
1397 2510 1617 2563 literarum,
1643 2513 1687 2553 in
1710 2525 1803 2566 (1110,
1827 2511 1861 2552 81
1883 2511 2002 2552 1110ᾶο

247 2584 408 2625 valuisti
444 2589 484 2625 et
516 2585 666 2626 Romae
700 2585 828 2636 fuisti,
863 2584 1072 2625 Philotimi
1106 2583 1209 2624 duco
1243 2598 1326 2624 esse
1372 2583 1543 2638 culpam,
1588 2599 1670 2626 11011
1712 2589 1837 2625 11111111.
1883 2584 2002 2626 Hanc

247 2656 454 2710 epistolam
490 2656 639 2698 dictavi
673 2656 815 2697 sedens
848 2657 891 2697 in
924 2655 1062 2707 rheda,
1097 2669 1221 2710 quum
1253 2655 1296 2696 in
1330 2660 1458 2696 castra
1490 2656 1771 2711 proficiscerer,
1806 2671 1828 2697 a
1855 2656 2002 2711 quibus

247 2727 404 2769 aberam
437 2727 566 2770 bidui.
601 2728 746 2769 Paucis
781 2728 923 2769 diebus
956 2727 1153 2769 habebam
1187 2732 1314 2768 certos
1346 2727 1543 2778 homines,
1577 2728 1725 2783 quibus
1758 2729 1892 2770 darem
1913 2729 2001 2770 lite-

246 2816 323 2842 ras.
357 2802 500 2855 Itaque
533 2817 579 2843 eo
611 2816 674 2843 me
708 2801 875 2842 servavi.
934 2804 974 2841 2.
1007 2801 1109 2851 Νο8,
1144 2804 1278 2841 tamen
1322 2801 1396 2841 etsi
1439 2801 1515 2842 hoc
1557 2805 1597 2842 te
1641 2816 1689 2842 ex
1732 2801 1820 2842 aljis
1864 2801 2002 2842 audire

245 2875 364 2926 malo,
399 2875 455 2916 sic
489 2875 532 2916 in
565 2874 770 2930 provincia
802 2889 875 2916 nos
908 2873 1098 2929 gerimus,
1134 2873 1241 2927 quod
1275 2873 1325 2915 ad
1356 2873 1641 2916 abstinentiam
1664 2875 1822 2925 attinet,
1845 2879 1892 2915 ut
1912 2874 2000 2915 nul-

287 3037 305 3076 §
329 3037 357 3067 1.
380 3036 548 3068 Habebam.
573 3037 650 3067 Vid.
674 3037 715 3068 ad
737 3046 785 3077 ep.
810 3035 858 3073 15,
882 3037 900 3067 3
921 3036 954 3067 h.
977 3037 999 3068 l.
1147 3042 1227 3068 orat.
1250 3047 1280 3078 p.
1303 3037 1418 3076 Quint.
1443 3037 1491 3075 70,
1515 3038 1570 3079 qui
1593 3038 1627 3069 in
1652 3037 1804 3068 omnibus
1826 3035 1906 3067 locis
1925 3044 2000 3066 con-

289 3090 306 3128 §
332 3089 359 3118 2.
386 3088 500 3119 Tamen
522 3088 591 3119 etsi.
619 3089 717 3120 Hanc
739 3089 886 3124 formam*
910 3098 994 3129 quae
1017 3089 1104 3120 mul·
1147 3094 1287 3121 tractum
1309 3090 1435 3121 tames-ri
1457 3091 1567 3122 reduci
1590 3090 1737 3131 cupiunt,
1757 3088 1943 3120 Ellendtius
1959 3089 2000 3119 ad

248 3141 289 3173 tis
311 3140 485 3172 offensioni
508 3141 570 3172 fuit
609 3146 645 3172 ut
674 3142 816 3174 Ernesto
845 3146 878 3173 et
906 3140 1032 3174 Orellio
1062 3142 1103 3172 ad
1147 3143 1187 3174 de
1209 3141 1300 3175 Orat.
1321 3143 1364 3174 V.
1387 3143 1433 3174 II.
1456 3153 1486 3183 p.
1509 3142 1570 3176 270
1591 3152 1640 3183 sq.
1667 3141 1782 3173 Tullio
1810 3140 2000 3173 vindicavit.
