2117 3533
207 185 290 214 v111
918 166 1246 208 PRAEFATIO.

207 341 413 383 miliariter
456 341 646 388 vixeram,
695 336 797 378 nihil
840 336 1085 376 intentatum
1137 334 1316 390 reliquit,
1375 340 1420 375 ut
1464 334 1661 375 desiderio
1718 348 1802 374 meo
1847 333 1960 374 satis-

207 425 355 466 faceret
387 428 428 463 et
458 421 655 463 nobilium
690 420 962 474 Hispanorum
996 417 1174 459 consiliis
1206 422 1247 459 et
1280 433 1412 473 opera,
1458 433 1530 459 nec
1573 404 1707 458 minus
1750 415 1878 471 gratia
1922 420 1962 456 et

210 508 446 551 auctoritate
480 520 552 547 sua
585 508 675 560 post
707 504 846 557 longas
890 516 1019 543 moras
1063 501 1208 552 effecit,
1252 501 1359 556 quod
1401 515 1646 556 rogaveram.
1712 501 1856 554 Itaque
1900 513 1961 540 ac-

211 593 312 648 cepi,
346 590 452 646 quod
487 587 683 634 volebam,
718 591 759 628 et
793 585 976 640 quamvis
1022 584 1181 626 collatio
1232 585 1416 626 codicum
1459 600 1550 626 cum
1597 584 1773 626 editione
1817 582 1965 624 Aldina

211 676 306 719 anni
339 673 562 717 MDXLIV
596 687 677 713 non
711 669 1006 712 accuratissime
1040 668 1145 710 facta
1178 668 1243 719 sit,
1287 668 1383 710 satis
1426 668 1575 709 multae
1618 672 1752 709 tamen
1796 666 1963 721 scriptu-

212 776 275 803 rae
320 757 570 800 diversitates
603 760 699 797 sunt
731 758 905 803 notatae,
939 758 986 794 ut
1018 753 1066 795 de
1107 750 1301 794 librorum
1345 751 1498 806 origine
1541 755 1582 792 et
1625 751 1752 806 pretio
1795 750 1964 793 iudicari

211 845 350 903 possit.

272 928 466 984 Iosephus
510 924 714 977 QuevedO,
762 921 1029 963 bibliothecae
1074 921 1340 962 Escorialensi
1384 926 1480 962 tunc
1529 911 1764 975 praefectus,
1810 920 1966 962 codices

213 1018 395 1057 accurate
429 1010 648 1065 descripsit.
707 1009 747 1050 Is
788 1022 850 1049 me
891 1007 1030 1048 docuit
1072 1006 1220 1048 librum
1271 1005 1617 1048 membranaceum
1658 1006 1815 1047 saeculo
1860 1006 1969 1048 XIII

214 1101 343 1143 medio
377 1098 584 1153 scriptum,
629 1094 699 1149 qui
741 1093 832 1134 olim
878 1093 956 1134 fuit
996 1093 1056 1134 Io.
1098 1093 1180 1134 Iac.
1225 1092 1432 1143 Chiffletii,
1478 1092 1603 1147 signis
1644 1108 1676 1132 5.
1721 1091 1772 1143 Q.
1810 1093 1861 1132 11
1908 1091 1967 1133 111-

214 1186 405 1240 scriptum
440 1181 642 1223 continere
676 1179 772 1221 Iulii
806 1177 934 1220 Solini
967 1177 1154 1233 epistolas
1188 1182 1228 1219 et
1270 1177 1534 1233 Polyhistora,
1580 1177 1784 1218 Ciceronis
1826 1176 1968 1217 oratio-

213 1285 283 1312 nes
315 1282 385 1323 pro
419 1265 624 1315 Marcello,
660 1263 835 1318 Ligario,
872 1262 1092 1312 Deiotaros
1114 1260 1261 1302 librum
1286 1261 1334 1302 de
1359 1262 1586 1312 Senectute,
1617 1260 1773 1302 Annaei
1797 1261 1968 1302 Senecae

212 1351 406 1408 quaedam
440 1350 588 1406 spuria,
638 1348 830 1389 Ciceronis
865 1348 906 1388 in
925 1347 1157 1402 ‘Synonimz's
1190 1347 1292 1388 artis
1326 1347 1539 1392 rethoricae
1575 1346 1675 1400 (sic),
1721 1345 1791 1387 sed
1836 1344 1967 1386 nullas

214 1436 418 1479 Ciceronis
450 1434 652 1491 epistolas.
688 1432 803 1474 Falso
838 1431 1060 1487 Haenelius
1093 1430 1202 1471 hunc
1236 1429 1412 1471 codicem
1446 1429 1655 1471 indicavit.
1690 1429 1816 1480 Alter,
1851 1443 1967 1483 quem

214 1521 320 1563 idem
351 1519 544 1567 laudavit,
578 1517 798 1572 insignitus
833 1532 864 1556 s.
898 1515 949 1566 Q.
989 1517 1027 1566 9,
1062 1519 1123 1556 est
1156 1514 1482 1556 membranaceus
1514 1530 1617 1556 saec.
1652 1515 1753 1556 XIV
1795 1518 1970 1554 extremo

216 1607 276 1649 vel
309 1605 426 1647 initio
461 1602 664 1658 sequentis
696 1602 739 1642 in
774 1599 893 1641 Italia
927 1599 1114 1654 scriptus
1160 1601 1270 1640 Auro
1317 1598 1595 1653 coloribusque
1636 1599 1754 1640 initio
1795 1598 1970 1653 singulo-

218 1706 304 1733 rum
336 1690 529 1732 librorum
564 1687 695 1743 pictus
737 1686 779 1726 in
822 1684 950 1725 fronte
991 1684 1095 1738 gerit
1138 1684 1296 1739 insigne
1339 1684 1471 1739 gentis
1515 1683 1676 1734 nobilis,
1721 1684 1835 1724 cuius
1878 1682 1970 1723 olim

219 1778 306 1820 fuit.
351 1777 401 1819 In
434 1779 609 1816 extrema
642 1772 787 1828 pagina
821 1770 1014 1825 scriptum
1048 1774 1109 1810 est
1157 1771 1278 1810 Codex
1312 1771 1514 1811 Matthaei
1546 1770 1735 1810 Iohannis
1768 1774 1805 1810 eb
1837 1768 1973 1809 anzico-

217 1877 300 1904 ram
334 1866 373 1902 et
404 1859 571 1900 inferius
606 1856 875 1910 Hieronymus
909 1854 1042 1896 Snrita
1076 1868 1194 1894 suum
1228 1868 1373 1894 nomen
1410 1853 1556 1908 posuit,
1602 1869 1622 1894 e
1669 1852 1782 1893 6111115
1826 1851 1968 1892 biblio-

218 1948 335 1988 theca
367 1945 409 1986 in
456 1942 769 1985 Escorialensem
815 1940 951 1980 illatus
996 1944 1070 1979 est.
1122 1939 1218 1980 Post
1262 1938 1563 1994 inscriptionem
1608 1939 1670 1979 M.
1709 1939 1748 1979 T.
1784 1938 1974 1979 Ciceronis

220 2032 473 2085 epistolarum
506 2029 560 2069 ad
592 2028 765 2069 Atticum
800 2026 896 2066 liber
935 2025 1089 2079 primus
1134 2025 1271 2078 incipit
1299 2024 1484 2079 feliciter
1517 2027 1741 2078 sequuntur
1784 2022 1972 2063 duodevi-

220 2115 323 2170 ginti
357 2113 561 2170 epistolae,
597 2126 697 2166 quae
731 2110 886 2151 faciunt
920 2108 1067 2150 librum
1101 2110 1121 2150 I
1154 2109 1267 2164 epist.
1301 2108 1349 2148 ad
1387 2109 1571 2158 Brutum,
1606 2107 1750 2148 deinde
1785 2105 1974 2161 epistolae

221 2199 270 2240 ad
304 2198 354 2250 Q.
391 2197 564 2238 fratrem.
618 2195 699 2246 Qui
734 2195 774 2235 in
809 2194 945 2235 codice
979 2194 1158 2247 sequitur
1192 2192 1292 2234 liber
1325 2193 1369 2234 II
1403 2192 1518 2247 epist.
1567 2192 1615 2232 ad
1665 2193 1752 2231 Att.
1797 2189 1976 2231 continet

222 2285 409 2340 epistolas
441 2283 534 2324 libri
568 2283 602 2333 I,
637 2289 677 2323 et
710 2281 897 2335 deinceps
932 2280 1087 2321 numeri
1120 2279 1313 2320 librorum
1354 2292 1465 2318 veros
1506 2291 1693 2317 numeros
1737 2290 1818 2316 uno
1860 2290 1974 2330 supe-

223 2376 326 2413 rant.
361 2370 457 2410 Post
489 2367 636 2408 librum
671 2366 762 2415 XV,
798 2365 867 2419 qui
901 2364 937 2405 ei
971 2364 1073 2404 XVI
1107 2363 1250 2412 fuerat,
1275 2361 1460 2402 librarius
1484 2375 1653 2401 errorem
1679 2359 1842 2414 agnovit
1868 2358 1974 2399 ideo-

225 2470 300 2510 que
336 2452 465 2493 ultimi
499 2450 591 2492 libri
624 2449 927 2504 inscriptionem
960 2447 1108 2489 omisit.
1159 2445 1366 2486 Vocabula
1400 2446 1552 2485 Graeca
1586 2443 1730 2484 omissa
1764 2447 1872 2492 sunt,
1907 2442 1974 2482 scd

225 2536 429 2579 nonnullis
461 2535 502 2575 in
536 2534 632 2575 locis
667 2532 743 2573 alia
777 2547 898 2573 manu
932 2532 973 2572 in
1009 2531 1187 2585 margine
1223 2536 1317 2570 sunt
1350 2528 1562 2583 adscripta.

288 2620 409 2662 Hunc
454 2618 629 2659 codicem
674 2631 721 2656 ex
763 2616 900 2657 eodem
946 2615 1047 2656 libro
1092 2615 1335 2670 descriptum
1380 2629 1478 2663 esse,
1525 2628 1572 2654 ex
1617 2627 1694 2666 quo
1740 2604 1975 2652 Peitrarclme

227 2704 451 2758 exemplum
485 2702 651 2742 ductum
685 2706 758 2750 est,
793 2701 984 2741 affirmare
1018 2715 1097 2741 non
1143 2700 1298 2741 dubito.
1354 2701 1458 2740 Nam
1505 2699 1546 2740 in
1588 2698 1704 2738 XVI.
1723 2698 1780 2744 .5,
1818 2697 1841 2735 3
1889 2705 1977 2749 post

231 2787 369 2830 verba:
405 2785 452 2827 Sa·
485 2791 663 2827 neutrum
693 2785 769 2826 erit
805 2781 1051 2839 ἀσφαλές,
1088 2787 1211 2827 eodem
1245 2789 1432 2833 revertar,
1469 2787 1511 2823 ut
1543 2782 1586 2823 in
1610 2781 1792 2822 Mediceo
1827 2780 1974 2820 inserta

229 2880 288 2914 est
320 2871 411 2913 libri
445 2871 544 2912 XII.
578 2885 641 2924 ep.
678 2871 700 2909 3
736 2869 905 2923 integra,
939 2877 979 2909 et
1012 2869 1136 2910 codex
1170 2868 1351 2909 similiter
1385 2866 1534 2907 desinit
1565 2865 1608 2905 in
1641 2863 1772 2904 verbis
1805 2878 1878 2904 non
1899 2878 1976 2903 ser-

230 2963 366 3000 ventur
399 2971 586 3008 nmquam,
622 2955 737 2995 XVI.
776 2956 825 2994 16
865 2954 911 3003 B,
950 2959 990 2994 δ’.
1040 2955 1175 3006 Quum
1210 2958 1343 2994 autem
1377 2952 1419 2993 111
1454 2952 1527 2992 1106
1560 2950 1662 2992 libro
1696 2947 1884 3003 epistolae
1924 2949 1975 2987 is

231 3048 263 3082 61
308 3044 358 3083 19
394 3041 486 3082 libri
521 3041 539 3081 I
575 3040 770 3094 legantur,
807 3054 904 3093 quar
939 3040 980 3080 in
1015 3039 1125 3082 Med.
1161 3038 1319 3086 desunt,
1356 3036 1531 3077 codicem
1561 3032 1872 3076 Escorialensem
1899 3045 1976 3072 11011
