2117 3533
292 164 347 203 80
687 160 772 201 ΕΡ.
806 159 883 200 AD
915 159 962 199 Τ.
996 156 1347 199 POMPONIUM
1379 155 1643 198 ATTICUM.

289 300 383 338 tunt
415 294 629 350 Nigidium
661 293 807 334 minari
838 292 882 333 in
916 292 1102 333 contione
1135 306 1176 333 se
1208 290 1398 342 iudicem,
1434 290 1503 344 qui
1542 304 1624 330 non
1664 288 1835 340 affuerit,
1879 289 2050 345 compel-

289 371 479 412 laturum.
529 368 661 409 Velim
693 372 843 418 tamen,
880 367 913 408 si
949 365 1046 420 quid
1091 370 1151 407 est
1194 365 1243 406 de
1288 363 1458 406 Antonii
1500 363 1675 404 adventu
1715 362 1820 417 quod
1863 361 2050 413 audieris,

291 443 439 486 scribas
473 441 523 482 ad
555 456 618 482 me
652 445 705 492 et,
742 440 929 494 quoniam
962 440 1043 480 11110
1075 454 1157 480 11011
1190 438 1316 490 venis,
1351 452 1492 478 coenes
1526 436 1633 492 apud
1665 451 1738 477 nos
1760 435 1901 490 utique
1923 434 2051 490 pridie

290 516 383 557 Kal.
418 515 522 556 Cave
558 514 672 555 aliter
705 513 841 555 facias.
876 513 982 554 Cura
1013 516 1061 553 ut
1092 511 1238 554 valeas.

291 690 360 712 esse
382 679 562 716 Ianuarias,
585 678 669 709 nihil
693 682 803 708 tamen
827 676 944 713 obstat,
967 675 1147 716 quominus

289 735 374 765 hanc
397 734 569 775 epistolam
590 732 682 763 brevi
704 736 779 761 ante
801 734 992 770 sequentem
1020 728 1146 760 ultimis

290 788 404 819 diebus
426 797 470 818 m.
495 785 686 817 Decembris
709 794 736 815 a.
760 784 829 820 694,
858 784 969 814 datam
991 792 1059 814 esse
1087 787 1147 813 sta-

291 847 432 872 tuamus.
464 840 537 870 Iam
565 839 690 879 aliquot
718 846 847 868 menses
877 840 952 867 ante
981 835 1018 867 C.
1042 836 1148 866 Anto-

291 894 367 924 nius
389 892 593 934 provinciam
615 890 793 922 successori
816 889 1001 926 tradiderat,
1018 888 1084 919 vid.
1099 897 1148 928 ep.

291 958 360 988 sup.
385 948 398 985 §
423 947 471 984 12,
501 946 558 977 5οᾶ
580 945 729 976 nondum
750 944 892 974 Romam
914 942 1063 979 redierat,
1092 941 1150 972 ubi

292 1002 338 1032 M.
354 1000 484 1032 Caelius
500 1001 540 1030 de
555 998 743 1039 repetundis
760 1007 836 1028 eum
852 1001 919 1028 erat
930 1000 1149 1027 accusaturus.

335 1053 507 1095 Niyiclium.
529 1053 697 1093 Pighium,
720 1052 777 1092 qui
792 1051 966 1091 Nigidium
981 1050 1151 1081 tribunum

292 1109 336 1149 pl.
359 1107 444 1144 facit,
475 1106 685 1147 reprehendit
718 1104 937 1135 Schneiderus
970 1103 1004 1134 in
1033 1112 1151 1134 comm.

293 1163 332 1193 de
360 1161 467 1202 primo
503 1159 651 1192 Caesaris
687 1159 868 1195 consulatu,
906 1158 1028 1188 inserta
1057 1156 1152 1188 Actis

294 1214 413 1246 Societ.
443 1213 499 1246 Gr.
523 1214 565 1245 V.
591 1214 618 1244 I.
640 1223 670 1254 p.
692 1212 762 1250 375,
786 1217 932 1243 statuens
954 1220 1031 1242 eum
1051 1210 1152 1241 fuisse

898 1329 987 1369 III.

1194 674 1338 706 iudicem
1361 674 1561 716 quaestionis
1584 674 1618 705 in
1641 673 1772 710 iudicio,
1795 673 1884 714 quod
1902 671 2053 703 Antonio

1194 729 1378 769 parabatur.

1239 782 1512 823 Compellatarum.
1537 781 1745 822 Compellare
1767 785 1815 812 est
1829 790 1922 812 1011111
1938 779 2053 817 facere,

1195 836 1229 867 in
1252 836 1411 867 iudicium
1427 846 1553 867 vocare.
1581 834 1631 866 Cf.
1648 835 1722 865 intt.
1738 834 1778 864 ad
1793 833 1884 865 Suet.
1900 832 1992 864 Caes.
2006 831 2055 864 17.

1238 890 1310 920 Huc
1332 901 1393 921 non
1416 890 1512 921 venis.
1536 891 1590 921 Ex
1612 890 1721 921 verbis
1736 890 1864 929 —palo
1881 898 1927 919 me
1942 887 2057 917 Romae

1196 943 1318 980 habere,
1343 948 1415 974 tum
1438 953 1480 974 ex
1502 943 1569 973 illis
1591 961 1633 964 —
1654 941 1699 972 ad
1720 952 1766 972 me
1789 940 1926 978 mittunt,
1963 949 2056 980 appa-

1197 1001 1245 1027 ret
1266 997 1352 1027 hanc
1381 996 1553 1037 epistolam
1583 1002 1677 1027 extra
1703 996 1828 1032 urbem,
1858 994 1993 1024 fortasse
2021 995 2056 1023 111

1198 1052 1397 1089 Tusculano,
1421 1051 1520 1083 fuisse
1542 1052 1705 1092 scriptam.
1727 1051 1808 1082 Erat
1827 1055 1937 1081 autem
1951 1047 2058 1080 Attici

1197 1104 1374 1135 consilium
1395 1110 1484 1136 recta
1505 1105 1620 1135 urbem
1641 1108 1761 1144 petere.
1789 1103 1839 1134 Eo
1860 1111 1949 1133 nunc
1973 1110 1992 1131 a
2007 1099 2058 1131 Ci-

1198 1166 1316 1188 cerone
1338 1158 1379 1188 ad
1401 1166 1539 1188 coenam
1560 1161 1696 1188 vocatur
1717 1156 1821 1197 pridie
1843 1155 1919 1186 Kal.

1054 1328 1119 1381 (Α.
1161 1328 1206 1368 U.
1245 1329 1287 1368 C.
1323 1330 1443 1382 694).

361 1450 400 1489 1.
435 1447 630 1497 Primum,
666 1450 711 1486 ut
744 1443 898 1499 opinor,
932 1439 1214 1502 εὐαγγέλια.
1265 1443 1449 1484 Valerius
1494 1442 1701 1484 absolutus
1742 1446 1803 1483 est
1842 1440 2060 1483 Hortensio

297 1521 549 1564 defendente.
596 1519 644 1560 Id
676 1517 875 1560 iudicium
908 1516 1005 1557 Auli
1038 1516 1118 1556 filio
1164 1516 1435 1557 condonatum
1479 1515 1711 1573 putabatur,
1753 1520 1793 1556 et
1832 1515 2061 1570 Epicratem

296 1596 488 1651 suspicor,
523 1598 570 1634 ut
603 1590 758 1641 scribis,
791 1589 987 1631 lascivum
1019 1588 1157 1629 fuisse.
1209 1589 1369 1629 Etenim
1403 1588 1503 1629 mihi
1537 1588 1687 1642 caligae
1720 1587 1806 1628 eius
1839 1592 1879 1628 et
1918 1586 2062 1628 fasciae

296 1674 467 1710 cretatae
501 1683 583 1709 non
614 1663 841 1723 placebant.
874 1662 984 1714 Quid
1020 1662 1073 1703 sit
1106 1662 1291 1712 sciemus,
1329 1678 1453 1716 quum
1486 1662 1656 1703 veneris.
1704 1664 1744 1702 2.
1780 1661 2063 1702 Fenestrarum

339 1839 407 1879 §L
443 1838 581 1869 Primum
611 1855 652 1860 —
683 1831 886 1879 εὐαγγέλια.
916 1843 951 1864 0:
983 1832 1156 1873 epistolam

297 1895 404 1925 ordiar
427 1904 445 1924 a
467 1894 554 1924 laeto
583 1891 701 1922 nuntio
732 1890 860 1922 Valerii
894 1889 1047 1920 absoluti.
1091 1887 1157 1919 Sed

297 1958 400 1989 quum
422 1947 481 1977 illa
503 1948 535 1976 ut
559 1945 677 1985 opinor,
701 1949 771 1974 tum
800 1943 900 1974 totius
930 1942 996 1972 loci
1024 1941 1156 1972 habitus

297 2001 383 2038 facit,
406 2005 442 2031 ut
464 2000 545 2030 haec
567 1999 690 2029 ironice
713 1997 902 2037 accipienda
924 2005 993 2026 esse
1016 1995 1157 2034 credam,

298 2054 577 2095 quemadmodum
599 2052 795 2083 Wielandus
818 2050 852 2080 in
876 2059 959 2080 vers.
985 2048 1094 2080 Genu.
1113 2048 1157 2078 V.

297 2108 325 2138 I.
348 2117 379 2147 p.
402 2107 461 2137 229
484 2105 585 2137 verba
607 2105 839 2144 interpretatur
862 2108 894 2133 et
922 2101 957 2132 in
988 2101 1098 2131 adnot.
1126 2110 1156 2140 p.

297 2160 355 2190 331
380 2169 468 2200 seqq.
492 2157 645 2198 explicat.

345 2211 500 2242 Valerius,
523 2211 666 2241 Videtur
688 2217 758 2240 esse
780 2206 914 2238 Afranii
936 2206 1049 2243 cliens,
1070 2210 1157 2236 certe

299 2268 382 2298 alius
405 2276 504 2308 quam
526 2266 566 2296 L.
589 2264 745 2295 Valerius
768 2262 916 2298 Flaccus,
941 2270 1040 2302 quem
1074 2260 1158 2290 Hor-

300 2321 424 2353 tensius
440 2330 527 2351 anno
543 2324 701 2359 sequente
715 2316 872 2348 defendit.
889 2315 968 2345 Vid.
982 2315 1014 2344 h.
1030 2314 1051 2344 1.
1067 2314 1116 2350 25,
1130 2314 1158 2343 1.

341 2375 382 2405 Id
404 2373 551 2404 iudicium
576 2371 734 2412 Aulifilz'o
751 2369 959 2401 condonatum
970 2367 1159 2408 putabatur.

300 2429 414 2467 Quum
437 2428 471 2458 111
495 2426 671 2466 archetypo
694 2429 779 2455 esset
802 2422 839 2453 A.
851 2421 928 2462 filio
942 2421 1019 2451 inde
1035 2420 1160 2451 scribae

297 2482 445 2514 fecerunt
458 2480 569 2510 Atilio.
593 2477 769 2519 Aulz'filius
785 2481 833 2507 est
848 2475 888 2506 L.
903 2474 1065 2505 Afranius
1086 2483 1161 2503 con-

299 2536 361 2567 sul.
385 2534 432 2565 Cf.
458 2535 485 2564 I.
509 2534 557 2570 18,
582 2534 610 2562 5.
634 2532 682 2568 20,
707 2532 734 2561 5.
751 2548 791 2552 ἢ
806 2529 854 2560 Ut
877 2534 987 2559 autem
1006 2526 1161 2557 Valerius

300 2589 469 2620 absolutus
499 2592 547 2618 est
575 2586 610 2616 in
639 2583 774 2615 Afranii
804 2582 953 2622 gratiam,
993 2579 1162 2610 adnitente

300 2641 469 2682 Pompeio,
494 2639 538 2669 sic
561 2638 600 2668 T.
623 2637 745 2667 Fadius
775 2636 933 2666 innocens
964 2633 1161 2664 condemna-

300 2702 353 2726 tus
376 2698 434 2730 est,
458 2693 573 2723 eodem
596 2689 755 2730 Pompeio
787 2688 931 2718 volente.
961 2686 1040 2716 Vid.
1068 2684 1161 2714 Fam.

300 2748 343 2778 V.
367 2748 415 2783 18,
440 2746 468 2782 2,
490 2744 549 2774 ubi
572 2742 686 2774 Cicero
710 2742 750 2771 ad
772 2740 915 2771 Fadium
940 2737 1053 2769 scribit
1070 2747 1162 2766 amem

300 2802 357 2832 lzoc
377 2809 441 2830 esse
462 2797 623 2834 iudicium,
646 2794 728 2837 qaod
741 2805 804 2825 ‘una
821 2792 981 2823 sententia
999 2800 1094 2832 eaque
1109 2789 1162 2819 da-

300 2854 349 2884 bia
367 2851 532 2893 potentiae
554 2848 690 2880 alicuius
719 2847 926 2877 condonatum
956 2843 1162 2874 existimetur.

343 2906 529 2947 Epicratem.
537 2903 632 2934 Ficto
644 2900 780 2932 1101111110
795 2898 947 2938 designat
956 2895 1162 2937 Pompeium,

302 2959 435 2991 Afranii
464 2958 634 2994 fautorem,
666 2955 725 2986 illo
755 2959 900 2993 tempore
916 2951 1163 2991 praepotentem.

344 3011 506 3042 Lascivmn
527 3010 643 3050 fuisse.
682 3007 905 3038 «sProtervum
934 3004 987 3034 vel
1016 3001 1163 3043 petulan-

305 3070 372 3096 tem
394 3064 493 3095 fuisse
516 3064 551 3095 in
574 3062 736 3094 iudicibus
759 3057 926 3099 urgendis,
950 3061 987 3087 ut
1018 3054 1164 3086 absolve-

272 3112 277 3118 “
306 3118 413 3148 1·0111.”’
442 3116 543 3149 Gron.
571 3115 768 3148 Wielandus
800 3111 846 3143 l.l.
882 3115 969 3142 recte
997 3111 1165 3149 comparat

305 3169 466 3202 Graecum
489 3167 655 3215 ὑβρίζειν.

1245 1826 1367 1858 Etenim
1398 1826 1472 1858 milii
1505 1826 1629 1867 oaliyae
1657 1845 1699 1849 —
1726 1836 1787 1857 non
1820 1825 1996 1866 placebant.
2027 1834 2060 1855 a:

1204 1879 1407 1920 Displicebat
1430 1880 1464 1910 in
1488 1879 1655 1920 Pompeio,
1680 1880 1768 1920 quod
1790 1887 2000 1910 communem
2022 1877 2063 1908 ci-

1204 1933 1297 1964 vium
1317 1934 1468 1964 habitum
1490 1933 1686 1970 fastidiebat,
1710 1937 1807 1973 atque
1828 1936 1864 1962 ut
1886 1941 1944 1963 ora
1970 1930 2065 1970 vulgi

1205 1986 1239 2016 in
1252 1996 1296 2019 ,se
1315 1990 1529 2023 converteret,
1547 1986 1642 2016 aliter
1655 1995 1755 2026 quam
1770 1985 1920 2015 solebant
1933 1984 1968 2014 in
1984 1983 2064 2015 urbe

1205 2039 1342 2070 vestitus
1365 2039 1563 2070 ambulabat.
1603 2038 1731 2079 Caliyae
1752 2043 1830 2068 sunt
1851 2035 2065 2068 calceamenti

1207 2102 1312 2133 genus
1335 2093 1486 2130 militare,
1510 2103 1613 2134 quum
1635 2092 1669 2122 in
1692 2092 1773 2123 urbe
1795 2091 1914 2122 calceis
1935 2096 2064 2122 uteren-

1207 2153 1269 2178 tur.
1313 2147 1401 2184 Fuit,
1425 2147 1481 2188 qui
1510 2147 1624 2178 mallet
1653 2145 1806 2182 Gallicae,
1836 2155 1902 2185 quo
1931 2144 2065 2175 nomine

1208 2200 1372 2230 indicatur
1394 2200 1580 2230 calceorum
1602 2208 1716 2239 genus,
1739 2198 1828 2238 quod
1849 2197 1980 2227 infimas
1997 2202 2064 2227 tan-

1208 2258 1278 2283 tum
1301 2253 1405 2284 calces
1428 2253 1520 2292 tegit.
1544 2252 1622 2282 Vid.
1645 2250 1783 2282 Salmas.
1807 2251 1848 2280 ad
1868 2249 1956 2280 Hist.
1973 2249 2066 2289 Aug.

1209 2308 1326 2349 Script.
1350 2319 1380 2349 p.
1404 2309 1474 2339 290.
1512 2307 1555 2338 Ε1
1577 2306 1692 2347 negari
1714 2305 1837 2346 nequit,
1861 2305 1938 2336 istas
1960 2304 2066 2344 magis

1208 2362 1384 2393 convenire
1399 2361 1506 2392 fasciis
1522 2359 1662 2397 cretatis,
1678 2359 1797 2401 quibus
1811 2357 1956 2390 hominis
1970 2357 2066 2388 luxu-

1209 2415 1257 2446 ria
1280 2421 1312 2446 et
1334 2414 1490 2445 mollities
1513 2417 1654 2444 notatur.

1252 2469 1385 2499 Fasciae
1408 2469 1561 2498 cretatae.
1594 2466 1719 2496 Fasciis
1741 2466 1860 2506 quibus
1883 2473 1978 2495 crura
1999 2473 2067 2494 ves·

1209 2523 1337 2554 tiuntur
1365 2522 1543 2553 utebantur
1570 2520 1702 2556 Romae,
1733 2519 1789 2559 qui
1819 2519 1954 2549 adversa
1982 2517 2068 2549 vale-

1215 2576 1327 2607 tudine
1349 2574 1553 2610 laborabant,
1579 2572 1720 2610 Quintil.
1742 2572 1769 2602 I.
1794 2570 1832 2603 O.
1855 2570 1919 2601 XI.
1943 2572 1971 2608 3,
1996 2570 2066 2607 144,

1211 2637 1313 2669 eaque
1343 2626 1555 2658 excusatione
1591 2624 1768 2665 Pompeius
1797 2624 1958 2655 utebatur.
2001 2621 2068 2654 Sed

1210 2682 1384 2713 mollitiem
1405 2679 1549 2710 hominis
1571 2679 1735 2709 indicabat
1749 2678 1895 2708 maxime
1910 2677 2068 2708 candidus

1212 2736 1388 2767 fasciarum
1410 2734 1510 2764 color.
1534 2733 1628 2763 Idem
1650 2731 1810 2772 Pompeio
1838 2730 1952 2761 acerbe
1981 2729 2068 2760 obie-

1211 2789 1255 2820 cit
1277 2787 1445 2819 Favonius
1469 2796 1518 2826 ap.
1542 2785 1617 2815 Val.
1640 2784 1734 2815 Max.
1748 2784 1810 2814 VI.
1826 2783 1854 2820 2,
1871 2782 1899 2815 7.
1923 2781 1973 2813 Cf.
1987 2781 2067 2812 Am-

1211 2841 1312 2871 mian.
1335 2840 1437 2871 Marc.
1461 2837 1578 2868 XVH.
1600 2837 1649 2867 11.
1683 2836 1732 2866 De
1755 2835 1872 2872 fasciis,
1895 2834 1953 2875 qui
1974 2833 2069 2874 plura

1211 2894 1310 2935 cupit,
1335 2894 1428 2924 adeat
1451 2891 1660 2927 salmasium,
1684 2889 1744 2930 Op.
1767 2889 1789 2919 l.
1811 2899 1841 2929 p.
1865 2889 1923 2919 221
1947 2897 2036 2927 seqq.

1257 2947 1341 2988 Quid
1359 2946 1402 2976 sit
1422 2946 1563 2981 sciemus,
1586 2954 1675 2985 quum
1698 2942 1830 2973 veneris.
1859 2941 1995 2981 Scripsit
2017 2939 2069 2971 Ci-

1212 3012 1285 3033 cero
1307 3001 1393 3031 hanc
1416 2998 1588 3040 epistolam
1616 2998 1657 3027 ad
1685 2996 1836 3027 Atticum
1861 2995 1986 3026 Romae
2014 2994 2068 3024 de-

1213 3059 1356 3095 gentem,
1380 3063 1399 3083 a.
1425 3061 1490 3093 quo
1513 3051 1553 3082 de
1576 3049 1704 3080 Valerii
1726 3047 1933 3079 absolutione
1946 3046 1990 3076 ita
2004 3054 2069 3076 001·-

1214 3108 1277 3140 tior
1299 3107 1402 3138 factus
1426 3109 1502 3142 erat,
1525 3108 1562 3134 ut
1591 3103 1697 3133 multa
1724 3106 1834 3133 tamen
1863 3099 2069 3131 coniecturae

1215 3167 1247 3193 et
1269 3159 1446 3200 suspicioni
1470 3161 1579 3189 essent
1600 3156 1723 3187 relicta.
