2117 3533
264 149 349 189 198
658 147 742 188 ΕΡ.
776 146 852 186 AD
884 147 931 186 T.
965 143 1314 186 POMPONIUM
1347 144 1610 185 ATTICUM.

263 283 386 324 ullam
421 296 528 336 spem
565 279 732 336 praedae
765 279 845 321 nisi
879 294 925 319 cx
960 278 1170 333 mancipiis
1180 296 1191 329 ς
1237 293 1284 318 ex
1318 277 1463 333 quibus
1506 278 1636 319 nullos
1675 283 1773 334 puto
1812 284 1851 319 te
1890 278 2016 320 literis

264 360 334 396 aut
367 353 529 395 musicis
563 352 741 394 eruditos
775 356 1016 407 exspectare.
1068 354 1109 391 8.
1143 351 1308 392 Paullus
1340 352 1384 392 in
1416 351 1548 393 medio
1581 351 1665 392 foro
1697 351 1903 394 basilicam
1936 352 2016 392 iam

263 441 385 482 paene
419 425 550 466 texuit
582 425 726 466 iisdem
759 423 937 478 antiquis
971 423 1166 464 columnis
1176 441 1186 474 3
1221 423 1331 464 illam
1364 428 1512 474 autem,
1555 439 1674 482 quam
1716 425 1877 475 locavit,
1921 423 2018 465 facit

263 497 687 552 magnificentisimam.
723 496 833 548 Quid
867 495 1049 550 quaeris?
1082 495 1199 536 Nihil
1233 496 1386 550 gratius
1418 496 1487 537 illo
1521 501 1795 548 monumento,
1814 497 1916 538 nihil
1934 497 2017 552 glo-

262 570 419 612 riosius.
453 570 596 624 Itaque
629 569 809 610 Caesaris
842 568 959 609 amici
993 594 1050 598 —
1084 582 1146 608 me
1180 567 1269 608 dico
1303 572 1342 609 et
1369 569 1559 624 Oppium,
1585 568 1823 624 dirumparis
1845 570 1940 612 licet
1959 595 2015 601 --

262 643 303 684 in
337 646 641 683 monumentum
674 641 789 692 illud,
825 641 931 696 quod
964 645 1010 682 tu
1043 640 1181 682 tollere
1214 641 1403 683 laudibus
1437 641 1604 692 solebas,
1639 646 1686 683 ut
1718 642 1848 684 forum
1869 644 2018 685 latrare-

263 729 351 756 mus
384 719 424 755 et
455 729 582 769 usque
616 715 665 756 ad
699 715 845 756 atrium
878 713 1095 755 Libertatis
1129 714 1430 769 explicaremus,
1465 716 1776 771 contempsimus
1799 716 2020 758 sexcenties

264 789 349 829 HS.
391 788 492 828 Cum
526 789 692 843 privatis
724 803 805 829 non
839 792 996 842 poterat
1027 786 1197 841 transigi
1240 787 1391 828 minore
1435 788 1620 843 pecunia.
1664 788 1894 830 Efficiemus
1937 803 2019 830 rem

263 951 297 982 in
321 951 453 981 Volusii
477 950 641 981 Maeciani
674 950 732 980 lib.
754 950 794 980 de
818 959 887 980 asse
911 950 929 989 ξ
953 950 1003 980 32.
1038 950 1118 980 Erat

263 1009 371 1036 autem
393 1005 551 1035 vicesima
572 1008 686 1044 quarta
708 1013 781 1043 pars
803 1003 930 1034 unciae.

306 1058 324 1096 ἓ
347 1058 376 1087 S.
399 1056 532 1086 Paullus
554 1056 588 1086 in
611 1056 710 1086 inedie
724 1055 801 1096 foro
823 1061 884 1086 cet.
909 1055 1024 1087 Cicero
1046 1056 1079 1086 h.
1098 1055 1120 1085 l.

263 1115 411 1140 recenset
433 1119 531 1149 opera
553 1109 653 1145 varia,
677 1118 759 1149 quae
783 1114 853 1139 tum
877 1109 917 1139 ad
942 1109 1058 1139 urbem
1073 1118 1121 1138 01-

264 1165 408 1195 11311(13111
430 1164 564 1194 fiebant.
586 1163 738 1194 Primum
759 1168 835 1200 erat,
850 1164 937 1204 quod
954 1164 994 1193 L.
1008 1163 1122 1193 Aemi-

264 1216 328 1247 lius
350 1216 496 1253 Paullus,
520 1215 577 1256 qui
599 1225 627 1246 a.
651 1215 711 1248 704
734 1216 849 1246 00115111
865 1216 936 1253 fuit,
953 1216 1121 1246 basilicam

264 1270 467 1307 restauravit,
492 1279 592 1310 quam
614 1270 661 1300 M.
684 1269 852 1300 Aemilius
886 1270 1043 1310 Lepidus,
1074 1269 1121 1300 M.

263 1323 402 1354 Fulvius
425 1323 579 1353 Nobilior
601 1332 752 1354 censores
774 1334 804 1354 a.
829 1322 887 1355 575
904 1325 979 1363 post
1008 1333 1121 1364 arqen-

264 1377 366 1408 tarias
388 1386 484 1407 novas
508 1376 597 1416 (Liv.
620 1376 696 1407 XL.
729 1377 783 1416 51)
813 1377 866 1407 vel
894 1381 930 1407 111
959 1377 1013 1407 1110
1042 1377 1121 1416 legi-

265 1440 338 1461 mus
360 1430 393 1460 in
415 1430 516 1461 medio
528 1429 606 1470 foro
629 1439 662 1460 a:
687 1430 727 1460 ad
750 1430 893 1461 mediam
924 1429 986 1460 fori
1017 1429 1122 1470 longi-

266 1484 420 1516 tudinem
442 1483 625 1515 faciendam
649 1484 848 1515 locaverant.
871 1483 952 1514 Eius
970 1484 1122 1515 basilicae

267 1537 358 1568 varia
380 1536 532 1568 feruntur
553 1536 700 1573 nomina,
724 1536 890 1567 Aemiliae
913 1540 945 1567 et
973 1536 1122 1573 Fulviae,

267 1589 416 1626 Fulviae,
439 1588 616 1625 Aemiliae,
640 1587 761 1625 Paulli,
785 1594 818 1619 et
840 1589 997 1629 quoniam
1027 1598 1123 1629 saepe

269 1642 311 1672 ab
332 1641 556 1672 Aemiliorum
579 1640 691 1681 aliquo
714 1645 783 1671 erat
813 1645 1001 1677 restaurata,
1032 1641 1126 1671 Taci-

271 1700 323 1726 tus
344 1694 436 1725 Ann.
460 1694 525 1725 ΠΙ.
549 1693 588 1726 72
609 1693 730 1734 plurali
757 1703 895 1725 numero
919 1703 991 1725 eam
1020 1694 1126 1734 appel—

270 1748 316 1778 lat
337 1746 474 1777 Aemilia
497 1749 704 1777 monumenta.
738 1746 787 1777 Cf.
810 1745 848 1777 G.
872 1747 915 1777 A.
940 1747 1070 1778 Becker
1092 1747 1126 1777 in

270 1801 385 1841 Antiq.
407 1800 502 1831 Rom.
527 1800 604 1831 Vol.
627 1800 654 1830 Ι.
677 1810 708 1840 p.
732 1800 790 1830 301
816 1809 906 1840 seqq.

311 1852 407 1883 Illam
448 1871 484 1875 —
501 1851 589 1892 facil
619 1852 963 1893 nmynffioenlz'ssz'mam.
1000 1852 1128 1883 Indica-

273 1907 398 1938 turbis
420 1906 529 1938 verbis
552 1906 692 1937 alterum
724 1915 803 1946 opus
835 1906 876 1936 ab
906 1906 964 1935 illa
994 1905 1129 1936 basilica

271 1962 448 1993 diversum.
485 1960 596 1998 Quum
619 1963 729 1991 autem
751 1970 818 1990 una
841 1965 970 1991 tantum
994 1960 1130 1991 basilica

271 2015 418 2046 Aemilia
438 2014 562 2045 Romae
585 2019 670 2045 esset
694 2018 725 2044 et
749 2014 925 2045 Bunsenus
948 2014 982 2044 in
1003 2014 1128 2044 Annal.

273 2070 384 2101 societ.
406 2069 583 2100 Archaeol.
606 2069 682 2099 Vol.
708 2069 807 2099 VIII.
831 2079 861 2108 p.
885 2069 945 2099 228
968 2078 1016 2109 sq.
1040 2072 1071 2099 ct
1096 2068 1129 2098 in

272 2124 500 2164 Descriptione
530 2123 620 2153 urbis
654 2123 779 2154 Romae
809 2123 885 2153 Vol.
923 2122 991 2154 III.
1025 2133 1056 2162 p.
1091 2122 1130 2160 29

273 2187 361 2218 seqq.
382 2177 469 2207 male
490 2176 668 2206 contendat
700 2176 785 2206 hanc
816 2174 926 2206 Paulli
963 2175 1130 2206 basilicam

274 2241 350 2261 cum
372 2230 474 2261 veteri
498 2229 556 2260 illa
585 2229 685 2260 fuisse
715 2229 937 2266 coniunctam,
967 2229 1048 2259 haec
1077 2238 1130 2258 ne-

274 2283 414 2315 cessario
448 2283 643 2324 explicanda
676 2288 752 2313 sunt
790 2284 829 2313 de
866 2283 1002 2313 basilica
1034 2283 1129 2321 Iulia,

275 2347 372 2377 quam
394 2336 500 2367 Iulius
533 2335 653 2367 030531·
682 2335 799 2366 absens
829 2345 888 2366 suo
918 2340 1052 2376 sumptu
1076 2345 1130 2366 ex-

275 2392 465 2423 struendam
494 2391 629 2427 curavit,
660 2395 695 2421 ut
728 2395 814 2421 recte
848 2391 929 2421 vidit
964 2391 1130 2422 Beckerus

274 2455 325 2485 op.
349 2445 370 2475 l.
393 2455 424 2485 p.
446 2445 505 2475 303
535 2450 568 2475 ct
596 2444 666 2474 400.
711 2444 760 2474 Ea
789 2444 936 2484 opposita
967 2444 1129 2475 Basilicae

274 2497 439 2529 Aemiliae
468 2497 529 2527 sita
558 2501 625 2527 erat
655 2496 740 2526 inter
775 2497 882 2527 aedem
925 2496 1064 2527 Castoris
1099 2499 1129 2526 et

274 2549 381 2580 aedem
405 2548 546 2585 Saturni,
569 2553 603 2579 ut
625 2553 752 2579 constat
776 2558 792 2579 0
816 2553 1032 2579 monumento
1060 2549 1129 2580 An-

273 2612 395 2642 cyrano
419 2602 484 2632 tab.
508 2601 569 2632 IV.
592 2612 622 2632 v.
640 2602 689 2631 14.
713 2601 778 2632 Sed
801 2602 873 2641 quis
897 2611 969 2632 03111
986 2601 1129 2631 locavit?

274 2655 354 2687 Sine
382 2655 484 2686 dubio
515 2665 581 2685 non
614 2655 761 2692 Paullus,
793 2656 848 2686 sed
879 2655 1006 2692 Caesar,
1037 2656 1130 2686 cuius

274 2718 395 2740 nomen
418 2708 471 2739 vel
494 2718 511 2738 a
537 2708 696 2739 Cicerone
719 2708 788 2748 ipso
811 2709 864 2739 vel
882 2719 900 2738 a
914 2709 1058 2746 librario,
1076 2709 1129 2739 cui

273 2761 353 2792 haec
375 2761 519 2798 dietavit,
543 2761 702 2791 omissum
726 2770 794 2791 0550
828 2761 969 2801 suspicio
998 2766 1046 2792 est
1075 2761 1129 2791 Fr.

274 2813 402 2851 Ritteri,
426 2813 483 2853 qui
506 2814 546 2843 (10
568 2813 600 2842 h.
624 2813 645 2843 l.
669 2813 848 2853 disputavit
865 2813 897 2843 in
914 2813 1031 2844 Museo
1046 2813 1129 2844 Rhe-

273 2876 361 2897 nano
384 2876 460 2897 nov.
483 2866 561 2896 Vol.
587 2866 628 2896 V.
661 2876 690 2906 p.
722 2867 781 2896 109
812 2876 880 2906 sqq.
924 2866 991 2904 Qui
1020 2871 1128 2897 autem

274 2922 355 2951 mihi
393 2921 519 2952 dederit
548 2920 635 2951 illam
673 2921 788 2952 leviter
824 2926 1013 2962 corruptum
1050 2931 1129 2958 esse,

275 2982 377 3012 quum
399 2974 440 3003 ab
463 2973 559 3004 initio
582 2973 639 3003 ille
661 2973 815 3013 scriptum
842 2973 964 3010 suisset,
984 2973 1130 3004 Caesaris

275 3035 394 3055 nomen
419 3026 477 3056 vix
498 3026 704 3057 desiderabit.

323 3076 432 3117 [laque
458 3077 603 3107 Caesaris
626 3077 718 3107 amici
740 3083 798 3108 cet.
824 3078 938 3108 Cicero
961 3078 1076 3108 transit
1090 3078 1130 3108 ad

278 3131 409 3161 tertium
432 3141 522 3171 opus,
547 3132 634 3170 quod
658 3131 724 3170 ipse
747 3142 822 3162 cum
845 3132 950 3172 Oppio
984 3132 1130 3163 Caesaris

1167 952 1256 982 iussu
1279 952 1500 992 praeparabat.
1531 953 1687 983 Emer-ant
1709 951 1798 982 enim
1820 952 1949 992 ingenti
1970 962 2022 993 pe-

1167 1004 1264 1034 cunia
1285 1005 1380 1035 aedes
1402 1004 1556 1045 privatas,
1579 1005 1697 1045 quibus
1721 1005 1856 1035 sublatis
1873 1014 1947 1036 area
1960 1005 2023 1036 fori

1168 1057 1347 1097 aperiretur
1368 1067 1480 1088 versus
1505 1058 1625 1089 collem
1650 1058 1870 1096 Quirinalem,
1894 1059 1928 1089 in
1957 1069 2023 1099 quo

1167 1109 1302 1140 Atrium
1324 1110 1502 1141 Libertatis
1532 1116 1600 1141 erat
1629 1116 1701 1151 post
1728 1111 1881 1142 tabernas
1910 1121 2023 1142 novaS.

1169 1162 1289 1194 Caesar
1310 1169 1382 1204 post
1414 1174 1561 1204 pugnam
1590 1164 1814 1195 Pharsalicam
1843 1164 1877 1195 in
1909 1165 2025 1195 urbem

1167 1225 1315 1247 reversus
1337 1216 1387 1253 iis,
1410 1225 1494 1257 quae
1518 1227 1545 1246 a.
1570 1216 1629 1248 700
1645 1226 1702 1257 per
1715 1217 1837 1247 31111005
1852 1218 2024 1251 coemerat,

1167 1270 1231 1301 alia
1255 1270 1374 1301 adiecit
1396 1275 1427 1301 et
1448 1270 1626 1311 pristinum
1648 1271 1824 1301 consilium
1846 1271 1891 1301 ita
1908 1271 2025 1302 immu-

1168 1323 1258 1360 tavit,
1282 1327 1318 1353 ut
1340 1332 1466 1354 novum
1488 1323 1604 1359 forum,
1628 1323 1716 1363 quod
1737 1323 1779 1353 ab
1801 1323 1871 1364 ipso
1900 1323 2025 1354 Iulium

1168 1382 1323 1407 vocatum
1346 1381 1402 1413 est,
1425 1376 1554 1406 faceret.
1578 1375 1668 1406 Suet.
1693 1375 1783 1407 Caes.
1807 1376 1857 1407 26.
1880 1376 1968 1407 Plin.
1980 1376 2025 1407 H.

1168 1430 1210 1460 N.
1233 1428 1402 1466 XXXVI,
1428 1429 1497 1459 104.
1523 1428 1573 1460 Cf.
1598 1429 1764 1459 Beckerus
1787 1439 1838 1469 op.
1862 1429 1883 1459 l.
1907 1439 1938 1469 p.
1962 1429 2025 1459 460

1173 1487 1205 1513 et
1229 1482 1262 1512 in
1286 1481 1411 1519 libello,
1435 1491 1500 1522 quo
1516 1481 1683 1522 respondit
1698 1481 1876 1519 Urlichsio,
1893 1481 2026 1523 Lipsiae

1172 1536 1262 1574 1845,
1287 1546 1317 1576 p.
1340 1536 1379 1566 26
1403 1544 1492 1576 seqq.

1214 1589 1452 1629 Contmnpsmus
1480 1588 1655 1619 sexcenties
1685 1588 1749 1619 HS.
1784 1589 2029 1630 Amplectimur

1172 1641 1427 1683 explicationem
1449 1641 1548 1672 huius
1578 1641 1681 1678 verbi,
1712 1651 1811 1681 quam
1841 1640 2028 1673 Gronovius

1172 1695 1261 1727 dedit
1282 1695 1322 1726 ad
1344 1695 1451 1725 Taciti
1473 1694 1582 1726 Germ.
1605 1705 1632 1725 c.
1655 1694 1712 1725 29:
1738 1709 1752 1721 ιι
1764 1695 1830 1726 vile
1851 1695 2028 1726 habuimus

1173 1753 1206 1780 et
1227 1748 1370 1779 libenter
1392 1748 1609 1787 erogavimus,
1626 1747 1857 1788 impendimus,
1872 1748 1960 1779 unde
1976 1758 2030 1789 ap-

1173 1805 1264 1842 paret
1286 1805 1414 1832 tantum
1436 1800 1593 1841 pecuniae
1615 1810 1691 1841 prae
1715 1801 1921 1832 monumenti
1934 1801 2030 1832 istius

1174 1854 1356 1885 adiectione
1386 1854 1426 1884 ad
1455 1862 1564 1884 aream
1593 1853 1655 1884 fori
1685 1853 1873 1885 Caesariani
1896 1853 2028 1894 (immoz

1174 1916 1251 1947 prae
1274 1906 1335 1937 fori
1357 1906 1499 1937 Romani
1522 1906 1757 1947 explicatione)
1781 1906 1847 1938 vile
1875 1906 1971 1937 nobis
2000 1911 2032 1938 et

1175 1964 1399 2001 contemptum
1434 1959 1567 1990 111155οῗ
1612 1959 1748 1999 Belgica
1791 1959 1932 1990 dicimus
1966 1959 2032 1990 niet

1176 2014 1283 2051 tellau,
1307 2024 1378 2044 voor
1401 2023 1475 2044 eene
1499 2012 1696 2054 kleim'ykez'd
1716 2013 1849 2044 houden.
1893 2013 2029 2052 Quomi-

1176 2076 1238 2097 nus
1262 2065 1502 2106 consumpsimus
1523 2076 1541 2096 a.
1570 2065 1728 2096 Cicerone
1760 2065 1916 2106 scriptum
1945 2070 2032 2106 pute-

1176 2131 1258 2158 mus,
1281 2121 1403 2152 obstatt
1425 2130 1489 2151 acc.
1512 2119 1546 2150 in
1568 2119 1653 2150 illud
1679 2122 1913 2150 monumentum.
1946 2119 2033 2150 Nam

1178 2172 1292 2204 Cicero
1314 2183 1441 2214 semper
1462 2173 1564 2204 dixit:
1588 2181 1766 2203 consumere
1788 2171 1913 2212 aliquid
1926 2171 1960 2201 in
1975 2171 2033 2202 αἵτ’-

1177 2237 1237 2267 qua
1260 2237 1303 2257 re.
1326 2227 1366 2257 111
1390 2232 1470 2257 orat.
1494 2236 1524 2266 p.
1548 2225 1685 2256 Plancio
1717 2225 1734 2263 ξ
1759 2224 1798 2257 73
1830 2224 1975 2256 Orellius
2005 2234 2032 2255 a.

1178 2279 1257 2310 1826
1291 2279 1406 2310 edidit:
1442 2280 1475 2308 ut
1505 2288 1592 2308 omne
1621 2277 1757 2308 studium
1786 2287 1883 2307 meum
1912 2277 1943 2307 in
1980 2278 2033 2308 Cn.

1176 2331 1301 2362 Plance·
1329 2332 1474 2362 honorem
1510 2340 1725 2368 consumerem,
1755 2331 1812 2361 sed
1840 2335 1927 2361 recte
1955 2330 2035 2360 Hal-

1177 2386 1262 2417 mius
1292 2385 1325 2416 in
1354 2395 1439 2415 nova
1468 2384 1658 2415 recensione
1688 2383 1926 2423 obtemperavit
1955 2383 2034 2424 opti-

1177 2442 1239 2472 mis
1262 2442 1355 2471 codd.
1378 2440 1447 2471 Erf.
1471 2445 1501 2471 et
1525 2441 1617 2480 Teg„
1641 2440 1675 2470 in
1700 2439 1818 2480 quibus
1842 2443 1891 2470 est
1906 2439 2035 2469 honore.

1177 2495 1237 2526 Cff.
1260 2493 1369 2525 Garat.
1393 2498 1424 2524 ct
1446 2493 1633 2524 Wunderus
1657 2493 1696 2523 ad
1720 2502 1795 2524 eum
1817 2493 1938 2523 10011111.

1217 2548 1390 2590 Efficiemus
1413 2558 1475 2578 rem
1502 2547 1770 2588 ylariosz'ssimam.
1807 2546 1926 2577 Refero
1956 2546 2035 2578 haec

1175 2602 1215 2631 ad
1239 2601 1299 2631 fori
1313 2600 1526 2631 laxationem.
1549 2600 1636 2630 Nam
1654 2599 1681 2630 si
1696 2599 1776 2630 haee
1792 2608 1867 2629 cum
1887 2598 2036 2630 Beckero

1175 2654 1197 2684 l.
1219 2664 1246 2684 c.
1270 2654 1310 2684 ad
1333 2652 1501 2693 sequentia
1524 2653 1631 2693 potius
1654 2652 1815 2692 pertinere
1841 2656 1974 2688 statuas,
1993 2660 2035 2682 ne

1175 2707 1277 2738 otiosa
1301 2706 1342 2737 sit
1371 2710 1450 2746 part.
1481 2716 1562 2742 nam,
1592 2705 1668 2736 vide
1697 2714 1739 2736 ne
1770 2703 1963 2735 Ciceronem
1993 2703 2035 2734 fa-

1175 2760 1240 2791 cias
1277 2759 1446 2790 obscurius
1482 2759 1690 2789 scribentem.
1734 2757 1908 2789 Debuisset
1942 2757 2032 2788 enim

1175 2812 1372 2843 sententiam
1387 2821 1480 2842 5113111
1500 2811 1545 2842 510
1559 2810 1739 2851 explicare:
1756 2809 1927 2850 Efficit-mus
1941 2808 2036 2840 etiam

1175 2865 1271 2894 aliam
1294 2874 1356 2894 rem
1374 2862 1642 2905 qlorz'osissz'mam.
1665 2861 1770 2892 Nobis
1795 2871 1873 2892 vero
1896 2871 1967 2890 nam
1987 2870 2035 2891 or-

1176 2923 1247 2948 tum
1270 2917 1399 2948 videtur
1422 2926 1463 2947 ex
1487 2916 1605 2946 ultima
1627 2915 1755 2955 syllaba
1777 2913 1932 2944 vocabuli
1947 2922 2035 2953 prae—

1176 2971 1337 3006 cedentis3
1362 2970 1482 3000 idcirco
1505 2969 1709 3000 seclusimus.
1734 2968 1841 2998 Prava
1857 2967 2036 2997 verborum

1181 3024 1416 3064 interpunctio:
1444 3023 1514 3053 Cum
1542 3021 1676 3062 privatis
1706 3031 1765 3051 πον-ι
1791 3021 1920 3060 polemi«
1949 3022 2036 3049 tran-

1181 3076 1251 3116 sisst'.
1290 3076 1412 3106 Minore
1436 3074 1571 3115 pecunia
1594 3073 1758 3115 efficiemus
1780 3082 1842 3102 rem
1872 3071 2035 3112 qloriosis-

1179 3128 1297 3159 simam.
1333 3128 1413 3158 Nam
1437 3132 1497 3158 cet.
1528 3125 1680 3158 Manutio
1710 3124 1876 3165 imposuit.
1913 3124 1978 3154 Sed
2008 3124 2035 3154 si
