2117 3533
778 162 886 205 LIB.
919 162 995 204 IV.
1029 162 1114 205 ΕΡ.
1150 166 1188 205 2.

1775 159 1861 202 165

106 300 163 342 tia
206 312 414 341 censorum
458 299 630 354 proximi
677 297 861 339 consules
896 296 1103 349 haberent,
1152 303 1286 354 petere
1330 311 1500 353 possem,
1540 295 1716 338 votivam
1759 295 1864 350 lega-

105 372 255 413 tionem
287 371 543 426 sumpsissem
581 372 719 426 [prope
753 369 932 410 omnium
976 369 1173 421 fanorum,
1216 370 1433 425 lucorum]
1468 369 1533 411 Sic
1566 368 1673 410 enim
1705 372 1864 409 nostrae

104 445 276 486 rationes
309 443 503 485 utilitates
535 458 644 484 meae
677 442 950 498 postulabant.

102 516 264 572 petendi
296 516 358 558 vel
390 516 555 557 ineunte
588 520 738 557 aestate
772 516 960 567 exeundi,

998 443 1075 485 Sed
1108 443 1218 485 volui
1251 458 1379 484 meam
1412 446 1650 498 potestatem
1685 457 1769 484 esse
1802 441 1864 483 vel

1006 521 1046 558 et
1078 516 1232 558 interea
1264 531 1326 557 me
1360 531 1445 557 esse
1476 516 1521 556 in
1554 515 1680 556 oculis
1714 515 1864 556 civium

102 588 151 630 de
183 603 245 630 me
278 588 426 644 optime
457 588 691 630 meritorum
723 604 805 629 non
840 589 1014 630 alienum
1060 590 1215 644 putavi.
1270 590 1308 630 7.
1341 590 1402 630 Ac
1442 588 1660 629 forensium
1700 588 1863 643 quidem

101 675 233 702 rerum
265 661 362 703 haec
394 665 530 702 nostra
563 660 730 702 consilia
763 665 871 711 sunt,
907 660 1217 702 domesticarum
1247 665 1380 703 autem
1402 660 1516 702 valde
1542 661 1749 716 impedita.
1782 662 1863 703 Do-

99 747 188 774 mus
232 733 477 785 aedificatur,
519 734 596 775 scis
651 749 731 788 quo
775 738 952 789 sumptu,

999 750 1078 789 qua
1119 735 1324 785 molestia3
1368 733 1544 775 reficitur
1588 733 1862 785 Formianum,

100 806 208 862 quod
240 821 313 862 ego
344 822 418 849 nec
450 807 674 862 relinquere
707 822 869 862 possum
902 822 976 849 nec
1009 808 1167 860 videre,
1202 807 1477 850 Tusculanum
1498 805 1714 862 proscripsi
1723 823 1734 858 3
1770 805 1863 847 sub-

140 1007 155 1037 1
173 1008 283 1046 petere
314 1007 437 1048 [posse]
467 1010 523 1038 aut
555 1007 689 1038 votivam
719 1026 761 1031 —
782 1009 802 1039 2
822 1006 979 1047 szaeipere
994 1016 1093 1048 prope
1115 1005 1249 1038 omnium
1262 1006 1428 1047 fanorum,
1450 1005 1602 1036 lucorum.
1622 1022 1664 1027 -—
1681 1005 1699 1036 3
1722 1003 1863 1035 rationes

89 1059 294 1102 postulabant
316 1078 357 1083 —-
378 1060 396 1094 7
419 1060 617 1102 aedificatur.
640 1060 718 1099 Scis,
742 1071 800 1104 quo
822 1063 955 1102 sumptu,
978 1071 1039 1103 qua
1062 1059 1207 1092 molestia
1239 1059 1403 1097 reficiatur
1435 1058 1637 1090 Formianum
1657 1075 1691 1080 -

92 1256 183 1287 denti
206 1255 407 1295 iungendam
428 1255 562 1296 ponitur
583 1265 641 1296 pro
663 1255 735 1292 nisi,
759 1259 795 1286 ut
817 1255 903 1297 quod
916 1255 954 1293 si,
976 1245 980 1301 Ι
1001 1253 1057 1284 sit:
1082 1251 1132 1283 Sic
1154 1251 1245 1290 enim,
1269 1253 1305 1282 ut
1327 1250 1421 1289 nosti,
1445 1249 1586 1282 rationes
1607 1248 1764 1281 utilitatis
1777 1259 1863 1281 meae

95 1309 178 1350 quod
197 1308 279 1350 quia,
302 1308 385 1350 quod
405 1308 535 1346 utinam,
559 1309 633 1340 alia.
670 1308 718 1340 Cf.
742 1310 891 1341 Kiihner.
915 1310 956 1340 ad

97 1361 196 1392 Tusc.
219 1362 281 1392 IV.
304 1362 354 1392 36.
385 1361 498 1392 Vellem
520 1379 562 1384 —
578 1364 659 1392 esset
677 1362 723 1392 ita
737 1362 891 1402 frequens
908 1368 955 1394 est

97 1418 183 1457 apud
206 1415 401 1448 Ciceronem
424 1421 455 1448 et
477 1416 567 1453 alios,
591 1421 627 1447 ut
657 1417 810 1457 exempla
839 1416 954 1448 afferre

96 1469 336 1510 supersedeam.
380 1469 494 1500 Minus
522 1469 635 1500 tritum
666 1470 750 1500 illud
779 1475 836 1507 est,
866 1471 954 1510 quod

94 1527 166 1562 post
194 1521 270 1552 mibi
298 1523 379 1552 esset
406 1521 563 1563 inteyrum
591 1521 722 1553 additur
755 1524 790 1551 ut
818 1532 952 1562 possem.

92 1575 251 1607 Ernestus
274 1585 368 1616 posse
394 1576 488 1607 uncis
517 1576 659 1612 inclusit,
698 1576 855 1616 quoniam
889 1577 952 1615 hoc

93 1627 200 1668 ipsum
221 1628 307 1659 inest
330 1629 364 1659 in
388 1628 497 1659 verbis
520 1627 674 1667 inteqrum
697 1630 754 1658 est.
778 1627 843 1659 Sed
865 1633 952 1660 recte

93 1680 275 1721 Seyffertus
304 1681 451 1713 defendit
473 1682 517 1713 ita
541 1682 639 1713 scribi
662 1691 704 1713 ex
720 1682 833 1712 eadem
851 1682 950 1712 abun-

92 1734 205 1764 dantia
238 1734 407 1771 sermonis,
445 1744 509 1774 qua
544 1734 697 1766 dicebant
722 1733 885 1774 permitto,
915 1736 949 1764 ul

92 1785 187 1816 liceat
211 1785 294 1818 (Cic.
317 1797 347 1827 p.
371 1787 494 1824 Tullio,
518 1787 572 1826 47)
597 1787 734 1828 aliaque,
758 1787 798 1819 de
830 1787 949 1827 quibus

90 1839 253 1880 praecepit
275 1840 428 1871 Bremius
451 1840 491 1870 ad
515 1840 613 1871 Corn.
635 1840 723 1871 Milt.
750 1840 778 1877 1,
798 1839 827 1870 2.
843 1858 884 1862 -—
898 1840 947 1871 De

88 1891 246 1932 leqalione
275 1892 379 1922 votiva
407 1893 473 1923 vid.
503 1893 551 1923 ΙΙ.
582 1893 630 1930 18,
662 1894 691 1923 3.
713 1911 754 1915 -
775 1891 948 1932 Sumpsisse

89 1945 253 1976 immerito
275 1945 442 1986 displicuit
465 1945 646 1976 editoribus
668 1946 851 1976 nonnullis.
888 1945 947 1976 Est

87 1998 303 2039 aptissimum.
339 1997 389 2030 Cf.
412 2009 442 2039 p.
470 1998 580 2030 Flacc.
611 1999 668 2030 862
698 2010 739 2029 an
770 1998 946 2040 leyationes

85 2061 205 2082 sumere
226 2051 344 2082 liberas
364 2070 405 2075 —-
427 2054 543 2082 rectum
567 2053 624 2082 est.

128 2103 228 2144 Prope
248 2104 382 2134 omnium
395 2106 549 2146 fanorum
572 2105 720 2142 locorum,
742 2105 796 2136 vel
819 2115 835 2137 e
852 2105 945 2136 Bosii

87 2157 287 2188 correctione
305 2158 453 2188 lucorum.
475 2157 666 2188 Ridiculum
684 2158 945 2189 additamentiun

86 2220 162 2241 cum
185 2209 326 2240 Ernesto
348 2210 586 2241 removendum
608 2219 736 2241 censeo.
772 2210 861 2241 Nam
890 2220 944 2241 ne-

86 2272 148 2302 que
177 2263 317 2302 genitivi
336 2262 508 2303 *explicari
536 2269 683 2303 possunt,
714 2272 821 2303 neque
860 2263 943 2294 illud

85 2318 290 2358 probandum
312 2322 360 2349 est
384 2317 579 2349 Ciceronem
600 2317 739 2354 vovisse,
764 2322 808 2354 ut,
840 2317 867 2348 si
896 2327 942 2348 re-

85 2371 217 2402 stitutus
234 2371 267 2401 in
282 2371 420 2411 patriam
443 2377 536 2408 esset,
560 2371 671 2402 onmia
694 2371 746 2402 vel
761 2380 861 2412 prope
876 2382 942 2402 om-

87 2425 140 2456 nia
163 2425 238 2456 fana
261 2430 293 2456 et
316 2425 406 2456 lucos
429 2426 543 2456 adiret.
565 2425 659 2464 Quae
677 2425 856 2465 Seyffertus
872 2435 943 2465 pro-

86 2477 163 2508 tulit
191 2477 232 2507 ad
261 2477 556 2508 commendandam
591 2487 683 2508 suani
719 2477 943 2508 coniecturam

78 2542 177 2572 prope
200 2531 400 2562 communium
413 2531 569 2571 fanorum
591 2532 728 2562 lucorum
758 2532 841 2562 mihi
871 2532 941 2573 qui-

85 2584 161 2615 dem
182 2595 250 2615 non
273 2583 487 2615 satisfaciunt.

126 2636 176 2666 Sic
199 2636 279 2667 enim
300 2654 343 2659 —-
361 2636 573 2675 postulabant.
610 2635 689 2667 Post
711 2636 851 2667 Bosium
876 2636 942 2676 ple-

83 2690 175 2730 rique
198 2690 338 2720 editores
360 2690 545 2721 omiserunt
562 2689 661 2720 verba
673 2689 832 2720 utilitates
846 2700 941 2727 meae,

84 2751 169 2782 quae
191 2742 355 2781 glossema
377 2752 430 2772 vv.
460 2744 587 2772 nostrae
616 2741 757 2772 rationes
787 2751 856 2772 esse
886 2752 942 2782 pu-

83 2799 204 2825 tantur.
236 2792 451 2823 Hofinannus
480 2793 622 2824 restituit
650 2793 843 2833 scripturam
871 2794 942 2823 cod.

82 2846 181 2883 Med„
206 2846 263 2876 sed
284 2855 351 2875 non
376 2845 537 2885 explicuit
557 2854 658 2892 fluam
674 2845 872 2876 sententiam
888 2846 941 2876 tri-

84 2898 198 2929 bueret
220 2897 405 2928 rationibus,
429 2897 465 2928 Si
488 2893 742 2938 interpretamur
760 2898 940 2935 commoda,

83 2961 182 2991 quam
211 2952 279 2981 vim
315 2951 430 2982 Cicero
466 2960 561 2991 saepe
595 2951 669 2981 voci
705 2951 828 2988 tribuit,
863 2961 941 2982 sane

83 3004 240 3035 utilitates
263 3005 364 3035 otiose
387 3004 596 3035 adiiciuntur.
619 3004 779 3045 Displicet
800 3014 939 3045 quoque,

83 3059 171 3097 quod
193 3058 336 3089 rationes
360 3060 497 3094 nostrae,
525 3057 685 3089 utilitates
715 3068 800 3088 meae
829 3058 940 3089 dicun-

84 3115 145 3147 tur,
168 3112 261 3151 quasi
283 3112 360 3143 illae
390 3112 429 3142 ad
458 3111 609 3142 Atticum
638 3121 779 3152 quoque,
808 3112 870 3142 hae
900 3113 940 3143 ad

83 3164 189 3195 solum
213 3164 407 3197 ciceronem
429 3166 624 3205 pertineant.
662 3165 814 3196 Fortasse
843 3166 939 3207 scrip-
963 3192 966 3195 Δ

998 1307 1212 1348 postulabant.
1232 1305 1354 1337 Verbis
1368 1306 1413 1336 ita
1426 1305 1614 1336 constitutis
1629 1304 1771 1335 rationes
1785 1309 1864 1336 sunt

1001 1360 1126 1397 calculi,
1149 1360 1188 1390 cle
1211 1359 1408 1399 berekenings.

1041 1414 1104 1445 Sed
1124 1413 1209 1445 volui
1231 1418 1291 1445 cet.
1314 1413 1496 1454 Seyffertus
1519 1417 1607 1444 recte
1629 1418 1731 1453 negat
1750 1413 1862 1444 111010-

1000 1477 1076 1498 cum
1099 1475 1170 1497 esse
1192 1466 1372 1507 particulae
1395 1465 1629 1502 adversativae,
1655 1465 1765 1505 itaque
1794 1475 1862 1496 cor-

999 1519 1095 1559 rigit:
1119 1521 1150 1549 et
1172 1518 1256 1549 volui
1278 1537 1320 1541 —
1340 1520 1371 1548 et
1388 1517 1514 1558 putavi.
1547 1516 1664 1549 Cicero
1688 1518 1733 1548 ita
1754 1517 1861 1559 dispu-

998 1576 1061 1603 tat:
1085 1571 1223 1602 Utilitas
1245 1580 1320 1602 mea
1344 1571 1510 1608 suadebat,
1533 1575 1570 1601 ut
1597 1571 1745 1601 votivam
1773 1571 1860 1611 lega·

997 1625 1123 1656 tionem
1150 1634 1327 1656 sumerem.
1371 1625 1490 1665 Itaque
1526 1624 1730 1664 legationem
1764 1624 1859 1656 illam

997 1677 1248 1709 frumentariam
1270 1687 1337 1708 non
1360 1677 1459 1718 plane
1483 1677 1602 1718 accepi,
1627 1678 1684 1709 sed
1706 1677 1790 1709 mihi
1812 1687 1859 1709 re-

996 1732 1126 1763 servavi
1148 1732 1202 1763 vel
1225 1731 1417 1763 facultatem
1439 1732 1600 1772 petendae
1624 1740 1782 1763 censurae
1803 1732 1859 1763 vel

994 1786 1116 1817 liberae
1138 1786 1317 1826 legationis
1340 1785 1523 1824 obeundae,
1548 1786 1575 1817 si
1598 1785 1681 1817 mihi
1716 1786 1857 1817 alterum

994 1843 1103 1869 utrum
1124 1838 1239 1869 utilius
1262 1838 1440 1869 videretur.

1037 1891 1053 1930 ξ
1077 1890 1105 1923 7.
1127 1890 1243 1921 Domus
1263 1889 1466 1931 aedificatur,
1490 1889 1552 1920 scis
1574 1900 1632 1931 quo
1649 1891 1781 1930 sumptu,
1796 1900 1858 1931 qua

992 1944 1135 1974 molestia
1143 1958 1154 1980 ,-
1179 1944 1320 1984 reficitur
1343 1943 1545 1975 Formianum
1567 1949 1628 1975 cet.
1659 1944 1771 1975 Verba
1795 1945 1857 1975 dis-

989 1998 1075 2029 tinxi
1097 2008 1173 2028 cum
1197 1997 1233 2030 C.
1255 1998 1294 2029 F.
1317 1998 1524 2029 Hermanno.
1547 1997 1636 2027 Nam
1659 1997 1694 2028 in
1719 1998 1855 2038 vulgari

987 2050 1197 2081 distinctione
1212 2050 1328 2080 Domus
1344 2049 1543 2090 aedificatur.
1558 2048 1624 2081 Scis
1638 2060 1696 2091 quo
1725 2052 1856 2091 sumptu,

990 2114 1050 2144 qua
1065 2103 1207 2134 molestia
1223 2104 1387 2144 reficiatur
1401 2103 1600 2134 Formianum
1610 2103 1758 2141 offendit,
1768 2105 1855 2145 quod

988 2156 1028 2186 de
1050 2156 1148 2186 domo
1171 2157 1256 2186 nihil
1279 2157 1463 2193 nuntiatur,
1495 2155 1560 2186 nisi
1588 2156 1676 2196 quod
1705 2156 1855 2187 aedifica-

992 2213 1053 2245 tur,
1077 2212 1108 2238 et
1131 2209 1220 2248 quod
1244 2208 1278 2239 111
1301 2208 1481 2238 Formiano
1504 2212 1615 2238 tantus
1636 2212 1787 2247 sumptus
1799 2217 1853 2248 po-

989 2260 1087 2297 nitur,
1112 2266 1144 2291 et
1167 2261 1255 2301 quod
1277 2260 1362 2290 illud
1385 2265 1513 2291 tantum
1544 2259 1714 2291 molestiae
1743 2260 1853 2291 habet.

989 2313 1066 2343 Vid.
1089 2313 1288 2353 Philologus
1311 2312 1356 2343 X.
1381 2313 1442 2343 239
1467 2322 1514 2353 sq.

1034 2366 1123 2407 Quod
1144 2377 1197 2406 eyo
1220 2376 1276 2397 nec
1298 2366 1477 2407 relinquere
1492 2376 1621 2407 possum
1649 2375 1706 2397 nec
1736 2365 1853 2398 videre.

991 2434 1003 2444 υ
1014 2420 1091 2450 Non
1115 2420 1302 2461 relinquere
1321 2424 1452 2460 propter
1467 2429 1614 2451 amorem
1629 2419 1721 2450 illius
1739 2420 1850 2458 villae,

990 2482 1049 2503 nec
1073 2472 1185 2504 videre
1208 2477 1340 2513 propter
1362 2473 1511 2503 dolorem
1536 2481 1553 2503 e
1576 2472 1706 2503 ruina.”
1729 2473 1810 2503 Ern.

1028 2526 1235 2556 Tusculanum
1253 2525 1446 2566 proscripsz'5
1470 2526 1647 2556 subm-hano
1661 2526 1772 2566 facile
1802 2536 1851 2557 ca-

990 2592 1052 2612 reo.
1084 2581 1250 2613 Revocavi
1273 2582 1360 2622 quod
1383 2582 1417 2612 111
1440 2582 1593 2613 Mediceo
1615 2582 1722 2623 prima
1751 2592 1853 2613 manu

972 2635 1145 2675 ,seriptum
1175 2641 1233 2665 est.
1273 2635 1361 2665 Nam
1393 2635 1621 2665 suburbanum
1661 2640 1711 2665 est
1746 2635 1854 2675 ipsum

986 2688 1225 2724 Tusculanum,
1261 2688 1348 2728 quod
1384 2688 1411 2719 si
1450 2698 1526 2718 cum
1564 2688 1738 2719 remotiore
1774 2687 1856 2719 For-

987 2741 1100 2771 miano
1132 2740 1352 2780 componitur,
1384 2745 1512 2781 poterat
1542 2741 1769 2771 suburbanum
1798 2750 1852 2772 vo-

989 2794 1066 2825 cari.
1107 2793 1261 2833 Negatio,
1286 2803 1369 2834 quae
1394 2794 1539 2824 secunda
1564 2803 1683 2824 manus
1714 2794 1854 2826 inseruit

988 2852 1063 2877 ante
1083 2845 1190 2886 facile
1222 2856 1289 2876 non
1320 2851 1368 2877 est
1396 2846 1541 2884 ferenda,
1577 2846 1641 2877 nisi
1684 2852 1740 2877 aut
1776 2857 1851 2878 cum

988 2900 1180 2937 Atekenio,
1207 2900 1313 2930 Cicero
1335 2911 1394 2931 aus
1417 2901 1526 2931 seinen
1557 2900 1699 2940 Briefen,
1730 2911 1760 2941 p.
1792 2902 1851 2933 138

985 2954 1122 2985 nomina
1144 2953 1349 2984 Formianum
1366 2959 1397 2985 et
1419 2954 1627 2985 Tusculanum
1647 2959 1851 2996 transponas,

988 3013 1041 3038 aut
1072 3008 1152 3038 haec
1182 3007 1227 3038 ita
1255 3009 1394 3039 scribas:
1434 3008 1643 3039 Tusculanum
1667 3009 1853 3050 proseripsi,

990 3061 1049 3091 etsi
1078 3059 1254 3090 suburbano
1284 3070 1345 3091 non
1364 3060 1470 3100 filcile
1499 3070 1602 3098 careo,
1638 3066 1694 3091 aut
1728 3067 1853 3093 statuas

988 3113 1198 3143 sabim-baama
1222 3122 1292 3144 esse
1314 3113 1429 3144 villam
1449 3113 1578 3145 tertiam
1594 3114 1705 3145 minus
1719 3115 1760 3145 ab
1774 3115 1854 3146 urbe

988 3170 1156 3202 remotam,
1179 3175 1278 3206 quam
1301 3165 1538 3203 Tusculanum,
1563 3173 1597 3198 ut
1626 3171 1673 3199 est
1695 3167 1729 3199 in
1752 3167 1852 3199 XVI.
