2117 3533
206 936 239 962 10

204 1310 235 1336 15

259 137 346 177 152
662 133 747 174 ΕΡ.
781 131 857 172 ΑΙ)
889 130 936 171 Τ.
970 127 1319 170 POMPONIUM
1351 126 1614 169 ATTICUM.

260 284 409 320 GAvl'r,
444 280 711 318 DEROGAVIT,
745 276 1012 314 OBROGAVIT,
1048 277 1102 304 013
1136 276 1227 303 EAM
1262 276 1351 304 REM
1385 275 1556 304 POENAE
1590 276 1822 304 MVLTAEVE
1854 275 1936 313 srr,
1971 276 2010 303 Ε.

261 359 308 385 Η.
343 358 381 383 L.
417 356 460 383 Ν.
496 356 538 382 R.
596 343 636 381 4.
671 341 805 394 Atque
838 338 913 379 1106
946 337 990 378 111
1022 336 1102 378 illis
1134 334 1310 377 tribunis
1343 335 1398 391 pl.
1433 350 1515 376 non
1546 334 1755 387 laedebat3
1789 336 1876 390 lege
1909 335 2016 376 enim

261 415 418 470 collegii
460 413 522 455 sui
555 428 637 454 non
681 411 936 452 tenebantur.
992 409 1082 468 Quo
1125 408 1251 449 maior
1292 412 1352 449 est
1395 407 1568 462 suspicio
1611 407 1787 449 malitiae
1831 407 2015 458 alicuius,

261 503 385 543 quum
417 486 473 537 id,
510 484 616 540 quod
650 484 700 526 ad
734 484 841 539 ipsos
873 482 976 523 nihil
1010 480 1250 537 pertinebat,
1285 485 1370 521 erat
1403 485 1538 521 autem
1571 485 1708 522 contra
1741 496 1817 531 me,
1852 480 2016 535 scripse-

259 565 374 603 runt:
409 564 456 600 ut
488 559 582 600 novi
614 557 770 599 tribuni
802 557 872 612 pL,
907 555 940 596 si
974 559 1107 596 essent
1138 553 1374 604 timidiores,
1409 554 1535 594 multo
1568 554 1695 608 magis
1718 554 1864 595 sibico
1887 553 2017 608 capite

258 633 456 676 utendum
487 636 690 688 putarent.
734 631 877 684 Neque
909 629 952 670 id
987 644 1009 669 a
1036 627 1176 669 Clodio
1209 627 1531 682 praetermissum
1564 631 1638 667 est.
1687 627 1803 668 Dixit
1835 627 1941 668 enim
1974 627 2017 667 in

260 707 446 748 contione
492 720 528 746 a.
574 703 614 744 d.
648 716 718 744 111.
753 702 863 743 Non.
896 701 1003 742 Nov.
1037 700 1113 740 1106
1154 699 1283 754 capite
1324 698 1544 753 designatis
1588 698 1763 740 tribunis
1806 699 1861 754 pl.
1905 713 2016 754 prae-

260 779 454 834 scriptum
493 792 577 818 esse
622 775 718 830 quid
750 775 902 816 liceret.
956 774 1106 815 Tamen
1137 772 1181 813 in
1213 772 1299 826 lege
1332 771 1444 812 nulla
1477 787 1561 812 esse
1594 771 1790 813 eiusmodi
1824 776 1945 826 eaput
1977 775 2017 812 te

259 867 341 894 non
374 851 490 901 fallit,
536 865 628 903 quo,
671 848 705 889 si
739 863 838 902 opus
872 851 989 897 esset,
1025 860 1160 886 omnes
1193 845 1236 885 in
1270 843 1499 898 abrogando
1540 849 1763 885 uterentur.
1817 845 1875 885 Ut
1914 844 2017 885 Nin-

259 925 373 966 nium
418 928 488 964 aut
531 926 681 963 eeteros
723 919 871 975 fugerit
913 918 1130 973 investiges
1182 917 1315 967 velim,
1360 921 1400 957 et
1443 917 1532 970 quis
1575 917 1767 968 attulerit,
1818 922 1858 958 et
1897 931 2018 972 quare

260 1001 349 1038 octo
381 995 536 1037 tribuni
568 994 623 1050 pl.
658 993 708 1035 ad
745 997 926 1034 senatum
959 992 1007 1032 de
1040 1007 1103 1032 me
1136 990 1280 1032 referre
1314 1005 1395 1031 non
1419 989 1656 1041 dubitarint,
1684 1015 1740 1020 —
1760 991 1785 1035 †
1809 991 1889 1032 sive
1911 990 2018 1046 quod

260 1068 552 1111 observandum
583 1067 685 1108 iliud
719 1071 840 1122 eaput
871 1081 953 1106 non
986 1064 1185 1120 putabant
1219 1088 1276 1092 —
1310 1063 1433 1104 iidem
1467 1064 1511 1104 in
1544 1062 1773 1118 abrogando
1796 1069 1879 1105 tam
1909 1063 2018 1105 cauti

258 1142 422 1192 fuerint,
457 1145 503 1181 ut
534 1139 577 1181 id
609 1142 848 1189 metuerent,
883 1137 1004 1179 soluti
1037 1152 1162 1191 quum
1185 1140 1331 1186 essent,
1366 1135 1473 1190 quod
1497 1136 1616 1176 neiis
1641 1136 1816 1190 quidem,
1842 1137 1910 1190 qui
1931 1136 2018 1191 lege

257 1219 459 1263 tenentur,
493 1218 553 1255 est
585 1213 821 1254 curandum.
871 1211 921 1252 Id
955 1215 1076 1265 caput
1117 1225 1210 1250 sane
1251 1208 1375 1249 nolim
1416 1224 1540 1249 novos
1582 1208 1766 1250 tribunos
1805 1209 1860 1264 pl.
1902 1208 2017 1259 ferre,

258 1288 327 1330 sed
360 1286 560 1343 perferant
592 1285 732 1327 modo:
769 1284 988 1339 quidlibet,
1023 1298 1104 1324 uno
1145 1282 1288 1337 capite,
1332 1297 1410 1336 quo
1442 1281 1669 1333 revocabor,
1706 1308 1762 1312 ——
1796 1283 1914 1324 modo
1957 1297 2019 1323 res

259 1361 491 1403 conficiatur
526 1384 583 1390 —-
617 1374 683 1400 ero
717 1361 943 1399 contentus.
978 1356 1065 1398 Iam
1099 1355 1253 1396 dudum
1284 1354 1410 1410 pudet
1442 1359 1524 1395 tam
1556 1355 1696 1396 multa
1721 1354 1906 1396 seribere.
1940 1356 2019 1396 Ve-

258 1446 346 1473 reor
379 1432 499 1483 enim,
532 1447 583 1473 ne
616 1447 658 1473 re
690 1432 771 1473 iam
805 1432 1012 1486 desperata
1044 1429 1168 1484 legas,
1202 1433 1249 1470 ut
1281 1428 1378 1468 haee
1411 1443 1499 1469 mea
1532 1427 1742 1483 diligentia
1779 1426 2018 1469 miserabiJis

299 1620 318 1650 8
340 1618 417 1661 quid
436 1618 546 1650 liceret
553 1631 564 1655 ;
587 1619 691 1649 tamen
712 1636 754 1642 —
776 1618 794 1649 9
806 1617 916 1659 fallit.
941 1617 1032 1659 Quod
1050 1619 1079 1650 si
1101 1638 1142 1642 —
1164 1620 1201 1650 11
1224 1621 1241 1656 †
1262 1619 1346 1650 sitne
1367 1637 1407 1641 -—
1428 1619 1465 1649 15
1484 1617 1653 1660 perferant
1674 1617 1762 1649 modo
1783 1616 1864 1658 quod
1883 1616 1958 1648 libet
1980 1634 2021 1640 —-

258 1800 289 1830 p.
319 1789 378 1820 263
409 1787 588 1828 corrigenti
621 1795 739 1817 Pom-A
772 1795 808 1816 m
838 1795 1003 1817 roeLTAVE
1033 1795 1115 1824 smr,

259 1852 361 1883 quiun
388 1841 487 1882 paulo
516 1845 591 1871 ante
625 1840 659 1870 in
697 1840 811 1870 eodem
841 1840 930 1870 Med.
961 1840 1118 1880 scriptum

259 1954 368 1979 ortum
391 1958 459 1979 esse
484 1957 526 1978 ex
548 1947 607 1977 viu
628 1952 666 1977 ut
688 1946 728 1976 sit
752 1955 891 1981 Qr‘onvn
914 1955 949 1976 Er
971 1955 1039 1981 Qm.

301 2010 332 2031 E.
367 2010 401 2031 H.
436 2010 466 2031 L.
498 2009 530 2030 N.
552 2009 585 2030 R.
608 2010 640 2030 o:
665 1999 734 2030 eius
762 1999 823 2028 hae
853 1999 926 2037 lege
955 1998 1039 2028 nihil
1069 2008 1117 2028 ro-

259 2060 363 2097 gatiu·.
386 2066 416 2095 p.
441 2054 535 2086 Caec.
558 2055 608 2085 33.
643 2053 800 2092 Vulgaris
824 2057 872 2083 est
894 2053 1008 2092 legum
1030 2052 1116 2082 elau-

259 2109 340 2146 sula,
377 2109 417 2139 de
453 2118 518 2148 qua-
554 2106 640 2138 conf.
686 2106 876 2138 Brissonius
921 2107 960 2137 de
1005 2105 1117 2136 Form.

259 2164 306 2194 II.
337 2163 386 2193 19.

301 2218 319 2257 ξ
341 2219 372 2248 4.
395 2216 474 2258 Leye
497 2215 577 2246 enim
600 2215 723 2256 colleqz'z'
751 2215 801 2244 sui
831 2225 891 2245 non
920 2213 1117 2244 tenebantur.

261 2270 404 2302 Orellius
445 2269 479 2300 in
517 2269 571 2299 alt.
612 2268 689 2299 edit.
724 2267 889 2298 revocavit
925 2267 1116 2307 scripturam

261 2324 360 2360 Med„
384 2332 486 2363 quum
509 2327 606 2352 antea
629 2329 671 2351 ex
701 2320 906 2351 Ascensiana
938 2320 1118 2360 scripsisset

261 2377 400 2417 colle-que
420 2375 481 2406 sui.
494 2375 604 2406 Recte.
627 2374 714 2404 Nam
731 2373 846 2405 Cicero
861 2373 1031 2404 contendit
1045 2378 1117 2403 octo

262 2433 410 2464 tribunos
432 2442 499 2462 non
522 2430 627 2462 teneri
650 2430 732 2469 lege,
767 2439 850 2469 quae
882 2439 899 2459 a
930 2429 966 2460 P.
1002 2429 1119 2460 Clodio

262 2488 415 2517 adversus
437 2484 570 2521 collegii
604 2483 803 2514 sententiam
831 2483 897 2513 lata
930 2487 1006 2513 erat.
1040 2483 1120 2513 Ideo

262 2550 342 2571 mox
364 2539 475 2570 scribit
487 2539 527 2568 de
538 2538 670 2568 iisdem:
691 2536 788 2567 soluti
799 2547 887 2577 quum
905 2538 1018 2566 essent.
1041 2536 1123 2566 Loci

262 2591 462 2624 sententiam
494 2595 580 2621 recte
616 2589 777 2629 expressit
805 2589 1002 2619 Wielandus
1024 2589 1070 2619 II.
1092 2599 1124 2628 p,

263 2646 333 2675 100.
350 2659 363 2669 υ
375 2644 457 2673 Aber
472 2652 567 2673 unsre
583 2642 657 2671 aoht
675 2641 829 2671 Tribzmen
843 2641 1003 2680 haltenja,
1020 2640 1123 2670 m'clzts

264 2708 301 2728 zu
324 2696 517 2737 basiare-letan,
541 2694 583 2725 da
606 2695 665 2725 das
689 2694 800 2724 Gesetz
815 2694 870 2723 cles
895 2693 1020 2724 Clodius
1042 2693 1122 2723 ohne

263 2750 331 2780 ihre
366 2748 596 2789 Beffstz'mmunq
628 2746 773 2787 yeqeberz,
806 2746 875 2776 also
908 2745 980 2775 kein
1013 2745 1122 2775 Geselz

264 2803 348 2833 ile-es
380 2801 565 2842 Colleyz'ums
595 2811 667 2836 war,
692 2799 757 2829 und
784 2799 879 2830 ilmerz
899 2797 1041 2839 fijlqlich
1071 2798 1122 2828 die

264 2855 381 2886 Hiinde
403 2854 489 2885 m'ehl
512 2852 622 2884 binden
646 2853 794 2883 kbnnle.”

305 2909 437 2939 Licerel.
463 2907 577 2937 Tamen
600 2912 661 2937 eet.
685 2907 735 2937 Ita
758 2906 1030 2946 distinguendum
1053 2914 1121 2937 esse

261 2964 289 2994 Ι.
311 2963 348 2993 F.
372 2961 558 2993 Gronovius
582 2961 649 3004 iani
671 2960 809 2991 monuit.

307 3015 381 3055 Quo,
404 3014 433 3043 si
454 3023 528 3053 opus
550 3015 641 3050 essee,
664 3022 766 3043 omnes
790 3031 830 3035 —
854 3014 1027 3043 uterentur.
1066 3011 1121 3042 Sic

262 3069 337 3100 dedi
373 3069 413 3098 de
448 3067 610 3107 Madvigii
647 3067 732 3097 coni.
776 3067 861 3107 apud
906 3066 1122 3105 XVesenberg.

262 3122 399 3152 Emend.
423 3130 452 3160 p.
477 3120 524 3152 Te.

1211 1787 1249 1819 Ut
1271 1787 1419 1818 Ninnium
1442 1790 1498 1818 aut
1522 1789 1639 1818 celeros
1653 1786 1778 1827 suffer-it
1800 1796 1832 1817 o:
1857 1786 2021 1827 quomodo

1140 1872 1141 1879 1
1164 1841 1230 1872 illis
1254 1852 1320 1871 non
1345 1841 1472 1872 venerit
1495 1841 1528 1871 in
1551 1844 1705 1877 mentem,
1736 1838 1895 1870 eiusmodi
1924 1842 2021 1879 eaput

260 1900 344 1928 esset
366 1904 459 1932 QUOD
483 1904 550 1925 VEL
576 1903 643 1930 om.
666 1894 777 1925 Facile
801 1893 890 1924 enim
905 1898 1036 1934 apparet
1051 1903 1118 1924 vni,

1167 1894 1200 1924 in
1224 1894 1317 1924 nulla
1340 1893 1439 1924 simili
1473 1894 1546 1933 lege
1575 1902 1653 1924 esse.
1697 1892 1751 1923 Ex
1780 1896 1852 1922 octo
1880 1891 2021 1922 tribunis

1141 1945 1142 1949 ’
1167 1947 1275 1977 solum
1304 1947 1343 1977 L.
1373 1946 1537 1976 Ninnium
1577 1945 1736 1982 nominat,
1777 1944 1935 1985 quoniam
1967 1944 2020 1975 hic

1167 1999 1232 2029 iam
1255 2005 1350 2030 antea
1373 2000 1413 2029 (le
1437 1998 1597 2029 Cicerone
1619 1998 1804 2028 revocando
1820 1998 1859 2027 ad
1871 2001 2020 2027 senatum

1166 2052 1331 2089 retulerat,
1347 2052 1387 2082 cf.
1403 2051 1487 2083 Sest.
1507 2052 1556 2082 68.
1580 2051 1645 2081 Pro
1664 2052 1720 2080 aut
1735 2050 1920 2090 Malaspina
1934 2054 2020 2081 reete

1165 2116 1211 2143 ac,
1235 2106 1344 2137 minus
1368 2111 1453 2137 recte
1483 2107 1517 2135 vt
1547 2105 1743 2146 requirebat.
1776 2104 1937 2135 Similiter
1965 2105 2020 2134 aut

1165 2169 1223 2200 pro
1253 2168 1290 2189 ac
1318 2159 1434 2200 optimi
1467 2159 1544 2189 libri
1572 2158 1730 2199 praebent
1760 2158 1857 2188 Tusa.
1887 2157 1930 2187 V.
1960 2157 2019 2187 115

1166 2214 1418 2254 (delet-lationem
1440 2214 1537 2245 animi
1560 2215 1615 2244 aut
1638 2213 1840 2253 voluptatem)
1865 2218 1896 2244 et
1926 2222 2021 2254 saepe

1165 2268 1255 2298 alias.
1284 2268 1402 2307 Longe
1431 2267 1525 2298 aliter
1552 2266 1764 2297 Hofmannus
1795 2266 1875 2297 haee
1903 2266 2020 2296 consti-

1166 2321 1244 2351 tuit:
1268 2330 1326 2361 qao
1347 2320 1375 2349 si
1397 2329 1472 2360 opus
1495 2321 1575 2349 esset
1598 2327 1700 2349 onmes
1721 2317 1755 2348 in
1770 2318 1948 2358 abrossando
1964 2317 2022 2355 uti,

1166 2372 1273 2402 miram
1298 2375 1331 2402 ut
1357 2375 1473 2402 ceteros
1487 2371 1622 2412 fuyerit.
1646 2370 1820 2411 Irwestz'qes
1849 2374 1908 2401 cet.
1944 2370 2020 2401 Non

1169 2436 1265 2456 ausus
1287 2436 1360 2456 suni
1381 2426 1461 2456 haee
1484 2425 1637 2465 recipere.

1215 2478 1290 2518 Quis
1320 2478 1475 2508 attulerit.
1513 2492 1525 2502 u
1540 2477 1623 2515 Quis
1657 2476 1784 2507 audivit
1812 2476 1877 2506 diei
1905 2477 2022 2517 afferre

1169 2543 1228 2573 pro
1251 2531 1458 2563 adscribere?
1482 2531 1700 2562 Scribendum
1718 2530 1880 2561 addiderit
1896 2531 1949 2562 ve]
1967 2531 2021 2561 ad-

1169 2588 1312 2618 iecerit?
1335 2588 1362 2618 Ι.
1384 2587 1421 2618 F.
1445 2586 1639 2618 Gronovius.

1211 2642 1228 2677 †
1249 2639 1318 2669 Sine
1347 2639 1436 2680 quod.
1465 2640 1554 2670 Med.
1595 2640 1634 2669 Id
1663 2638 1867 2670 defensorem
1896 2637 2024 2668 invenit

1170 2694 1351 2730 Klotznim,
1374 2693 1430 2734 qui
1454 2693 1636 2733 suspicatur
1658 2693 1796 2723 alterurn
1826 2691 2021 2728 membrum,

1170 2757 1187 2777 a
1210 2747 1369 2787 particula
1389 2747 1455 2777 sive
1474 2747 1635 2786 incipiens
1648 2757 1666 2777 a
1683 2745 1826 2776 librariis
1843 2754 1912 2776 esse
1927 2745 2022 2776 omis-

1169 2811 1250 2832 sum.
1286 2802 1414 2832 Manut.
1450 2810 1532 2831 corr.
1565 2800 1593 2830 si
1632 2799 1721 2837 enim,
1765 2799 1883 2830 Bosius
1929 2798 2021 2835 sitne,

1169 2854 1406 2884 Lallemandus
1438 2852 1570 2883 scilieet.
1607 2852 1800 2882 Hofmanno
1829 2850 1907 2888 iure,
1941 2850 2021 2881 mihi

1169 2907 1275 2946 magis
1296 2907 1401 2947 placet
1423 2916 1500 2936 sane
1521 2905 1611 2946 quod.

1211 2959 1273 2990 Sed
1293 2959 1461 3000 perferant
1494 2959 1600 2989 modo:
1629 2957 1788 2999 quidlibet.
1824 2957 1875 2988 Ita
1910 2956 2023 2987 distin-

1170 3013 1339 3052 guendum
1362 3019 1448 3052 puto.
1479 3012 1595 3043 Cicero
1616 3011 1678 3042 hoc
1700 3011 1787 3041 vult:
1811 3010 1868 3041 sed
1890 3015 2022 3041 conten-

1171 3071 1222 3096 tus
1252 3075 1316 3102 ero,
1347 3065 1474 3097 etiamsi
1505 3065 1587 3096 illud
1615 3063 1815 3105 pertulerint.
1855 3062 2024 3104 Quidquid

1169 3120 1208 3150 iis
1232 3119 1335 3158 placet
1359 3119 1528 3159 perferant.
