2117 3533
707 163 814 205 LIB.
850 164 900 205 V.
935 164 1019 206 ΕΡ.
1057 165 1128 206 20.
1165 166 1237 207 21.

1764 165 1849 206 245

93 303 131 339 te
166 297 318 353 scripsi,
353 297 402 339 de
436 298 554 339 domo
588 299 797 340 Pammeni
832 298 901 340 des
935 314 1093 354 operam
1128 305 1180 350 et,
1217 301 1322 355 quod
1356 305 1426 342 tuo
1460 315 1626 354 meoque
1660 299 1852 341 beneficio

92 385 189 427 puer
222 369 357 421 habet,
392 386 505 412 cures
538 387 588 414 ne
622 387 700 426 qua
732 372 886 413 ratione
921 373 1181 415 convellatur.
1218 374 1387 428 Utrique
1422 379 1602 415 nostrum
1639 373 1852 414 honestum

91 443 288 493 existimo,
330 447 417 484 tum
448 443 548 484 mihi
582 444 657 485 erit
688 449 929 499 pergratum.

135 609 150 639 1
175 609 231 639 des
253 619 388 649 operam,
412 610 447 638 ut
468 627 510 632 —

136 757 154 797 ξ
178 757 226 787 10.
248 756 297 787 De
308 757 396 787 domo
413 756 575 787 Pammeni.
594 756 711 787 Postea
721 757 846 787 scribit:
861 756 948 787 Pam-
970 782 972 784 .

92 809 195 840 menia
217 809 276 839 illa
299 809 374 840 mz'hz'
386 810 594 850 nonplaeent,
615 809 674 840 VI.
693 810 720 846 2,
740 809 787 846 10,
812 818 895 849 quae
909 810 949 839 ad
971 840 972 854 χ

995 759 1153 788 et-emes
1161 762 1286 789 certum
1295 759 1454 789 mendum
1462 758 1632 789 sustulisse
1643 759 1723 789 mihi
1733 759 1854 790 videor.

1041 808 1168 851 Utrique
1189 821 1222 841 n.
1247 811 1408 842 honestam
1431 811 1584 842 exislz‘vm.
1609 812 1730 843 Melius·
1753 818 1854 843 esset:

94 864 180 894 idem
203 863 372 903 negotium
395 868 550 904 spectant,
577 862 765 903 ceteroquin
789 863 948 903 ignotum.
996 863 1039 893 Id
1059 864 1182 906 utrique
1205 876 1234 895 η.
1258 866 1278 895 lc
1314 865 1468 902 existimo,
1492 870 1548 895 aut
1570 872 1606 896 ut
1628 866 1767 896 coniecit
1792 867 1856 896 Bu-

93 918 159 949 Sed
172 918 245 948 illa:
274 917 317 947 Tu
335 918 423 948 velim
437 937 476 940 —
490 917 544 948 des
555 928 686 958 operam,
702 919 880 948 zar—cures
897 928 950 948 ne-
972 915 973 929 ³
997 919 1147 950 chelerus
1170 920 1191 950 l.
1221 930 1264 951 c.:
1304 919 1346 951 Id
1375 931 1463 961 quum
1488 921 1648 951 honestum
1673 921 1796 963 utrique
1826 933 1855 951 η.

94 972 175 1003 mini
185 971 359 1003 offensioni
372 971 588 1003 fuissemiror.
599 971 754 1003 Scribens
764 972 952 1012 desoperam
972 959 975 993 l
997 972 1151 1009 emistimo,
1176 975 1238 1004 lum
1261 974 1337 1005 milei
1359 974 1420 1006 erit
1437 977 1632 1016 perflatum.

692 1078 807 1120 XXI.

873 1080 937 1132 (Α.
981 1079 1025 1119 U.
1064 1080 1105 1120 C.
1145 1080 1260 1134 704.)

162 1196 200 1234 1.
233 1194 287 1234 Te
320 1193 363 1234 in
396 1193 565 1248 Epirum
599 1193 753 1234 salvum
788 1194 942 1235 venisse
976 1200 1028 1245 et,
1064 1199 1110 1235 ut
1142 1193 1298 1244 scribis,
1339 1212 1385 1237 ex
1420 1197 1619 1238 sententia
1652 1198 1859 1252 navigasse

97 1267 351 1308 veliementer
391 1266 562 1320 gaudeo,
604 1281 685 1307 non
720 1281 803 1306 esse
839 1267 988 1308 Romae
1021 1282 1109 1308 meo
1142 1272 1320 1322 tempore
1364 1270 1658 1324 pernecessario
1702 1269 1861 1310 submo-

95 1340 193 1381 leste
227 1339 323 1390 fero,
358 1339 433 1380 hoc
466 1354 528 1379 me
562 1344 696 1379 tamen
731 1338 932 1380 consolor:
980 1355 1061 1380 non
1096 1355 1209 1395 spero
1252 1346 1292 1381 te
1332 1341 1423 1382 istic
1467 1342 1643 1383 iucunde
1688 1343 1862 1384 hiemare

96 1418 136 1454 et
168 1412 340 1454 libenter
373 1411 635 1465 requiescere.
673 1414 713 1451 2.
748 1411 925 1462 Cassius,
961 1411 1082 1453 frater
1116 1412 1168 1464 Q.
1203 1412 1346 1463 Cassii,
1379 1413 1586 1456 familiaris
1609 1416 1685 1466 tui,
1710 1416 1863 1471 puden·
1903 1429 1918 1453 5

96 1485 216 1527 tiores
249 1485 338 1526 illas
371 1484 507 1526 literas
540 1484 702 1525 miserat
737 1509 793 1513 —
829 1483 877 1524 de
923 1483 1070 1539 quibus
1113 1489 1160 1526 tu
1204 1501 1251 1527 ex
1296 1501 1358 1528 me
1407 1488 1592 1542 requiris,
1638 1489 1737 1544 quid
1787 1489 1865 1531 sibi

98 1559 297 1600 voluerint
331 1583 387 1587 —
423 1573 542 1612 quam
576 1572 655 1608 eas,
692 1572 789 1612 quas
822 1562 961 1612 postea
994 1558 1117 1609 misit,
1144 1558 1292 1614 quibus
1315 1575 1384 1615 per
1409 1577 1449 1602 se
1473 1561 1614 1603 scribit
1638 1562 1864 1604 confectum

99 1647 183 1673 esse
217 1631 451 1673 Parthicum
485 1630 649 1672 bellum.
686 1631 948 1672 Recesserant
980 1632 1041 1672 illi
1074 1632 1238 1687 quidem
1272 1633 1322 1674 ab
1358 1635 1576 1676 Antiochia
1610 1640 1701 1677 ante
1725 1635 1865 1678 Bibuli

97 1706 327 1756 adventum,
362 1704 431 1746 sed
463 1704 575 1745 nullo
608 1709 743 1745 nostro
777 1702 1120 1764 εὐημερήματι.
1172 1707 1306 1749 Hodie
1340 1724 1432 1749 vero
1468 1709 1650 1751 hiemant
1684 1709 1727 1751 in
1769 1710 1865 1765 Cyr-

97 1778 270 1820 rhestica
302 1778 600 1833 maximumque
636 1777 786 1819 bellum
818 1778 1038 1834 impendet.
1080 1780 1186 1821 Nam
1221 1785 1261 1822 et
1296 1781 1436 1833 Orodi,
1472 1783 1575 1838 regis
1610 1783 1916 1834 Parthorum,10

96 1853 202 1894 filius
235 1852 278 1893 in
311 1852 517 1907 provincia
550 1857 686 1893 nostra
726 1857 799 1903 est,
842 1867 915 1895 nec
949 1852 1111 1895 dubitat
1144 1854 1359 1897 Deiotarus
1394 1880 1452 1886 —
1487 1857 1601 1898 cuius
1634 1857 1716 1897 filio
1749 1861 1866 1912 pacta

97 1929 158 1966 est
190 1924 424 1966 Artavasdis
458 1925 552 1976 filia,
588 1941 637 1966 ex
671 1940 748 1979 quo
782 1926 875 1967 sciri
909 1930 1041 1981 potest
1075 1953 1148 1978 —,
1183 1928 1282 1982 quin
1306 1943 1397 1970 cum
1421 1929 1609 1971 omnibus
1632 1930 1758 1985 copiis
1781 1930 1867 1985 ipse

97 1998 226 2053 prima
259 2002 407 2039 aestate
442 1998 678 2054 Euphraten
711 1999 956 2040 transiturus
991 1999 1056 2040 sit.
1091 2000 1183 2051 Quo
1217 2006 1352 2042 autem
1386 2001 1450 2043 die
1474 2002 1603 2044 Cassii
1625 2003 1764 2045 literae
1788 2003 1868 2045 vic-

98 2071 216 2111 trices
248 2071 291 2112 in
325 2076 468 2112 senatu
499 2071 688 2112 recitatae
730 2075 839 2122 sunt,
881 2071 924 2112 id
968 2076 1042 2123 est,
1087 2073 1220 2114 Nonis
1266 2073 1525 2126 Octobribus,
1572 2075 1711 2116 eodem
1755 2092 1866 2118 meae

98 2144 318 2185 tumultum
352 2144 601 2185 nuntiantes.
644 2144 773 2185 Axius
806 2149 942 2186 noster
977 2146 1034 2186 ait
1066 2150 1222 2188 nostras
1265 2148 1516 2189 auctoritatis
1557 2149 1695 2204 plenas
1728 2149 1866 2201 fuisse,

98 2217 179 2258 illis
211 2221 332 2272 negat
366 2216 577 2257 creditum.
612 2216 750 2258 Bibuli
783 2217 964 2258 nondum
998 2224 1113 2260 erant
1145 2220 1301 2272 allatae,
1338 2236 1437 2276 quas
1472 2226 1579 2263 certo
1614 2223 1695 2264 scio
1728 2223 1867 2279 plenas

100 2290 254 2331 timoris
298 2289 395 2331 fore.
447 2292 488 2330 3.
529 2290 591 2330 Ex
625 2289 674 2330 iis
707 2289 825 2330 rebus
866 2290 941 2331 hoc
988 2306 1123 2332 vereor
1167 2307 1231 2343 ne,
1278 2308 1404 2347 quum
1447 2294 1663 2350 Pompeius
1706 2300 1867 2351 propter

100 2368 252 2404 metum
285 2378 417 2404 rerum
450 2378 644 2404 novarum
678 2378 877 2418 nusquam
912 2363 1153 2416 dimittatur,
1190 2365 1349 2407 Caesari
1369 2381 1392 2407 a
1415 2371 1557 2408 senatu
1580 2369 1716 2411 nullus
1739 2369 1867 2411 honos

101 2435 309 2487 habeatur,
344 2436 440 2477 dum
473 2436 539 2476 hic
581 2435 710 2476 nodus
752 2436 1000 2491 expediatur,
1035 2451 1116 2477 non
1155 2442 1272 2493 putet
1317 2443 1478 2480 senatus
1519 2455 1606 2492 nos,
1651 2446 1867 2497 antequam

145 2571 163 2610 ξ
186 2571 213 2601 1.
241 2569 282 2601 Te
310 2588 352 2593 —
379 2570 499 2601 salvum
527 2570 649 2601 venisse
678 2589 718 2593 —
735 2571 871 2612 qaudeo.
902 2571 962 2602 Est

102 2623 244 2654 formula
265 2624 386 2654 usitata
408 2623 630 2663 compellandi
659 2632 676 2654 e
699 2624 885 2664 longinquo
909 2634 961 2655 ve-

103 2678 260 2709 nientem.
284 2677 334 2708 Cf.
356 2677 449 2708 Fam.
472 2678 500 2708 I.
523 2678 572 2707 10.
607 2677 681 2714 Fac,
712 2680 745 2708 ut
776 2688 865 2719 quam
889 2677 944 2718 pri

104 2741 183 2762 mum
206 2731 323 2768 venias,
347 2733 381 2760 vt
396 2730 552 2771 possimus
567 2732 687 2761 salvum
707 2734 737 2762 te
753 2731 873 2762 venisse
884 2741 962 2773 yeru-

105 2785 188 2816 dere.
219 2785 293 2815 Ter.
326 2785 393 2815 Ad.
422 2785 449 2814 1.
480 2785 508 2821 1,
543 2786 592 2815 55.
625 2785 746 2815 Heaut.
776 2786 822 2816 ΙΙ.
852 2787 880 2823 4,
912 2785 962 2818 27.

106 2839 192 2869 Eun.
216 2838 260 2868 V.
283 2840 311 2875 5,
335 2838 364 2868 6.

146 2891 187 2922 Et
209 2891 343 2922 libenter
365 2890 566 2932 requiescere.
589 2891 749 2922 Libenter
769 2891 821 2922 his
840 2891 961 2922 carebi-

107 2958 188 2985 mus,
226 2948 285 2979 etsi
314 2947 434 2978 veteris
463 2947 549 2984 libri,
586 2947 620 2977 in
657 2956 723 2986 quo
753 2946 895 2977 Ursinus
925 2956 963 2978 ea

107 3004 218 3035 deesse
241 3003 416 3040 nuntiavit,
440 3003 532 3033 nulla
554 3008 602 3034 est
624 3002 808 3033 auctoritas.

150 3058 219 3097 §2
249 3057 384 3088 Cassius.
415 3058 527 3097 Aegre
557 3057 629 3088 fero
656 3056 879 3097 praenominis
909 3057 962 3087 ab·

110 3112 260 3148 ,sent-iam,
284 3112 561 3152 scribendumque
584 3115 662 3152 puto
689 3110 722 3141 C.
751 3110 887 3141 Fas-rius.
912 3110 963 3142 Cf.

106 3165 147 3194 ad
170 3166 188 3204 ξ
212 3166 260 3196 13.

1054 2573 1095 2603 Ia
1121 2573 1323 2615 Cyrrhestica
1352 2585 1384 2606 o:
1417 2575 1451 2606 in
1469 2574 1585 2616 Syriae
1607 2580 1696 2616 palte
1716 2576 1869 2617 proxima

1010 2629 1157 2665 Ciliciae,
1181 2628 1248 2658 vid.
1272 2637 1320 2669 ep.
1345 2629 1393 2665 18,
1418 2629 1446 2659 1.
1476 2627 1648 2660 Provincia
1678 2632 1788 2660 nostra
1819 2635 1868 2662 est

1009 2685 1112 2725 igitur
1133 2683 1247 2724 populi
1280 2684 1432 2721 Romani,
1462 2694 1530 2715 non
1559 2695 1659 2725 quam
1688 2685 1757 2726 ipse
1786 2686 1868 2717 obti-

1010 2737 1116 2768 nebat.

1051 2789 1099 2819 Ex
1121 2800 1178 2831 quo
1208 2789 1284 2820 seiri
1306 2792 1423 2830 polest.
1452 2791 1540 2821 Nam
1568 2791 1774 2828 Artavasdis,
1805 2792 1869 2823 Ar-

1010 2843 1198 2874 meniorum
1235 2843 1332 2883 regis,
1369 2853 1461 2874 soror
1495 2848 1597 2884 nupta
1634 2849 1703 2875 erat
1739 2843 1868 2882 Orodis,

1011 2896 1210 2926 Parthorum
1232 2896 1330 2936 regis,
1352 2896 1432 2933 filio,
1462 2896 1556 2927 Fam.
1587 2896 1667 2927 XV.
1697 2898 1726 2934 3,
1758 2897 1792 2933 13
1824 2897 1870 2937 ip-

1009 2960 1047 2982 se
1083 2955 1151 2981 erat
1183 2950 1285 2981 dubio
1314 2949 1350 2981 in
1379 2950 1547 2981 Romanos
1580 2950 1692 2980 animo
1722 2950 1801 2981 ibid.
1838 2955 1870 2982 et

1011 3004 1038 3040 2,
1064 3004 1092 3034 2.

1053 3059 1071 3097 ξ
1095 3059 1124 3088 3.
1152 3057 1229 3087 Dum
1253 3076 1293 3079 -
1316 3057 1517 3097 expediatur.
1540 3056 1787 3095 Coniunctivus,
1818 3058 1872 3090 cui

1012 3112 1124 3143 favent
1146 3112 1351 3152 corruptelae
1374 3112 1462 3142 Med.
1486 3111 1691 3152 experiantur
1714 3131 1754 3135 ——
1783 3123 1872 3154 erpe-

1012 3163 1127 3202 νὶαίιιν,
1152 3165 1185 3196 in
1209 3164 1269 3196 hac
1301 3165 1546 3196 constructione
1577 3169 1663 3196 recte
1693 3165 1872 3206 particulae

1887 2166 1918 2192 15
