2117 3533
228 143 309 181 12ss
623 141 706 181 EP.
740 141 816 180 An
848 140 894 179 ’1.
928 136 1276 180 PoMPourrn
1310 135 1571 177 ATTICUM.

757 331 807 384 L
865 332 894 385 Ι
951 330 1003 383 Β
1055 330 1105 383 Ε
1163 328 1222 383 R
1338 328 1445 382 ΙΙΙ.

854 564 892 603 I.
960 563 1024 615 (Α.
1066 561 1111 601 U.
1149 562 1191 601 0.
1226 564 1345 617 696.)

285 690 423 742 Quum
457 691 573 728 antea
607 685 778 727 maxime
811 689 948 725 nostra
979 684 1170 724 interesse
1204 682 1425 727 arbitrabar
1457 690 1496 726 te
1530 701 1613 727 csse
1645 683 1869 736 nobiseum,
1892 689 1979 725 tum

225 778 331 813 vero,
366 767 413 803 ut
444 760 524 814 legi
556 760 819 813 rogationem,
852 756 1033 798 intellexi
1066 755 1116 796 ad
1149 756 1225 797 iter
1257 757 1314 808 id,
1349 758 1456 812 quod
1490 758 1695 808 constitui,
1739 757 1842 799 nihil
1880 756 1981 798 mihi

227 833 402 888 optatius
436 831 575 873 cadere
609 847 737 887 posse,
773 845 891 884 quam
915 834 962 869 ut
982 834 1030 870 tu
1051 844 1113 869 me
1137 844 1256 882 quam
1280 830 1453 884 primum
1477 845 1731 885 consequare,
1772 835 1833 881 ut,
1856 845 1981 884 quum

189 922 204 947 5
227 921 275 946 ex
307 905 426 946 Italia
458 904 626 959 profecti
660 918 849 953 essemus,
885 902 966 943 sive
999 917 1068 957 per
1101 901 1270 956 Epirum
1302 903 1378 943 iter
1409 908 1512 944 esset
1535 902 1776 952 faciendum,
1800 906 1871 942 tuo
1894 907 1982 942 tuo-

225 993 393 1032 rumque
426 977 624 1033 praesidio
657 981 873 1026 uteremur,
919 975 1000 1016 sive
1035 974 1145 1015 aliud
1179 975 1275 1029 quid
1309 976 1508 1030 agendum
1541 981 1658 1027 esset,
1703 980 1855 1017 certum
1890 989 1982 1015 con-

226 1049 360 1090 silium
393 1049 442 1090 de
474 1054 545 1090 tua
578 1049 777 1090 sententia
818 1062 956 1103 capere
1000 1062 1220 1102 possemus.
1261 1046 1529 1099 Quamobrem
1578 1053 1617 1089 te
1659 1063 1740 1100 oro,
1783 1048 1852 1089 des
1893 1062 1983 1102 ope-

226 1136 323 1172 ram,
357 1126 403 1161 ut
434 1137 497 1163 me
531 1122 667 1163 statim
701 1135 956 1175 consequare.
991 1120 1166 1161 Facilius
1198 1125 1325 1175 potes,
1361 1121 1549 1174 quoniam
1583 1121 1631 1162 de
1663 1120 1869 1176 provincia
1896 1120 1984 1161 Ma-

227 1193 393 1233 cedonia
425 1194 578 1249 perlata
609 1194 674 1235 lex
707 1198 780 1234 est.
815 1192 1004 1234 Pluribus
1037 1192 1168 1233 verbis
1201 1197 1334 1233 tecum
1368 1208 1538 1247 agerem,
1572 1193 1652 1234 nisi
1683 1208 1754 1249 pro
1787 1207 1849 1233 me
1878 1191 1985 1247 apud

172 1279 206 1305 1ο
227 1270 266 1306 te
298 1281 360 1306 res
391 1266 479 1320 ipsa
510 1266 752 1320 loqueretur.

274 1428 423 1468 Quoniam
447 1429 486 1459 de
501 1428 669 1469 provincia
685 1428 875 1459 Macedonia
884 1428 1014 1468 perlata
1032 1428 1085 1457 lex
1104 1435 1107 1498 1
1130 1428 1230 1458 alicui
1263 1429 1393 1459 decreta
1426 1435 1520 1467 esset,
1550 1429 1602 1460 cui
1636 1429 1695 1459 illa
1730 1429 1984 1465 commendaret,

229 1483 286 1511 est.
315 1482 443 1512 Eadem
466 1482 556 1518 hora,
580 1492 643 1522 qua
667 1481 818 1512 Ciceroni
840 1481 1010 1521 pernicies,
1034 1481 1086 1510 Pi-
1105 1503 1106 1515 ¹
1131 1491 1219 1511 nunc
1243 1486 1313 1512 tuto
1335 1482 1452 1513 urbem
1474 1482 1662 1522 relinquere
1684 1491 1777 1522 posse
1802 1481 1917 1512 Cicero
1939 1481 1985 1511 iu-

229 1535 303 1565 soni
331 1536 528 1566 Macedonia
555 1536 683 1566 decreta
712 1541 770 1572 est,
808 1535 841 1565 in
879 1544 978 1575 quam
1014 1540 1087 1575 post
1106 1551 1107 1588 1
1129 1534 1266 1564 dicabat.
1304 1535 1497 1565 Rectissime
1530 1535 1610 1565 hacc
1639 1535 1869 1575 interpretatur
1896 1534 1985 1565 Wie-

230 1589 439 1619 consulatum
461 1589 574 1619 abiret.
599 1588 682 1619 Sest.
707 1590 755 1619 53.
795 1588 946 1619 Atticum
974 1588 1085 1627 igitur,
1106 1598 1108 1621 1
1129 1585 1263 1616 landus:
1290 1601 1303 1611 υ
1314 1587 1355 1617 da
1377 1588 1434 1617 der
1455 1587 1626 1626 kuenftige
1642 1587 1823 1618 Proconsul
1838 1597 1904 1617 von
1918 1587 1986 1617 Ma-

230 1641 286 1680 qui
310 1641 343 1671 in
368 1651 405 1672 ea
427 1641 561 1680 regione
584 1641 718 1680 negotia
749 1641 900 1677 habebat,
928 1640 1086 1679 cuiusque
1130 1639 1288 1670 cedonien
1313 1640 1431 1671 bereits
1455 1645 1597 1670 ernannt
1620 1640 1695 1670 ist.''

230 1693 304 1723 ideo
326 1693 481 1724 intererat
502 1693 627 1724 Romae
650 1702 728 1729 esse,
745 1693 849 1723 donec
866 1702 902 1722 ea
918 1692 1087 1732 provincia

851 1798 914 1837 II.
980 1798 1044 1850 (A.
1087 1797 1131 1836 U.
1170 1799 1212 1837 C.
1247 1800 1366 1851 696.)

295 1896 458 1937 Itineris
492 1897 619 1937 nostri
653 1911 772 1937 causa
805 1896 896 1947 fuit,
932 1895 1038 1950 quod
1072 1910 1153 1935 11011
1186 1895 1383 1937 habebam
1416 1897 1561 1948 locum,
1596 1898 1668 1940 ubi
1699 1914 1770 1954 pro
1793 1914 1880 1940 meo
1902 1899 1989 1941 iure

235 1969 390 2009 diutius
423 1984 507 2009 esse
540 1984 712 2023 possem,
747 1983 866 2023 quam
899 1968 942 2009 in
976 1967 1102 2008 fundo
1135 1968 1262 2018 Sic-ae,
1307 1970 1539 2023 praesertim
1571 1971 1751 2012 nondum
1784 1972 1989 2026 rogatione

235 2046 424 2091 correcta,
467 2046 506 2082 et
540 2041 659 2082 simul
692 2040 967 2095 intelligebam
1000 2055 1047 2080 ex
1082 2055 1127 2080 eo
1160 2040 1260 2091 loce,
1293 2041 1327 2081 si
1349 2046 1388 2081 te
1411 2041 1611 2093 haberem,
1636 2059 1748 2098 posse
1772 2060 1833 2085 me
1861 2045 1990 2085 Brun-

198 2131 213 2155 5
236 2113 383 2154 disium
416 2113 559 2154 referre
569 2131 580 2163 ,-
616 2113 700 2153 sine
734 2117 773 2153 te
807 2117 941 2153 autem
974 2128 1054 2153 non
1088 2127 1182 2153 esse·
1203 2112 1319 2153 nobis
1353 2114 1439 2154 illas
1462 2120 1593 2168 partes
1616 2116 1808 2158 tenendas
1832 2122 1991 2172 propter

278 2278 296 2307 3
318 2288 405 2318 quam
421 2276 563 2316 fundum
585 2276 676 2306 Sacae
698 2294 738 2298 —

278 2420 411 2451 Itineris
433 2420 535 2451 nostra·
558 2421 726 2452 Vibonem
748 2430 870 2458 versus,
890 2431 955 2461 quo
982 2427 1091 2453 tamen
1139 2422 1335 2454 nominatim
1358 2424 1478 2455 tulerat
1507 2425 1546 2456 de
1577 2426 1745 2456 Cicerone.
1789 2425 1838 2456 Ea
1865 2426 1992 2466 rogatio

237 2485 304 2505 non
326 2475 487 2514 pervenit.
509 2474 586 2504 Vid.
610 2483 658 2514 ep.
681 2475 701 2504 4
723 2474 794 2504 init.
1138 2485 1196 2516 per
1216 2475 1447 2507 trinundiuum
1470 2479 1679 2517 proponenda
1702 2483 1780 2514 erat,
1803 2478 1992 2519 priusquam

282 2529 379 2569 Quam
402 2529 434 2559 z'n
448 2529 555 2569 fundo
578 2528 678 2559 Sicae.
706 2530 807 2560 Error
828 2531 919 2561 codd.
949 2530 1029 2561 Mss.
1059 2541 1092 2560 m
1117 2527 1273 2568 {perferri
1295 2534 1429 2568 poterat.
1452 2530 1581 2560 Interea
1605 2530 1730 2570 aliquid
1759 2530 1833 2560 addi
1862 2530 1992 2561 demive

228 2583 368 2623 fiendum
392 2583 520 2622 corrigi,
544 2593 610 2613 non
634 2582 766 2613 defendi
791 2588 822 2614 et
849 2584 1023 2624 propagari
1042 2584 1094 2614 de-
1117 2567 1119 2630 1
1138 2584 1273 2620 poterat,
1296 2586 1332 2611 ut
1355 2581 1388 2611 in
1411 2582 1472 2611 hac
1495 2582 1562 2622 ipsa
1586 2583 1657 2622 lege
1680 2582 1830 2622 spatium,
1854 2593 1918 2623 quo
1942 2582 1992 2613 Ci-

240 2635 345 2666 bebat.
376 2634 425 2665 Cf.
447 2634 677 2675 Wesenbergii
700 2634 794 2667 Obss.
817 2636 886 2667 crit.
910 2636 945 2666 in
975 2635 1093 2667 Sestia-
1139 2642 1214 2663 cero
1242 2633 1282 2662 ab
1310 2633 1391 2663 urbe
1421 2634 1556 2671 abesset,
1585 2644 1602 2665 0
1635 2634 1834 2665 correctione
1863 2635 1993 2665 brevius

238 2698 316 2719 nam
338 2699 368 2728 p,
391 2687 440 2725 27,
463 2689 519 2728 qui
541 2689 648 2719 lnulta,
668 2689 790 2719 similia
811 2690 932 2720 menda
954 2689 1052 2720 tollit,
1117 2694 1118 2701 ¹
1139 2684 1261 2715 faetunl
1284 2685 1422 2722 Videtur,
1445 2696 1544 2725 (11111111
1566 2697 1584 2716 a
1607 2687 1709 2717 latore
1740 2687 1897 2727 scriptum
1926 2687 1993 2718 fue-

280 2740 379 2772 Sz'cue.
410 2741 578 2772 Ciceronis
605 2742 738 2778 amicus,
770 2742 825 2782 qui
855 2752 931 2773 eum
953 2741 1094 2773 Brundi·
1118 2763 1119 2767 ,
1140 2742 1197 2768 rat.
1221 2738 1298 2768 Vid.
1322 2748 1370 2778 ep.
1392 2740 1421 2768 4.

240 2795 325 2825 sium
348 2794 522 2825 comitatus
545 2799 601 2831 est,
625 2795 701 2825 inde
723 2804 800 2825 vero
819 2795 977 2826 discessit.
1001 2795 1093 2826 Fam.
1182 2791 1234 2822 Ille
1256 2792 1297 2822 B.
1320 2792 1449 2832 refissrre.
1485 2794 1562 2824 Non
1586 2803 1667 2834 opus
1690 2793 1820 2824 videtur
1840 2794 1993 2834 Malaspi-

239 2848 337 2878 XIV.
360 2849 388 2884 4,
413 2848 441 2877 6.
464 2848 624 2878 Extremo
646 2848 732 2878 vitae
755 2853 900 2888 tempore
917 2848 1003 2888 apud
1018 2857 1094 2878 eun-
1119 2828 1120 2884 1
1140 2854 1201 2875 nae
1224 2846 1434 2883 correctione,
1457 2846 1645 2877 Buthrotum
1668 2857 1726 2887 pro
1748 2846 1921 2876 Brundisio
1948 2856 1994 2877 re-

239 2901 315 2930 dem
337 2905 495 2940 tanquam
517 2900 606 2931 domi
629 2910 706 2931 suae
734 2900 834 2931 fuisse
864 2906 1004 2932 testatur
1035 2900 1094 2931 inf.
1118 2892 1120 2930 ,⁴
1140 2899 1327 2938 ponendum
1349 2900 1522 2930 censentis.
1563 2900 1677 2930 Cicero
1698 2899 1859 2930 rationem
1888 2899 1994 2930 reddit

240 2952 339 2982 XVI.
362 2953 389 2989 6,
414 2953 442 2982 1.
1118 2949 1119 2982 Ῐ
1140 2952 1254 2989 amico,
1278 2963 1336 2982 cur
1359 2953 1527 2984 Vibonem
1550 2963 1583 2983 se
1606 2953 1782 2984 contulerit
1804 2958 1836 2983 et
1850 2962 1917 2983 non
1934 2957 1994 2983 sta-

281 3005 424 3035 Nondum
440 3005 601 3046 royalione
617 3008 767 3036 correcta.
789 3006 920 3037 Perlata
934 3007 1017 3046 lege,
1031 3016 1096 3046 qua
1118 3045 1119 3057 ¹
1140 3004 1199 3035 tim
1222 3006 1446 3042 Brundisium,
1470 3007 1556 3036 unde
1579 3006 1612 3037 in
1635 3005 1803 3037 Graeciam
1818 3005 1994 3045 profecturi

243 3058 281 3093 ei,
305 3058 360 3097 qui
383 3058 471 3089 cives
492 3058 658 3089 Romanos
680 3058 887 3090 indemnatos
917 3059 1095 3090 interemis-
1142 3058 1267 3089 solvere
1291 3059 1447 3090 solebant.

244 3115 301 3147 set,
332 3120 413 3149 aqua
442 3116 473 3141 et
502 3110 572 3149 igni
605 3111 863 3148 interdiceretur,
894 3111 930 3141 1’.
962 3111 1096 3142 Clodius
1185 3111 1266 3142 Illas
1286 3114 1402 3150 μανίας.
1426 3112 1563 3151 Epirum
1586 3117 1615 3142 et
1639 3112 1799 3142 Achaiam
1824 3110 1887 3149 (Cf.
1913 3112 1939 3147 8,
1965 3112 1992 3141 1.
