<?xml version="1.0" encoding="UTF-8"?>
<!DOCTYPE html PUBLIC "-//W3C//DTD XHTML 1.0 Transitional//EN"
    "http://www.w3.org/TR/xhtml1/DTD/xhtml1-transitional.dtd">
<html xmlns="http://www.w3.org/1999/xhtml" xml:lang="en" lang="en">
 <head>
  <title>
</title>
<meta http-equiv="Content-Type" content="text/html;charset=utf-8" />
  <meta name='ocr-system' content='tesseract 3.04.00' />
  <meta name='ocr-capabilities' content='ocr_page ocr_carea ocr_par ocr_line ocrx_word'/>
</head>
<body>
  <div class='ocr_page' id='page_1' title='image "./epistolarumadtpo01ciceuoft_0311.png"; bbox 0 0 2117 3533; ppageno 0'>
   <div class='ocr_carea' id='block_1_1' title="bbox 48 170 1806 364">
    <p class='ocr_par' dir='ltr' id='par_1_1' title="bbox 48 170 1806 364">
     <span class='ocr_line' id='line_1_1' title="bbox 672 170 1801 213; baseline -0.001 -3"><span class='ocrx_word' id='word_1_1' title='bbox 672 170 775 211; x_wconf 75' lang='lat' dir='ltr'>LIR.</span> <span class='ocrx_word' id='word_1_2' title='bbox 814 172 908 212; x_wconf 79' lang='lat' dir='ltr'>VH.</span> <span class='ocrx_word' id='word_1_3' title='bbox 944 172 1027 213; x_wconf 86' lang='grc' dir='ltr'><strong>ΕΡ.</strong></span> <span class='ocrx_word' id='word_1_4' title='bbox 1067 174 1104 211; x_wconf 90' lang='grc'>1.</span> <span class='ocrx_word' id='word_1_5' title='bbox 1143 176 1182 212; x_wconf 69' lang='lat'>2.</span> <span class='ocrx_word' id='word_1_6' title='bbox 1720 172 1801 210; x_wconf 65' lang='lat' dir='ltr'>:zai</span> 
     </span>
     <span class='ocr_line' id='line_1_2' title="bbox 48 298 1806 364; baseline -0.001 -18"><span class='ocrx_word' id='word_1_7' title='bbox 48 298 439 356; x_wconf 71' lang='grc' dir='ltr'><em>σπονδειάζοντα</em></span> <span class='ocrx_word' id='word_1_8' title='bbox 475 305 507 344; x_wconf 86' lang='grc'>31</span> <span class='ocrx_word' id='word_1_9' title='bbox 542 305 606 344; x_wconf 86' lang='lat' dir='ltr'>cni</span> <span class='ocrx_word' id='word_1_10' title='bbox 642 304 747 345; x_wconf 86' lang='lat' dir='ltr'>voles</span> <span class='ocrx_word' id='word_1_11' title='bbox 783 307 882 349; x_wconf 78' lang='grc' dir='ltr'>τῶν</span> <span class='ocrx_word' id='word_1_12' title='bbox 918 307 1159 364; x_wconf 68' lang='grc' dir='ltr'>νεωτέρων</span> <span class='ocrx_word' id='word_1_13' title='bbox 1192 321 1262 360; x_wconf 86' lang='grc'><strong>1110</strong></span> <span class='ocrx_word' id='word_1_14' title='bbox 1305 313 1374 346; x_wconf 87' lang='lat' dir='ltr'>tuo</span> <span class='ocrx_word' id='word_1_15' title='bbox 1419 304 1594 345; x_wconf 75' lang='lat' dir='ltr'>vendita.</span> <span class='ocrx_word' id='word_1_16' title='bbox 1654 308 1693 345; x_wconf 71' lang='lat'>12.</span> <span class='ocrx_word' id='word_1_17' title='bbox 1735 306 1806 344; x_wconf 61' lang='lat' dir='ltr'>Ya-</span> 
     </span>
    </p>
   </div>
   <div class='ocr_carea' id='block_1_2' title="bbox 38 376 1808 1745">
    <p class='ocr_par' dir='ltr' id='par_1_2' title="bbox 38 376 1808 1745">
     <span class='ocr_line' id='line_1_3' title="bbox 47 376 1805 432; baseline 0 -15"><span class='ocrx_word' id='word_1_18' title='bbox 47 377 182 417; x_wconf 86' lang='lat' dir='ltr'>letudo</span> <span class='ocrx_word' id='word_1_19' title='bbox 214 383 284 418; x_wconf 86' lang='lat' dir='ltr'>tua</span> <span class='ocrx_word' id='word_1_20' title='bbox 318 391 380 417; x_wconf 91' lang='lat' dir='ltr'>me</span> <span class='ocrx_word' id='word_1_21' title='bbox 415 377 527 417; x_wconf 85' lang='lat' dir='ltr'>valde</span> <span class='ocrx_word' id='word_1_22' title='bbox 561 376 790 418; x_wconf 83' lang='lat' dir='ltr'>conturbat.</span> <span class='ocrx_word' id='word_1_23' title='bbox 836 379 1073 432; x_wconf 80' lang='lat' dir='ltr'>Significant</span> <span class='ocrx_word' id='word_1_24' title='bbox 1105 379 1212 419; x_wconf 88' lang='lat' dir='ltr'>enim</span> <span class='ocrx_word' id='word_1_25' title='bbox 1246 384 1338 418; x_wconf 86' lang='lat' dir='ltr'>tuae</span> <span class='ocrx_word' id='word_1_26' title='bbox 1382 378 1520 418; x_wconf 87' lang='lat' dir='ltr'>literae</span> <span class='ocrx_word' id='word_1_27' title='bbox 1562 384 1600 417; x_wconf 84' lang='lat' dir='ltr'>te</span> <span class='ocrx_word' id='word_1_28' title='bbox 1647 392 1805 432; x_wconf 85' lang='lat' dir='ltr'>prorsus</span> 
     </span>
     <span class='ocr_line' id='line_1_4' title="bbox 45 446 1806 507; baseline 0 -17"><span class='ocrx_word' id='word_1_29' title='bbox 45 449 237 490; x_wconf 84' lang='lat' dir='ltr'>laborare.</span> <span class='ocrx_word' id='word_1_30' title='bbox 271 451 357 504; x_wconf 85' lang='lat' dir='ltr'>Ego</span> <span class='ocrx_word' id='word_1_31' title='bbox 391 456 537 499; x_wconf 87' lang='lat' dir='ltr'>autem,</span> <span class='ocrx_word' id='word_1_32' title='bbox 572 466 695 504; x_wconf 87' lang='lat' dir='ltr'>quum</span> <span class='ocrx_word' id='word_1_33' title='bbox 718 446 853 491; x_wconf 57' lang='lat' dir='ltr'>⁴sciam</span> <span class='ocrx_word' id='word_1_34' title='bbox 887 467 1007 507; x_wconf 84' lang='lat' dir='ltr'>quam</span> <span class='ocrx_word' id='word_1_35' title='bbox 1041 453 1094 493; x_wconf 90' lang='lat' dir='ltr'>sis</span> <span class='ocrx_word' id='word_1_36' title='bbox 1128 451 1254 501; x_wconf 87' lang='lat' dir='ltr'>fortis,</span> <span class='ocrx_word' id='word_1_37' title='bbox 1286 451 1560 492; x_wconf 81' lang='lat' dir='ltr'>vehementius</span> <span class='ocrx_word' id='word_1_38' title='bbox 1584 466 1667 491; x_wconf 83' lang='lat' dir='ltr'>esse</span> <span class='ocrx_word' id='word_1_39' title='bbox 1691 451 1806 505; x_wconf 83' lang='lat' dir='ltr'>quid-</span> 
     </span>
     <span class='ocr_line' id='line_1_5' title="bbox 47 522 1805 580; baseline 0.001 -18"><span class='ocrx_word' id='word_1_40' title='bbox 47 522 137 562; x_wconf 91' lang='lat' dir='ltr'>dam</span> <span class='ocrx_word' id='word_1_41' title='bbox 171 522 362 576; x_wconf 87' lang='lat' dir='ltr'>suspicor,</span> <span class='ocrx_word' id='word_1_42' title='bbox 397 522 504 576; x_wconf 90' lang='lat' dir='ltr'>quod</span> <span class='ocrx_word' id='word_1_43' title='bbox 538 528 577 563; x_wconf 89' lang='lat' dir='ltr'>te</span> <span class='ocrx_word' id='word_1_44' title='bbox 612 530 728 576; x_wconf 88' lang='lat' dir='ltr'>cogat</span> <span class='ocrx_word' id='word_1_45' title='bbox 761 524 899 565; x_wconf 89' lang='lat' dir='ltr'>cedere</span> <span class='ocrx_word' id='word_1_46' title='bbox 933 530 972 565; x_wconf 86' lang='lat' dir='ltr'>et</span> <span class='ocrx_word' id='word_1_47' title='bbox 1006 524 1292 580; x_wconf 77' lang='lat' dir='ltr'>propemodum</span> <span class='ocrx_word' id='word_1_48' title='bbox 1336 524 1544 578; x_wconf 71' lang='lat' dir='ltr'>infringat,</span> <span class='ocrx_word' id='word_1_49' title='bbox 1591 524 1666 565; x_wconf 88' lang='lat' dir='ltr'>etsi</span> <span class='ocrx_word' id='word_1_50' title='bbox 1711 525 1805 565; x_wconf 86' lang='lat' dir='ltr'>alte-</span> 
     </span>
     <span class='ocr_line' id='line_1_6' title="bbox 45 596 1805 650; baseline 0 -14"><span class='ocrx_word' id='word_1_51' title='bbox 45 611 127 636; x_wconf 87' lang='lat' dir='ltr'>ram</span> <span class='ocrx_word' id='word_1_52' title='bbox 162 600 396 650; x_wconf 70' lang='lat' dir='ltr'>quartanam</span> <span class='ocrx_word' id='word_1_53' title='bbox 430 596 666 650; x_wconf 72' lang='lat' dir='ltr'>Pamphilus</span> <span class='ocrx_word' id='word_1_54' title='bbox 699 602 794 636; x_wconf 87' lang='lat' dir='ltr'>tuus</span> <span class='ocrx_word' id='word_1_55' title='bbox 828 598 927 638; x_wconf 89' lang='lat' dir='ltr'>mihi</span> <span class='ocrx_word' id='word_1_56' title='bbox 962 598 1064 638; x_wconf 76' lang='lat' dir='ltr'>(lixit</span> <span class='ocrx_word' id='word_1_57' title='bbox 1098 597 1311 639; x_wconf 77' lang='lat' dir='ltr'>decessisse</span> <span class='ocrx_word' id='word_1_58' title='bbox 1345 602 1385 637; x_wconf 88' lang='lat' dir='ltr'>et</span> <span class='ocrx_word' id='word_1_59' title='bbox 1418 596 1579 636; x_wconf 85' lang='lat' dir='ltr'>alteram</span> <span class='ocrx_word' id='word_1_60' title='bbox 1620 596 1805 637; x_wconf 80' lang='lat' dir='ltr'>leviorem</span> 
     </span>
     <span class='ocr_line' id='line_1_7' title="bbox 45 668 1806 726; baseline 0.001 -18"><span class='ocrx_word' id='word_1_61' title='bbox 45 668 244 708; x_wconf 87' lang='lat' dir='ltr'>accedere.</span> <span class='ocrx_word' id='word_1_62' title='bbox 285 669 470 709; x_wconf 88' lang='lat' dir='ltr'>Terentia</span> <span class='ocrx_word' id='word_1_63' title='bbox 504 684 609 719; x_wconf 86' lang='lat' dir='ltr'>vero,</span> <span class='ocrx_word' id='word_1_64' title='bbox 645 684 745 724; x_wconf 89' lang='lat' dir='ltr'>quae</span> <span class='ocrx_word' id='word_1_65' title='bbox 779 670 940 724; x_wconf 88' lang='lat' dir='ltr'>quidem</span> <span class='ocrx_word' id='word_1_66' title='bbox 977 671 1116 712; x_wconf 89' lang='lat' dir='ltr'>eodem</span> <span class='ocrx_word' id='word_1_67' title='bbox 1149 676 1326 726; x_wconf 89' lang='lat' dir='ltr'>tempore</span> <span class='ocrx_word' id='word_1_68' title='bbox 1360 670 1409 711; x_wconf 86' lang='lat' dir='ltr'>ad</span> <span class='ocrx_word' id='word_1_69' title='bbox 1442 675 1597 725; x_wconf 83' lang='lat' dir='ltr'>portam</span> <span class='ocrx_word' id='word_1_70' title='bbox 1634 671 1806 710; x_wconf 75' lang='lat' dir='ltr'>vBrundi-</span> 
     </span>
     <span class='ocr_line' id='line_1_8' title="bbox 45 741 1805 799; baseline 0.001 -18"><span class='ocrx_word' id='word_1_71' title='bbox 45 742 173 781; x_wconf 85' lang='lat' dir='ltr'>sinam</span> <span class='ocrx_word' id='word_1_72' title='bbox 207 741 330 792; x_wconf 85' lang='lat' dir='ltr'>venit,</span> <span class='ocrx_word' id='word_1_73' title='bbox 365 757 444 796; x_wconf 89' lang='lat' dir='ltr'>quo</span> <span class='ocrx_word' id='word_1_74' title='bbox 479 757 551 796; x_wconf 85' lang='lat' dir='ltr'>ego</span> <span class='ocrx_word' id='word_1_75' title='bbox 585 743 627 783; x_wconf 90' lang='lat' dir='ltr'>in</span> <span class='ocrx_word' id='word_1_76' title='bbox 661 748 835 797; x_wconf 87' lang='lat' dir='ltr'>portum,</span> <span class='ocrx_word' id='word_1_77' title='bbox 869 744 1048 799; x_wconf 83' lang='lat' dir='ltr'>mihique</span> <span class='ocrx_word' id='word_1_78' title='bbox 1083 744 1200 785; x_wconf 72' lang='lat' dir='ltr'>obvia</span> <span class='ocrx_word' id='word_1_79' title='bbox 1232 745 1274 784; x_wconf 93' lang='lat' dir='ltr'>in</span> <span class='ocrx_word' id='word_1_80' title='bbox 1304 744 1388 785; x_wconf 88' lang='lat' dir='ltr'>foro</span> <span class='ocrx_word' id='word_1_81' title='bbox 1417 743 1508 793; x_wconf 87' lang='lat' dir='ltr'>fuit,</span> <span class='ocrx_word' id='word_1_82' title='bbox 1538 743 1585 783; x_wconf 88' lang='lat' dir='ltr'>L.</span> <span class='ocrx_word' id='word_1_83' title='bbox 1615 743 1805 783; x_wconf 84' lang='lat' dir='ltr'>Pontium</span> 
     </span>
     <span class='ocr_line' id='line_1_9' title="bbox 45 813 1805 867; baseline 0 -13"><span class='ocrx_word' id='word_1_84' title='bbox 45 813 121 854; x_wconf 86' lang='lat' dir='ltr'>sibi</span> <span class='ocrx_word' id='word_1_85' title='bbox 156 814 196 854; x_wconf 91' lang='lat' dir='ltr'>in</span> <span class='ocrx_word' id='word_1_86' title='bbox 231 814 456 856; x_wconf 82' lang='lat' dir='ltr'>Trebulano</span> <span class='ocrx_word' id='word_1_87' title='bbox 492 815 640 856; x_wconf 83' lang='lat' dir='ltr'>dixisse</span> <span class='ocrx_word' id='word_1_88' title='bbox 674 816 862 857; x_wconf 86' lang='lat' dir='ltr'>narrabat</span> <span class='ocrx_word' id='word_1_89' title='bbox 894 818 1012 857; x_wconf 88' lang='lat' dir='ltr'>etiam</span> <span class='ocrx_word' id='word_1_90' title='bbox 1048 833 1133 858; x_wconf 87' lang='lat' dir='ltr'>eam</span> <span class='ocrx_word' id='word_1_91' title='bbox 1169 817 1398 857; x_wconf 76' lang='lat' dir='ltr'>decessisse.</span> <span class='ocrx_word' id='word_1_92' title='bbox 1433 815 1551 867; x_wconf 76' lang='lat' dir='ltr'>Quod</span> <span class='ocrx_word' id='word_1_93' title='bbox 1586 816 1619 855; x_wconf 89' lang='lat' dir='ltr'>si</span> <span class='ocrx_word' id='word_1_94' title='bbox 1652 816 1708 855; x_wconf 81' lang='lat' dir='ltr'>ita</span> <span class='ocrx_word' id='word_1_95' title='bbox 1732 824 1805 865; x_wconf 79' lang='lat' dir='ltr'>est,</span> 
     </span>
     <span class='ocr_line' id='line_1_10' title="bbox 45 886 1806 944; baseline 0.001 -18"><span class='ocrx_word' id='word_1_96' title='bbox 45 891 104 926; x_wconf 90' lang='lat' dir='ltr'>est</span> <span class='ocrx_word' id='word_1_97' title='bbox 136 886 243 940; x_wconf 89' lang='lat' dir='ltr'>quod</span> <span class='ocrx_word' id='word_1_98' title='bbox 276 888 446 928; x_wconf 81' lang='lat' dir='ltr'>maxime</span> <span class='ocrx_word' id='word_1_99' title='bbox 481 888 705 929; x_wconf 72' lang='lat' dir='ltr'>mehercule</span> <span class='ocrx_word' id='word_1_100' title='bbox 740 894 848 943; x_wconf 89' lang='lat' dir='ltr'>opto,</span> <span class='ocrx_word' id='word_1_101' title='bbox 883 889 1004 944; x_wconf 88' lang='lat' dir='ltr'>idque</span> <span class='ocrx_word' id='word_1_102' title='bbox 1048 905 1160 944; x_wconf 89' lang='lat' dir='ltr'>spero</span> <span class='ocrx_word' id='word_1_103' title='bbox 1204 894 1274 929; x_wconf 87' lang='lat' dir='ltr'>tua</span> <span class='ocrx_word' id='word_1_104' title='bbox 1316 888 1531 944; x_wconf 81' lang='lat' dir='ltr'>prudentia</span> <span class='ocrx_word' id='word_1_105' title='bbox 1575 894 1614 928; x_wconf 85' lang='lat' dir='ltr'>et</span> <span class='ocrx_word' id='word_1_106' title='bbox 1658 893 1806 942; x_wconf 74' lang='lat' dir='ltr'>tempe-</span> 
     </span>
     <span class='ocr_line' id='line_1_11' title="bbox 45 958 1806 1016; baseline 0.001 -18"><span class='ocrx_word' id='word_1_107' title='bbox 45 958 174 999; x_wconf 88' lang='lat' dir='ltr'>rantia</span> <span class='ocrx_word' id='word_1_108' title='bbox 205 963 243 999; x_wconf 88' lang='lat' dir='ltr'>te</span> <span class='ocrx_word' id='word_1_109' title='bbox 289 964 561 1000; x_wconf 87' lang='lat' dir='ltr'>consecutum.</span> <span class='ocrx_word' id='word_1_110' title='bbox 617 962 658 1000; x_wconf 75' lang='lat'>3.</span> <span class='ocrx_word' id='word_1_111' title='bbox 694 960 822 1000; x_wconf 71' lang='lat' dir='ltr'>Venio</span> <span class='ocrx_word' id='word_1_112' title='bbox 870 961 918 1002; x_wconf 86' lang='lat' dir='ltr'>ad</span> <span class='ocrx_word' id='word_1_113' title='bbox 964 961 1152 1016; x_wconf 78' lang='lat' dir='ltr'>epistolas</span> <span class='ocrx_word' id='word_1_114' title='bbox 1192 966 1296 1011; x_wconf 88' lang='lat' dir='ltr'>tuas,</span> <span class='ocrx_word' id='word_1_115' title='bbox 1339 976 1438 1015; x_wconf 88' lang='lat' dir='ltr'>quas</span> <span class='ocrx_word' id='word_1_116' title='bbox 1483 975 1556 1014; x_wconf 86' lang='lat' dir='ltr'>ego</span> <span class='ocrx_word' id='word_1_117' title='bbox 1600 965 1806 1001; x_wconf 82' lang='lat' dir='ltr'>sexcentas</span> 
     </span>
     <span class='ocr_line' id='line_1_12' title="bbox 45 1033 1805 1090; baseline 0 -18"><span class='ocrx_word' id='word_1_118' title='bbox 45 1047 125 1073; x_wconf 92' lang='lat' dir='ltr'>uno</span> <span class='ocrx_word' id='word_1_119' title='bbox 158 1036 335 1087; x_wconf 87' lang='lat' dir='ltr'>tempore</span> <span class='ocrx_word' id='word_1_120' title='bbox 369 1033 518 1088; x_wconf 88' lang='lat' dir='ltr'>accepi,</span> <span class='ocrx_word' id='word_1_121' title='bbox 554 1033 670 1074; x_wconf 86' lang='lat' dir='ltr'>aliam</span> <span class='ocrx_word' id='word_1_122' title='bbox 707 1033 784 1074; x_wconf 84' lang='lat' dir='ltr'>alia</span> <span class='ocrx_word' id='word_1_123' title='bbox 807 1035 1099 1085; x_wconf 87' lang='lat' dir='ltr'>iucundiorem,</span> <span class='ocrx_word' id='word_1_124' title='bbox 1126 1050 1227 1090; x_wconf 84' lang='lat' dir='ltr'>qnae</span> <span class='ocrx_word' id='word_1_125' title='bbox 1252 1034 1415 1089; x_wconf 89' lang='lat' dir='ltr'>quidem</span> <span class='ocrx_word' id='word_1_126' title='bbox 1439 1039 1553 1074; x_wconf 83' lang='lat' dir='ltr'>erant</span> <span class='ocrx_word' id='word_1_127' title='bbox 1576 1038 1646 1073; x_wconf 84' lang='lat' dir='ltr'>tua</span> <span class='ocrx_word' id='word_1_128' title='bbox 1669 1048 1805 1073; x_wconf 86' lang='lat' dir='ltr'>manu.</span> 
     </span>
     <span class='ocr_line' id='line_1_13' title="bbox 45 1105 1806 1163; baseline 0 -18"><span class='ocrx_word' id='word_1_129' title='bbox 45 1107 152 1146; x_wconf 88' lang='lat' dir='ltr'>Nam</span> <span class='ocrx_word' id='word_1_130' title='bbox 185 1105 367 1146; x_wconf 74' lang='lat' dir='ltr'>Alexidis</span> <span class='ocrx_word' id='word_1_131' title='bbox 402 1121 561 1146; x_wconf 76' lang='lat' dir='ltr'>manuni</span> <span class='ocrx_word' id='word_1_132' title='bbox 598 1106 794 1156; x_wconf 81' lang='lat' dir='ltr'>amabam,</span> <span class='ocrx_word' id='word_1_133' title='bbox 829 1107 936 1161; x_wconf 88' lang='lat' dir='ltr'>quod</span> <span class='ocrx_word' id='word_1_134' title='bbox 970 1112 1050 1148; x_wconf 87' lang='lat' dir='ltr'>tam</span> <span class='ocrx_word' id='word_1_135' title='bbox 1085 1122 1206 1163; x_wconf 81' lang='lat' dir='ltr'>prope</span> <span class='ocrx_word' id='word_1_136' title='bbox 1242 1105 1459 1148; x_wconf 83' lang='lat' dir='ltr'>accedebat</span> <span class='ocrx_word' id='word_1_137' title='bbox 1492 1106 1540 1147; x_wconf 87' lang='lat' dir='ltr'>ad</span> <span class='ocrx_word' id='word_1_138' title='bbox 1577 1105 1806 1146; x_wconf 86' lang='lat' dir='ltr'>similitudi-</span> 
     </span>
     <span class='ocr_line' id='line_1_14' title="bbox 44 1177 1806 1233; baseline -0.001 -13"><span class='ocrx_word' id='word_1_139' title='bbox 44 1195 134 1220; x_wconf 86' lang='lat' dir='ltr'>nem</span> <span class='ocrx_word' id='word_1_140' title='bbox 168 1184 259 1220; x_wconf 86' lang='lat' dir='ltr'>tuae</span> <span class='ocrx_word' id='word_1_141' title='bbox 291 1177 444 1227; x_wconf 85' lang='lat' dir='ltr'>literae,</span> <span class='ocrx_word' id='word_1_142' title='bbox 477 1193 558 1219; x_wconf 91' lang='lat' dir='ltr'>non</span> <span class='ocrx_word' id='word_1_143' title='bbox 592 1178 789 1228; x_wconf 87' lang='lat' dir='ltr'>amabam,</span> <span class='ocrx_word' id='word_1_144' title='bbox 825 1179 932 1233; x_wconf 86' lang='lat' dir='ltr'>quod</span> <span class='ocrx_word' id='word_1_145' title='bbox 966 1179 1173 1220; x_wconf 88' lang='lat' dir='ltr'>indicabat</span> <span class='ocrx_word' id='word_1_146' title='bbox 1205 1186 1244 1220; x_wconf 89' lang='lat' dir='ltr'>te</span> <span class='ocrx_word' id='word_1_147' title='bbox 1277 1195 1358 1220; x_wconf 91' lang='lat' dir='ltr'>non</span> <span class='ocrx_word' id='word_1_148' title='bbox 1381 1179 1525 1219; x_wconf 69' lang='lat' dir='ltr'>valere.</span> <span class='ocrx_word' id='word_1_149' title='bbox 1561 1179 1687 1219; x_wconf 82' lang='lat' dir='ltr'>Cuius</span> <span class='ocrx_word' id='word_1_150' title='bbox 1711 1193 1806 1232; x_wconf 85' lang='lat' dir='ltr'>quo-</span> 
     </span>
     <span class='ocr_line' id='line_1_15' title="bbox 40 1250 1808 1307; baseline -0.001 -15"><span class='ocrx_word' id='word_1_151' title='bbox 40 1252 147 1292; x_wconf 90' lang='lat' dir='ltr'>niam</span> <span class='ocrx_word' id='word_1_152' title='bbox 180 1252 330 1293; x_wconf 86' lang='lat' dir='ltr'>mentio</span> <span class='ocrx_word' id='word_1_153' title='bbox 364 1250 468 1291; x_wconf 83' lang='lat' dir='ltr'>facta</span> <span class='ocrx_word' id='word_1_154' title='bbox 501 1256 574 1301; x_wconf 87' lang='lat' dir='ltr'>est,</span> <span class='ocrx_word' id='word_1_155' title='bbox 609 1252 794 1293; x_wconf 83' lang='lat' dir='ltr'>Tironem</span> <span class='ocrx_word' id='word_1_156' title='bbox 828 1252 960 1293; x_wconf 86' lang='lat' dir='ltr'>Patris</span> <span class='ocrx_word' id='word_1_157' title='bbox 995 1268 1158 1307; x_wconf 85' lang='lat' dir='ltr'>aegrum</span> <span class='ocrx_word' id='word_1_158' title='bbox 1204 1252 1362 1307; x_wconf 82' lang='lat' dir='ltr'>reliqui,</span> <span class='ocrx_word' id='word_1_159' title='bbox 1410 1251 1716 1301; x_wconf 70' lang='lat' dir='ltr'>adolescentem,</span> <span class='ocrx_word' id='word_1_160' title='bbox 1762 1259 1808 1291; x_wconf 84' lang='lat' dir='ltr'>ut</span> 
     </span>
     <span class='ocr_line' id='line_1_16' title="bbox 39 1323 1803 1379; baseline -0.001 -15"><span class='ocrx_word' id='word_1_161' title='bbox 39 1323 159 1374; x_wconf 86' lang='lat' dir='ltr'>nosti,</span> <span class='ocrx_word' id='word_1_162' title='bbox 194 1330 234 1364; x_wconf 87' lang='lat' dir='ltr'>et</span> <span class='ocrx_word' id='word_1_163' title='bbox 267 1324 382 1374; x_wconf 88' lang='lat' dir='ltr'>adde,</span> <span class='ocrx_word' id='word_1_164' title='bbox 419 1324 451 1364; x_wconf 89' lang='lat' dir='ltr'>si</span> <span class='ocrx_word' id='word_1_165' title='bbox 486 1324 581 1378; x_wconf 84' lang='lat' dir='ltr'>qnid</span> <span class='ocrx_word' id='word_1_166' title='bbox 616 1325 689 1375; x_wconf 81' lang='lat' dir='ltr'>vis,</span> <span class='ocrx_word' id='word_1_167' title='bbox 724 1324 894 1379; x_wconf 89' lang='lat' dir='ltr'>probum</span> <span class='ocrx_word' id='word_1_168' title='bbox 905 1344 915 1375; x_wconf 89' lang='lat'>;</span> <span class='ocrx_word' id='word_1_169' title='bbox 950 1325 1054 1366; x_wconf 91' lang='lat' dir='ltr'>nihil</span> <span class='ocrx_word' id='word_1_170' title='bbox 1071 1325 1155 1366; x_wconf 82' lang='lat' dir='ltr'>vidi</span> <span class='ocrx_word' id='word_1_171' title='bbox 1177 1325 1334 1365; x_wconf 89' lang='lat' dir='ltr'>melius.</span> <span class='ocrx_word' id='word_1_172' title='bbox 1369 1325 1511 1379; x_wconf 82' lang='lat' dir='ltr'>Itaque</span> <span class='ocrx_word' id='word_1_173' title='bbox 1538 1339 1651 1364; x_wconf 83' lang='lat' dir='ltr'>careo</span> <span class='ocrx_word' id='word_1_174' title='bbox 1675 1338 1803 1377; x_wconf 88' lang='lat' dir='ltr'>aegre.</span> 
     </span>
     <span class='ocr_line' id='line_1_17' title="bbox 39 1395 1807 1451; baseline -0.001 -14"><span class='ocrx_word' id='word_1_175' title='bbox 39 1397 93 1437; x_wconf 72' lang='lat' dir='ltr'>Et</span> <span class='ocrx_word' id='word_1_176' title='bbox 127 1412 369 1451; x_wconf 87' lang='lat' dir='ltr'>quamquam</span> <span class='ocrx_word' id='word_1_177' title='bbox 403 1395 615 1437; x_wconf 83' lang='lat' dir='ltr'>videbatur</span> <span class='ocrx_word' id='word_1_178' title='bbox 661 1412 700 1437; x_wconf 92' lang='lat' dir='ltr'>se</span> <span class='ocrx_word' id='word_1_179' title='bbox 745 1412 827 1438; x_wconf 89' lang='lat' dir='ltr'>non</span> <span class='ocrx_word' id='word_1_180' title='bbox 871 1398 1045 1451; x_wconf 84' lang='lat' dir='ltr'>graviter</span> <span class='ocrx_word' id='word_1_181' title='bbox 1089 1397 1249 1447; x_wconf 87' lang='lat' dir='ltr'>habere,</span> <span class='ocrx_word' id='word_1_182' title='bbox 1294 1403 1430 1438; x_wconf 90' lang='lat' dir='ltr'>tamen</span> <span class='ocrx_word' id='word_1_183' title='bbox 1480 1412 1568 1437; x_wconf 88' lang='lat' dir='ltr'>sum</span> <span class='ocrx_word' id='word_1_184' title='bbox 1612 1396 1807 1436; x_wconf 79' lang='lat' dir='ltr'>sollicitus</span> 
     </span>
     <span class='ocr_line' id='line_1_18' title="bbox 38 1469 1807 1526; baseline 0 -16"><span class='ocrx_word' id='word_1_185' title='bbox 38 1470 332 1525; x_wconf 76' lang='lat' dir='ltr'>maximamque</span> <span class='ocrx_word' id='word_1_186' title='bbox 365 1485 475 1525; x_wconf 87' lang='lat' dir='ltr'>spem</span> <span class='ocrx_word' id='word_1_187' title='bbox 510 1469 638 1511; x_wconf 91' lang='lat' dir='ltr'>habeo</span> <span class='ocrx_word' id='word_1_188' title='bbox 671 1470 715 1511; x_wconf 90' lang='lat' dir='ltr'>in</span> <span class='ocrx_word' id='word_1_189' title='bbox 749 1471 825 1511; x_wconf 67' lang='grc' dir='ltr'>Μ’.</span> <span class='ocrx_word' id='word_1_190' title='bbox 861 1471 973 1511; x_wconf 86' lang='lat' dir='ltr'>Curii</span> <span class='ocrx_word' id='word_1_191' title='bbox 1005 1471 1230 1526; x_wconf 76' lang='lat' dir='ltr'>diligentia,</span> <span class='ocrx_word' id='word_1_192' title='bbox 1273 1471 1321 1512; x_wconf 91' lang='lat' dir='ltr'>de</span> <span class='ocrx_word' id='word_1_193' title='bbox 1356 1486 1434 1525; x_wconf 87' lang='lat' dir='ltr'>qua</span> <span class='ocrx_word' id='word_1_194' title='bbox 1469 1470 1518 1511; x_wconf 83' lang='lat' dir='ltr'>ad</span> <span class='ocrx_word' id='word_1_195' title='bbox 1552 1485 1614 1510; x_wconf 87' lang='lat' dir='ltr'>me</span> <span class='ocrx_word' id='word_1_196' title='bbox 1649 1471 1807 1524; x_wconf 77' lang='lat' dir='ltr'>scripsit</span> 
     </span>
     <span class='ocr_line' id='line_1_19' title="bbox 38 1541 1808 1599; baseline -0.001 -16"><span class='ocrx_word' id='word_1_197' title='bbox 38 1541 130 1583; x_wconf 90' lang='lat' dir='ltr'>Tiro</span> <span class='ocrx_word' id='word_1_198' title='bbox 164 1547 204 1583; x_wconf 93' lang='lat' dir='ltr'>et</span> <span class='ocrx_word' id='word_1_199' title='bbox 237 1542 354 1583; x_wconf 89' lang='lat' dir='ltr'>multi</span> <span class='ocrx_word' id='word_1_200' title='bbox 387 1543 642 1583; x_wconf 88' lang='lat' dir='ltr'>nuntiarunt.</span> <span class='ocrx_word' id='word_1_201' title='bbox 677 1543 825 1583; x_wconf 87' lang='lat' dir='ltr'>Curius</span> <span class='ocrx_word' id='word_1_202' title='bbox 860 1548 994 1584; x_wconf 88' lang='lat' dir='ltr'>autem</span> <span class='ocrx_word' id='word_1_203' title='bbox 1028 1544 1113 1599; x_wconf 90' lang='lat' dir='ltr'>ipse</span> <span class='ocrx_word' id='word_1_204' title='bbox 1148 1545 1286 1594; x_wconf 87' lang='lat' dir='ltr'>sensit,</span> <span class='ocrx_word' id='word_1_205' title='bbox 1323 1559 1444 1598; x_wconf 87' lang='lat' dir='ltr'>quam</span> <span class='ocrx_word' id='word_1_206' title='bbox 1477 1548 1523 1583; x_wconf 91' lang='lat' dir='ltr'>tu</span> <span class='ocrx_word' id='word_1_207' title='bbox 1557 1542 1677 1583; x_wconf 78' lang='lat' dir='ltr'>velles</span> <span class='ocrx_word' id='word_1_208' title='bbox 1712 1558 1752 1582; x_wconf 78' lang='lat' dir='ltr'>sc</span> <span class='ocrx_word' id='word_1_209' title='bbox 1787 1558 1808 1582; x_wconf 81' lang='lat' dir='ltr'>a</span> 
     </span>
     <span class='ocr_line' id='line_1_20' title="bbox 39 1615 1807 1671; baseline 0.001 -16"><span class='ocrx_word' id='word_1_210' title='bbox 39 1630 101 1655; x_wconf 88' lang='lat' dir='ltr'>me</span> <span class='ocrx_word' id='word_1_211' title='bbox 137 1615 266 1669; x_wconf 80' lang='lat' dir='ltr'>diligi,</span> <span class='ocrx_word' id='word_1_212' title='bbox 302 1620 343 1656; x_wconf 93' lang='lat' dir='ltr'>et</span> <span class='ocrx_word' id='word_1_213' title='bbox 376 1630 421 1656; x_wconf 91' lang='lat' dir='ltr'>eo</span> <span class='ocrx_word' id='word_1_214' title='bbox 456 1631 542 1656; x_wconf 91' lang='lat' dir='ltr'>sum</span> <span class='ocrx_word' id='word_1_215' title='bbox 578 1616 795 1656; x_wconf 87' lang='lat' dir='ltr'>admodum</span> <span class='ocrx_word' id='word_1_216' title='bbox 830 1616 1065 1658; x_wconf 83' lang='lat' dir='ltr'>delectatus.</span> <span class='ocrx_word' id='word_1_217' title='bbox 1101 1618 1154 1658; x_wconf 87' lang='lat' dir='ltr'>Et</span> <span class='ocrx_word' id='word_1_218' title='bbox 1186 1617 1413 1658; x_wconf 89' lang='lat' dir='ltr'>mehercule</span> <span class='ocrx_word' id='word_1_219' title='bbox 1448 1621 1521 1666; x_wconf 89' lang='lat' dir='ltr'>est,</span> <span class='ocrx_word' id='word_1_220' title='bbox 1547 1632 1667 1671; x_wconf 81' lang='lat' dir='ltr'>quain</span> <span class='ocrx_word' id='word_1_221' title='bbox 1691 1616 1807 1657; x_wconf 79' lang='lat' dir='ltr'>facile</span> 
     </span>
     <span class='ocr_line' id='line_1_21' title="bbox 39 1684 1807 1745; baseline 0 -17"><span class='ocrx_word' id='word_1_222' title='bbox 39 1688 195 1742; x_wconf 82' lang='lat' dir='ltr'>diligas,</span> <span class='ocrx_word' id='word_1_223' title='bbox 231 1684 511 1745; x_wconf 58' lang='grc' dir='ltr'>αὐτόχθων</span> <span class='ocrx_word' id='word_1_224' title='bbox 543 1688 582 1728; x_wconf 88' lang='grc'>111</span> <span class='ocrx_word' id='word_1_225' title='bbox 619 1688 779 1729; x_wconf 82' lang='lat' dir='ltr'>homine</span> <span class='ocrx_word' id='word_1_226' title='bbox 813 1688 1037 1731; x_wconf 84' lang='lat' dir='ltr'>urbanitas.</span> <span class='ocrx_word' id='word_1_227' title='bbox 1077 1691 1177 1731; x_wconf 83' lang='lat' dir='ltr'>Eius</span> <span class='ocrx_word' id='word_1_228' title='bbox 1210 1695 1496 1732; x_wconf 85' lang='lat' dir='ltr'>testamentum</span> <span class='ocrx_word' id='word_1_229' title='bbox 1531 1689 1696 1744; x_wconf 83' lang='lat' dir='ltr'>deporto</span> <span class='ocrx_word' id='word_1_230' title='bbox 1731 1689 1807 1729; x_wconf 80' lang='lat' dir='ltr'>Ro-</span> 
     </span>
    </p>
   </div>
   <div class='ocr_carea' id='block_1_3' title="bbox 80 1870 1786 1922">
    <p class='ocr_par' dir='ltr' id='par_1_3' title="bbox 80 1870 1786 1922">
     <span class='ocr_line' id='line_1_22' title="bbox 80 1870 1786 1922; baseline -0.002 -15"><span class='ocrx_word' id='word_1_231' title='bbox 80 1877 118 1907; x_wconf 84' lang='lat'>19</span> <span class='ocrx_word' id='word_1_232' title='bbox 141 1878 197 1912; x_wconf 74' lang='lat' dir='ltr'>est,</span> <span class='ocrx_word' id='word_1_233' title='bbox 226 1885 311 1916; x_wconf 71' lang='lat' dir='ltr'>quem</span> <span class='ocrx_word' id='word_1_234' title='bbox 330 1875 436 1916; x_wconf 69' lang='lat' dir='ltr'>flccile</span> <span class='ocrx_word' id='word_1_235' title='bbox 465 1877 592 1918; x_wconf 62' lang='lat' dir='ltr'>diliyas.</span> <span class='ocrx_word' id='word_1_236' title='bbox 618 1870 814 1922; x_wconf 61' lang='grc' dir='ltr'>Αὐτόχθων</span> <span class='ocrx_word' id='word_1_237' title='bbox 903 1877 1067 1908; x_wconf 64' lang='grc' dir='ltr'>ιινόαηίῗαε</span> <span class='ocrx_word' id='word_1_238' title='bbox 1080 1878 1136 1906; x_wconf 77' lang='lat' dir='ltr'>est.</span> <span class='ocrx_word' id='word_1_239' title='bbox 1157 1875 1233 1905; x_wconf 67' lang='lat' dir='ltr'>Eius</span> <span class='ocrx_word' id='word_1_240' title='bbox 1247 1899 1270 1905; x_wconf 94' lang='lat'>..</span> <span class='ocrx_word' id='word_1_241' title='bbox 1282 1899 1288 1905; x_wconf 95' lang='lat'>.</span> <span class='ocrx_word' id='word_1_242' title='bbox 1305 1875 1433 1914; x_wconf 74' lang='lat' dir='ltr'>deporto</span> <span class='ocrx_word' id='word_1_243' title='bbox 1445 1874 1537 1905; x_wconf 75' lang='lat' dir='ltr'>trium</span> <span class='ocrx_word' id='word_1_244' title='bbox 1550 1874 1728 1904; x_wconf 59' lang='lat' dir='ltr'>siem-onum</span> <span class='ocrx_word' id='word_1_245' title='bbox 1747 1891 1786 1895; x_wconf 88' lang='lat'>—-</span> 
     </span>
    </p>
   </div>
   <div class='ocr_carea' id='block_1_4' title="bbox 40 2036 1806 2140">
    <p class='ocr_par' dir='ltr' id='par_1_4' title="bbox 40 2036 1806 2140">
     <span class='ocr_line' id='line_1_23' title="bbox 40 2036 1806 2079; baseline -0.001 -11"><span class='ocrx_word' id='word_1_246' title='bbox 40 2036 100 2068; x_wconf 78' lang='lat'>704</span> <span class='ocrx_word' id='word_1_247' title='bbox 121 2039 348 2075; x_wconf 79' lang='lat' dir='ltr'>numerabant,</span> <span class='ocrx_word' id='word_1_248' title='bbox 371 2049 474 2079; x_wconf 88' lang='lat' dir='ltr'>quum</span> <span class='ocrx_word' id='word_1_249' title='bbox 496 2049 609 2070; x_wconf 77' lang='lat' dir='ltr'>revera</span> <span class='ocrx_word' id='word_1_250' title='bbox 633 2046 716 2071; x_wconf 86' lang='lat' dir='ltr'>esset</span> <span class='ocrx_word' id='word_1_251' title='bbox 737 2051 765 2071; x_wconf 86' lang='lat' dir='ltr'>a.</span> <span class='ocrx_word' id='word_1_252' title='bbox 781 2041 812 2071; x_wconf 88' lang='grc'>(1.</span> <span class='ocrx_word' id='word_1_253' title='bbox 828 2040 896 2070; x_wconf 85' lang='lat' dir='ltr'>VII</span> <span class='ocrx_word' id='word_1_254' title='bbox 948 2038 1064 2069; x_wconf 77' lang='lat' dir='ltr'>itinere</span> <span class='ocrx_word' id='word_1_255' title='bbox 1088 2038 1198 2069; x_wconf 83' lang='lat' dir='ltr'>literas</span> <span class='ocrx_word' id='word_1_256' title='bbox 1221 2039 1407 2079; x_wconf 79' lang='lat' dir='ltr'>complures</span> <span class='ocrx_word' id='word_1_257' title='bbox 1431 2038 1520 2068; x_wconf 82' lang='lat' dir='ltr'>misit</span> <span class='ocrx_word' id='word_1_258' title='bbox 1543 2047 1653 2068; x_wconf 84' lang='lat' dir='ltr'>amore</span> <span class='ocrx_word' id='word_1_259' title='bbox 1683 2037 1806 2077; x_wconf 64' lang='grc'><strong>11101103.</strong></span> 
     </span>
     <span class='ocr_line' id='line_1_24' title="bbox 42 2090 1277 2140; baseline 0.003 -20"><span class='ocrx_word' id='word_1_260' title='bbox 42 2091 90 2120; x_wconf 91' lang='lat' dir='ltr'>Id.</span> <span class='ocrx_word' id='word_1_261' title='bbox 121 2090 191 2122; x_wconf 86' lang='lat' dir='ltr'>Oct.</span> <span class='ocrx_word' id='word_1_262' title='bbox 227 2091 281 2122; x_wconf 85' lang='lat' dir='ltr'>Ad</span> <span class='ocrx_word' id='word_1_263' title='bbox 307 2092 357 2121; x_wconf 66' lang='lat' dir='ltr'>usi</span> <span class='ocrx_word' id='word_1_264' title='bbox 386 2095 440 2122; x_wconf 72' lang='lat' dir='ltr'>tua</span> <span class='ocrx_word' id='word_1_265' title='bbox 463 2092 627 2132; x_wconf 72' lang='lat' dir='ltr'>felicilale</span> <span class='ocrx_word' id='word_1_266' title='bbox 657 2094 830 2132; x_wconf 71' lang='lat' dir='ltr'>navisssmdz&#39;</span> <span class='ocrx_word' id='word_1_267' title='bbox 859 2094 898 2124; x_wconf 86' lang='lat' dir='ltr'>cf.</span> <span class='ocrx_word' id='word_1_268' title='bbox 922 2116 924 2140; x_wconf 66' lang='lat'>3</span> <span class='ocrx_word' id='word_1_269' title='bbox 946 2090 1039 2121; x_wconf 73' lang='lat' dir='ltr'>Fam·</span> <span class='ocrx_word' id='word_1_270' title='bbox 1063 2090 1163 2121; x_wconf 82' lang='lat' dir='ltr'>XVI·</span> <span class='ocrx_word' id='word_1_271' title='bbox 1187 2092 1277 2121; x_wconf 82' lang='lat'>1—9-</span> 
     </span>
    </p>
   </div>
   <div class='ocr_carea' id='block_1_5' title="bbox 43 2143 932 3195">
    <p class='ocr_par' dir='ltr' id='par_1_5' title="bbox 43 2143 932 3195">
     <span class='ocr_line' id='line_1_25' title="bbox 44 2143 206 2180; baseline 0.006 -8"><span class='ocrx_word' id='word_1_272' title='bbox 44 2143 103 2173; x_wconf 87' lang='lat' dir='ltr'>VI.</span> <span class='ocrx_word' id='word_1_273' title='bbox 127 2144 155 2180; x_wconf 86' lang='lat' dir='ltr'>S,</span> <span class='ocrx_word' id='word_1_274' title='bbox 180 2145 206 2173; x_wconf 89' lang='grc'>1.</span> 
     </span>
     <span class='ocr_line' id='line_1_26' title="bbox 88 2195 925 2239; baseline 0.006 -15"><span class='ocrx_word' id='word_1_275' title='bbox 88 2195 310 2227; x_wconf 64' lang='lat' dir='ltr'>Onchesmites.</span> <span class='ocrx_word' id='word_1_276' title='bbox 347 2198 511 2228; x_wconf 82' lang='lat' dir='ltr'>Austrum</span> <span class='ocrx_word' id='word_1_277' title='bbox 535 2199 580 2229; x_wconf 87' lang='lat' dir='ltr'>sic</span> <span class='ocrx_word' id='word_1_278' title='bbox 603 2200 690 2235; x_wconf 81' lang='lat' dir='ltr'>dicit,</span> <span class='ocrx_word' id='word_1_279' title='bbox 714 2200 771 2239; x_wconf 89' lang='lat' dir='ltr'>qui</span> <span class='ocrx_word' id='word_1_280' title='bbox 801 2200 900 2229; x_wconf 82' lang='grc'><strong>1101101</strong></span> <span class='ocrx_word' id='word_1_281' title='bbox 923 2197 925 2225; x_wconf 75' lang='grc' dir='ltr'>ἱ</span> 
     </span>
     <span class='ocr_line' id='line_1_27' title="bbox 45 2247 924 2303; baseline 0.005 -25"><span class='ocrx_word' id='word_1_282' title='bbox 45 2249 85 2278; x_wconf 86' lang='grc'>011</span> <span class='ocrx_word' id='word_1_283' title='bbox 108 2247 307 2286; x_wconf 81' lang='grc'><strong>0001103010,</strong></span> <span class='ocrx_word' id='word_1_284' title='bbox 331 2250 424 2290; x_wconf 84' lang='lat' dir='ltr'>Epiri</span> <span class='ocrx_word' id='word_1_285' title='bbox 446 2256 553 2290; x_wconf 72' lang='grc'><strong>1101111.</strong></span> <span class='ocrx_word' id='word_1_286' title='bbox 584 2252 729 2282; x_wconf 76' lang='lat' dir='ltr'>Versum</span> <span class='ocrx_word' id='word_1_287' title='bbox 750 2252 899 2292; x_wconf 84' lang='lat' dir='ltr'>spondia-</span> <span class='ocrx_word' id='word_1_288' title='bbox 922 2290 924 2303; x_wconf 33' lang='grc' dir='ltr'><em>Α</em></span> 
     </span>
     <span class='ocr_line' id='line_1_28' title="bbox 44 2302 900 2344; baseline 0.006 -14"><span class='ocrx_word' id='word_1_289' title='bbox 44 2310 119 2331; x_wconf 85' lang='lat' dir='ltr'>cum</span> <span class='ocrx_word' id='word_1_290' title='bbox 141 2307 258 2341; x_wconf 87' lang='lat' dir='ltr'>sponte</span> <span class='ocrx_word' id='word_1_291' title='bbox 281 2307 398 2332; x_wconf 84' lang='lat' dir='ltr'>natum</span> <span class='ocrx_word' id='word_1_292' title='bbox 419 2302 534 2333; x_wconf 74' lang='lat' dir='ltr'>Attico</span> <span class='ocrx_word' id='word_1_293' title='bbox 557 2304 666 2341; x_wconf 85' lang='lat' dir='ltr'>donat,</span> <span class='ocrx_word' id='word_1_294' title='bbox 690 2305 747 2344; x_wconf 85' lang='lat' dir='ltr'>qui</span> <span class='ocrx_word' id='word_1_295' title='bbox 778 2314 816 2335; x_wconf 91' lang='lat' dir='ltr'>eo</span> <span class='ocrx_word' id='word_1_296' title='bbox 842 2314 900 2344; x_wconf 86' lang='lat' dir='ltr'>pro</span> 
     </span>
     <span class='ocr_line' id='line_1_29' title="bbox 45 2353 901 2399; baseline 0.005 -17"><span class='ocrx_word' id='word_1_297' title='bbox 45 2362 103 2382; x_wconf 89' lang='lat' dir='ltr'>suo</span> <span class='ocrx_word' id='word_1_298' title='bbox 139 2358 252 2383; x_wconf 85' lang='lat' dir='ltr'>utatur</span> <span class='ocrx_word' id='word_1_299' title='bbox 290 2355 375 2394; x_wconf 88' lang='lat' dir='ltr'>apud</span> <span class='ocrx_word' id='word_1_300' title='bbox 410 2353 588 2399; x_wconf 80' lang='grc' dir='ltr'><em>νεωτέρους</em></span> <span class='ocrx_word' id='word_1_301' title='bbox 622 2366 655 2386; x_wconf 71' lang='lat' dir='ltr'>o:</span> <span class='ocrx_word' id='word_1_302' title='bbox 694 2360 729 2385; x_wconf 80' lang='lat' dir='ltr'>ut</span> <span class='ocrx_word' id='word_1_303' title='bbox 757 2356 901 2396; x_wconf 80' lang='lat' dir='ltr'>explicat</span> 
     </span>
     <span class='ocr_line' id='line_1_30' title="bbox 43 2408 924 2455; baseline 0.005 -17"><span class='ocrx_word' id='word_1_304' title='bbox 43 2408 278 2440; x_wconf 86' lang='lat' dir='ltr'>Lachmannus</span> <span class='ocrx_word' id='word_1_305' title='bbox 308 2411 348 2440; x_wconf 85' lang='lat' dir='ltr'>ad</span> <span class='ocrx_word' id='word_1_306' title='bbox 378 2411 475 2441; x_wconf 86' lang='lat' dir='ltr'>Lucr.</span> <span class='ocrx_word' id='word_1_307' title='bbox 507 2412 573 2442; x_wconf 87' lang='lat' dir='ltr'>III.</span> <span class='ocrx_word' id='word_1_308' title='bbox 613 2413 683 2448; x_wconf 81' lang='lat'>383,</span> <span class='ocrx_word' id='word_1_309' title='bbox 714 2413 799 2452; x_wconf 84' lang='lat' dir='ltr'>apud</span> <span class='ocrx_word' id='word_1_310' title='bbox 836 2421 924 2455; x_wconf 20' lang='lat' dir='ltr'>eos&amp;¹</span> 
     </span>
     <span class='ocr_line' id='line_1_31' title="bbox 44 2462 902 2506; baseline 0.006 -15"><span class='ocrx_word' id='word_1_311' title='bbox 44 2462 101 2502; x_wconf 89' lang='lat' dir='ltr'>qui</span> <span class='ocrx_word' id='word_1_312' title='bbox 123 2462 258 2493; x_wconf 83' lang='lat' dir='ltr'>delicias</span> <span class='ocrx_word' id='word_1_313' title='bbox 280 2464 591 2496; x_wconf 82' lang='lat' dir='ltr'>Alexandrinorum</span> <span class='ocrx_word' id='word_1_314' title='bbox 613 2466 710 2506; x_wconf 85' lang='lat' dir='ltr'>primi</span> <span class='ocrx_word' id='word_1_315' title='bbox 734 2466 767 2496; x_wconf 90' lang='lat' dir='ltr'>in</span> <span class='ocrx_word' id='word_1_316' title='bbox 788 2466 902 2506; x_wconf 86' lang='lat' dir='ltr'>poesin</span> 
     </span>
     <span class='ocr_line' id='line_1_32' title="bbox 45 2515 904 2556; baseline 0.007 -11"><span class='ocrx_word' id='word_1_317' title='bbox 45 2515 202 2547; x_wconf 81' lang='lat' dir='ltr'>Latinam</span> <span class='ocrx_word' id='word_1_318' title='bbox 224 2517 435 2556; x_wconf 84' lang='lat' dir='ltr'>invexerunt,</span> <span class='ocrx_word' id='word_1_319' title='bbox 461 2519 605 2550; x_wconf 86' lang='lat' dir='ltr'>Cinnam</span> <span class='ocrx_word' id='word_1_320' title='bbox 628 2519 764 2550; x_wconf 84' lang='lat' dir='ltr'>fortasse</span> <span class='ocrx_word' id='word_1_321' title='bbox 785 2525 817 2550; x_wconf 86' lang='lat' dir='ltr'>et</span> <span class='ocrx_word' id='word_1_322' title='bbox 830 2519 904 2550; x_wconf 90' lang='lat' dir='ltr'>Gal-</span> 
     </span>
     <span class='ocr_line' id='line_1_33' title="bbox 45 2567 927 2624; baseline 0.007 -27"><span class='ocrx_word' id='word_1_323' title='bbox 45 2567 123 2598; x_wconf 87' lang='lat' dir='ltr'>lum.</span> <span class='ocrx_word' id='word_1_324' title='bbox 166 2569 214 2599; x_wconf 79' lang='lat' dir='ltr'>Ut</span> <span class='ocrx_word' id='word_1_325' title='bbox 238 2568 353 2601; x_wconf 89' lang='lat' dir='ltr'>Cicero</span> <span class='ocrx_word' id='word_1_326' title='bbox 375 2571 408 2601; x_wconf 90' lang='lat' dir='ltr'>h.</span> <span class='ocrx_word' id='word_1_327' title='bbox 438 2572 470 2608; x_wconf 92' lang='grc'>1.,</span> <span class='ocrx_word' id='word_1_328' title='bbox 502 2572 547 2602; x_wconf 91' lang='lat' dir='ltr'>sic</span> <span class='ocrx_word' id='word_1_329' title='bbox 578 2572 615 2603; x_wconf 81' lang='lat' dir='ltr'>P.</span> <span class='ocrx_word' id='word_1_330' title='bbox 640 2573 679 2602; x_wconf 91' lang='lat' dir='ltr'>L.</span> <span class='ocrx_word' id='word_1_331' title='bbox 704 2572 904 2609; x_wconf 85' lang='lat' dir='ltr'>Courierius,</span> <span class='ocrx_word' id='word_1_332' title='bbox 924 2593 927 2624; x_wconf 62' lang='grc'>1</span> 
     </span>
     <span class='ocr_line' id='line_1_34' title="bbox 44 2623 904 2665; baseline 0.007 -13"><span class='ocrx_word' id='word_1_333' title='bbox 44 2632 146 2662; x_wconf 89' lang='lat' dir='ltr'>quum</span> <span class='ocrx_word' id='word_1_334' title='bbox 175 2623 237 2654; x_wconf 85' lang='lat' dir='ltr'>sibi</span> <span class='ocrx_word' id='word_1_335' title='bbox 261 2625 434 2665; x_wconf 88' lang='lat' dir='ltr'>epistolam</span> <span class='ocrx_word' id='word_1_336' title='bbox 456 2627 613 2658; x_wconf 84' lang='lat' dir='ltr'>scribenti</span> <span class='ocrx_word' id='word_1_337' title='bbox 635 2627 812 2658; x_wconf 78' lang='lat' dir='ltr'>excidisset</span> <span class='ocrx_word' id='word_1_338' title='bbox 834 2637 904 2657; x_wconf 82' lang='lat' dir='ltr'>ver-</span> 
     </span>
     <span class='ocr_line' id='line_1_35' title="bbox 46 2673 927 2720; baseline 0.005 -16"><span class='ocrx_word' id='word_1_339' title='bbox 46 2684 113 2705; x_wconf 89' lang='lat' dir='ltr'>sus:</span> <span class='ocrx_word' id='word_1_340' title='bbox 138 2674 175 2705; x_wconf 84' lang='lat' dir='ltr'>Ie</span> <span class='ocrx_word' id='word_1_341' title='bbox 198 2675 228 2706; x_wconf 82' lang='lat' dir='ltr'>le</span> <span class='ocrx_word' id='word_1_342' title='bbox 249 2676 297 2706; x_wconf 72' lang='lat' dir='ltr'>vis</span> <span class='ocrx_word' id='word_1_343' title='bbox 318 2677 357 2707; x_wconf 84' lang='lat' dir='ltr'>de</span> <span class='ocrx_word' id='word_1_344' title='bbox 379 2688 441 2708; x_wconf 78' lang='lat' dir='ltr'>mes</span> <span class='ocrx_word' id='word_1_345' title='bbox 468 2689 561 2720; x_wconf 68' lang='lat' dir='ltr'>yeax,</span> <span class='ocrx_word' id='word_1_346' title='bbox 593 2682 622 2710; x_wconf 74' lang='lat' dir='ltr'>et</span> <span class='ocrx_word' id='word_1_347' title='bbox 652 2690 690 2709; x_wconf 66' lang='lat' dir='ltr'>ne</span> <span class='ocrx_word' id='word_1_348' title='bbox 719 2680 749 2709; x_wconf 79' lang='lat' dir='ltr'>le</span> <span class='ocrx_word' id='word_1_349' title='bbox 770 2679 906 2720; x_wconf 70' lang='lat' dir='ltr'>powvaz&#39;s</span> <span class='ocrx_word' id='word_1_350' title='bbox 926 2673 927 2696; x_wconf 64' lang='grc' dir='ltr'><strong>Ῑ</strong></span> 
     </span>
     <span class='ocr_line' id='line_1_36' title="bbox 45 2728 907 2771; baseline 0.002 -12"><span class='ocrx_word' id='word_1_351' title='bbox 45 2728 156 2765; x_wconf 71' lang='lat' dir='ltr'>croire,</span> <span class='ocrx_word' id='word_1_352' title='bbox 191 2730 378 2771; x_wconf 81' lang='lat' dir='ltr'>adscripsit:</span> <span class='ocrx_word' id='word_1_353' title='bbox 421 2732 571 2763; x_wconf 65' lang='lat' dir='ltr'>uPremls</span> <span class='ocrx_word' id='word_1_354' title='bbox 600 2743 633 2761; x_wconf 70' lang='lat' dir='ltr'>m&gt;</span> <span class='ocrx_word' id='word_1_355' title='bbox 665 2744 742 2770; x_wconf 59' lang='lat' dir='ltr'>rem,</span> <span class='ocrx_word' id='word_1_356' title='bbox 763 2734 803 2771; x_wconf 76' lang='lat' dir='ltr'>je</span> <span class='ocrx_word' id='word_1_357' title='bbox 826 2736 857 2762; x_wconf 66' lang='lat' dir='ltr'>te</span> <span class='ocrx_word' id='word_1_358' title='bbox 878 2734 907 2762; x_wconf 80' lang='lat' dir='ltr'>le</span> 
     </span>
     <span class='ocr_line' id='line_1_37' title="bbox 46 2780 930 2816; baseline 0.011 -7"><span class='ocrx_word' id='word_1_359' title='bbox 46 2780 164 2816; x_wconf 67' lang='lat' dir='ltr'>(imme,-</span> <span class='ocrx_word' id='word_1_360' title='bbox 187 2783 309 2813; x_wconf 70' lang='lat' dir='ltr'>mels-le</span> <span class='ocrx_word' id='word_1_361' title='bbox 332 2794 405 2814; x_wconf 75' lang='lat' dir='ltr'>avec</span> <span class='ocrx_word' id='word_1_362' title='bbox 427 2785 472 2815; x_wconf 76' lang='lat' dir='ltr'>les</span> <span class='ocrx_word' id='word_1_363' title='bbox 496 2786 610 2815; x_wconf 69' lang='lat' dir='ltr'>tiens.”</span> <span class='ocrx_word' id='word_1_364' title='bbox 928 2792 930 2813; x_wconf 66' lang='grc'>1</span> 
     </span>
     <span class='ocr_line' id='line_1_38' title="bbox 89 2834 901 2879; baseline 0.006 -15"><span class='ocrx_word' id='word_1_365' title='bbox 89 2834 158 2872; x_wconf 65' lang='grc' dir='ltr'><strong>ξ2.</strong></span> <span class='ocrx_word' id='word_1_366' title='bbox 190 2834 351 2866; x_wconf 68' lang='lat' dir='ltr'>J&#39;alefudo.</span> <span class='ocrx_word' id='word_1_367' title='bbox 396 2838 436 2867; x_wconf 87' lang='lat' dir='ltr'>In</span> <span class='ocrx_word' id='word_1_368' title='bbox 460 2838 549 2868; x_wconf 84' lang='lat' dir='ltr'>Med.</span> <span class='ocrx_word' id='word_1_369' title='bbox 572 2838 603 2868; x_wconf 86' lang='lat' dir='ltr'>h.</span> <span class='ocrx_word' id='word_1_370' title='bbox 636 2838 656 2868; x_wconf 93' lang='grc'>1.</span> <span class='ocrx_word' id='word_1_371' title='bbox 685 2845 716 2869; x_wconf 88' lang='lat' dir='ltr'>et</span> <span class='ocrx_word' id='word_1_372' title='bbox 747 2848 795 2879; x_wconf 89' lang='lat' dir='ltr'>ep.</span> <span class='ocrx_word' id='word_1_373' title='bbox 825 2841 852 2874; x_wconf 75' lang='grc' dir='ltr'>ἴ),</span> <span class='ocrx_word' id='word_1_374' title='bbox 887 2839 901 2869; x_wconf 91' lang='grc'>1</span> 
     </span>
     <span class='ocr_line' id='line_1_39' title="bbox 46 2886 904 2930; baseline 0.007 -15"><span class='ocrx_word' id='word_1_375' title='bbox 46 2886 228 2917; x_wconf 75' lang='lat' dir='ltr'>invaletudo</span> <span class='ocrx_word' id='word_1_376' title='bbox 251 2889 413 2925; x_wconf 84' lang='lat' dir='ltr'>scribitur,</span> <span class='ocrx_word' id='word_1_377' title='bbox 438 2900 522 2930; x_wconf 83' lang='lat' dir='ltr'>quae</span> <span class='ocrx_word' id='word_1_378' title='bbox 546 2890 651 2921; x_wconf 86' lang='lat' dir='ltr'>forma</span> <span class='ocrx_word' id='word_1_379' title='bbox 675 2892 812 2921; x_wconf 81' lang='lat' dir='ltr'>barbara</span> <span class='ocrx_word' id='word_1_380' title='bbox 831 2892 904 2921; x_wconf 86' lang='lat' dir='ltr'>aliis</span> 
     </span>
     <span class='ocr_line' id='line_1_40' title="bbox 46 2942 905 2983; baseline 0.005 -12"><span class='ocrx_word' id='word_1_381' title='bbox 46 2951 173 2981; x_wconf 81' lang='lat' dir='ltr'>quoque</span> <span class='ocrx_word' id='word_1_382' title='bbox 198 2942 339 2973; x_wconf 86' lang='lat' dir='ltr'>librariis</span> <span class='ocrx_word' id='word_1_383' title='bbox 362 2944 494 2983; x_wconf 83' lang='lat' dir='ltr'>placuit.</span> <span class='ocrx_word' id='word_1_384' title='bbox 533 2945 571 2974; x_wconf 91' lang='lat' dir='ltr'>In</span> <span class='ocrx_word' id='word_1_385' title='bbox 596 2945 685 2975; x_wconf 92' lang='lat' dir='ltr'>Livii</span> <span class='ocrx_word' id='word_1_386' title='bbox 707 2946 801 2975; x_wconf 89' lang='lat' dir='ltr'>codd.</span> <span class='ocrx_word' id='word_1_387' title='bbox 824 2945 905 2975; x_wconf 87' lang='lat' dir='ltr'>Mss.</span> 
     </span>
     <span class='ocr_line' id='line_1_41' title="bbox 48 2992 931 3037; baseline 0.007 -16"><span class='ocrx_word' id='word_1_388' title='bbox 48 2992 133 3022; x_wconf 87' lang='lat' dir='ltr'>idem</span> <span class='ocrx_word' id='word_1_389' title='bbox 146 2994 261 3024; x_wconf 83' lang='lat' dir='ltr'>vitium</span> <span class='ocrx_word' id='word_1_390' title='bbox 275 2996 399 3025; x_wconf 73' lang='lat' dir='ltr'>notavit</span> <span class='ocrx_word' id='word_1_391' title='bbox 415 2996 582 3027; x_wconf 80' lang='lat' dir='ltr'>Drakenb.</span> <span class='ocrx_word' id='word_1_392' title='bbox 596 2997 636 3026; x_wconf 88' lang='lat' dir='ltr'>ad</span> <span class='ocrx_word' id='word_1_393' title='bbox 649 2997 735 3037; x_wconf 81' lang='lat' dir='ltr'>Epit.</span> <span class='ocrx_word' id='word_1_394' title='bbox 748 2997 787 3027; x_wconf 89' lang='lat' dir='ltr'>L.</span> <span class='ocrx_word' id='word_1_395' title='bbox 802 2997 904 3027; x_wconf 88' lang='lat' dir='ltr'>XIII.</span> <span class='ocrx_word' id='word_1_396' title='bbox 928 3005 931 3013; x_wconf 72' lang='lat'><strong>⁴</strong></span> 
     </span>
     <span class='ocr_line' id='line_1_42' title="bbox 89 3044 932 3091; baseline 0.007 -17"><span class='ocrx_word' id='word_1_397' title='bbox 89 3044 268 3078; x_wconf 61' lang='lat' dir='ltr'>Decessisse</span> <span class='ocrx_word' id='word_1_398' title='bbox 288 3066 330 3070; x_wconf 87' lang='lat'>—</span> <span class='ocrx_word' id='word_1_399' title='bbox 352 3048 501 3079; x_wconf 74' lang='lat' dir='ltr'>accedere</span> <span class='ocrx_word' id='word_1_400' title='bbox 532 3054 609 3079; x_wconf 87' lang='lat' dir='ltr'>sunt</span> <span class='ocrx_word' id='word_1_401' title='bbox 638 3050 737 3080; x_wconf 83' lang='lat' dir='ltr'>verba</span> <span class='ocrx_word' id='word_1_402' title='bbox 766 3051 905 3081; x_wconf 84' lang='lat' dir='ltr'>medico·</span> <span class='ocrx_word' id='word_1_403' title='bbox 928 3054 932 3091; x_wconf 63' lang='grc'>1</span> 
     </span>
     <span class='ocr_line' id='line_1_43' title="bbox 48 3098 777 3142; baseline 0.01 -17"><span class='ocrx_word' id='word_1_404' title='bbox 48 3106 130 3127; x_wconf 83' lang='lat' dir='ltr'>rum.</span> <span class='ocrx_word' id='word_1_405' title='bbox 153 3098 203 3129; x_wconf 87' lang='lat' dir='ltr'>Cf.</span> <span class='ocrx_word' id='word_1_406' title='bbox 227 3099 341 3131; x_wconf 87' lang='lat' dir='ltr'>Celsus</span> <span class='ocrx_word' id='word_1_407' title='bbox 363 3103 403 3132; x_wconf 90' lang='lat' dir='ltr'>de</span> <span class='ocrx_word' id='word_1_408' title='bbox 426 3102 542 3132; x_wconf 88' lang='lat' dir='ltr'>medic.</span> <span class='ocrx_word' id='word_1_409' title='bbox 568 3102 623 3132; x_wconf 92' lang='lat' dir='ltr'>III</span> <span class='ocrx_word' id='word_1_410' title='bbox 646 3102 777 3142; x_wconf 87' lang='lat' dir='ltr'>passim.</span> 
     </span>
     <span class='ocr_line' id='line_1_44' title="bbox 91 3150 903 3195; baseline 0.007 -16"><span class='ocrx_word' id='word_1_411' title='bbox 91 3150 107 3187; x_wconf 73' lang='grc' dir='ltr'>ξ</span> <span class='ocrx_word' id='word_1_412' title='bbox 132 3152 158 3180; x_wconf 70' lang='lat'>23.</span> <span class='ocrx_word' id='word_1_413' title='bbox 185 3151 323 3183; x_wconf 68' lang='lat' dir='ltr'>Tironem</span> <span class='ocrx_word' id='word_1_414' title='bbox 351 3154 456 3183; x_wconf 55' lang='lat' dir='ltr'>Pam-ix</span> <span class='ocrx_word' id='word_1_415' title='bbox 479 3165 603 3193; x_wconf 66' lang='lat' dir='ltr'>aessrmn</span> <span class='ocrx_word' id='word_1_416' title='bbox 628 3155 750 3195; x_wconf 68' lang='lat' dir='ltr'>reh&#39;qm&#39;.</span> <span class='ocrx_word' id='word_1_417' title='bbox 784 3155 832 3184; x_wconf 76' lang='lat' dir='ltr'>Eo</span> <span class='ocrx_word' id='word_1_418' title='bbox 863 3165 903 3185; x_wconf 75' lang='lat' dir='ltr'>ex</span> 
     </span>
    </p>
   </div>
   <div class='ocr_carea' id='block_1_6' title="bbox 924 2504 933 3176">
    <p class='ocr_par' dir='ltr' id='par_1_6' title="bbox 924 2504 933 3176">
     <span class='ocr_line' id='line_1_45' title="bbox 924 2504 933 3176; baseline 0 0"><span class='ocrx_word' id='word_1_419' title='bbox 924 2504 933 3176; x_wconf 95' lang='lat' dir='ltr'> </span> 
     </span>
    </p>
   </div>
   <div class='ocr_carea' id='block_1_7' title="bbox 945 2142 1809 2451">
    <p class='ocr_par' dir='ltr' id='par_1_7' title="bbox 945 2142 1808 2398">
     <span class='ocr_line' id='line_1_46' title="bbox 987 2142 1807 2181; baseline -0.001 -9"><span class='ocrx_word' id='word_1_420' title='bbox 987 2143 1232 2180; x_wconf 69' lang='lat' dir='ltr'>Adolescentem,</span> <span class='ocrx_word' id='word_1_421' title='bbox 1251 2145 1283 2172; x_wconf 72' lang='lat' dir='ltr'>vl</span> <span class='ocrx_word' id='word_1_422' title='bbox 1300 2143 1393 2173; x_wconf 66' lang='lat' dir='ltr'>nosti.</span> <span class='ocrx_word' id='word_1_423' title='bbox 1408 2143 1591 2173; x_wconf 87' lang='lat' dir='ltr'>Hominem</span> <span class='ocrx_word' id='word_1_424' title='bbox 1610 2142 1708 2181; x_wconf 78' lang='lat' dir='ltr'>frugi,</span> <span class='ocrx_word' id='word_1_425' title='bbox 1724 2151 1807 2181; x_wconf 83' lang='lat' dir='ltr'>quae</span> 
     </span>
     <span class='ocr_line' id='line_1_47' title="bbox 945 2195 1806 2237; baseline -0.002 -11"><span class='ocrx_word' id='word_1_426' title='bbox 945 2197 1055 2227; x_wconf 85' lang='lat' dir='ltr'>minor</span> <span class='ocrx_word' id='word_1_427' title='bbox 1077 2197 1148 2227; x_wconf 83' lang='lat' dir='ltr'>laus</span> <span class='ocrx_word' id='word_1_428' title='bbox 1172 2202 1250 2233; x_wconf 77' lang='lat' dir='ltr'>erat,</span> <span class='ocrx_word' id='word_1_429' title='bbox 1274 2207 1373 2237; x_wconf 83' lang='grc'><strong>1111001</strong></span> <span class='ocrx_word' id='word_1_430' title='bbox 1396 2197 1546 2236; x_wconf 74' lang='grc'><strong>111-01111111.</strong></span> <span class='ocrx_word' id='word_1_431' title='bbox 1571 2195 1620 2226; x_wconf 74' lang='lat' dir='ltr'>Cf.</span> <span class='ocrx_word' id='word_1_432' title='bbox 1643 2196 1675 2226; x_wconf 86' lang='lat' dir='ltr'>h.</span> <span class='ocrx_word' id='word_1_433' title='bbox 1695 2196 1716 2226; x_wconf 94' lang='lat' dir='ltr'>l.</span> <span class='ocrx_word' id='word_1_434' title='bbox 1733 2197 1761 2231; x_wconf 64' lang='lat'>4,</span> <span class='ocrx_word' id='word_1_435' title='bbox 1781 2197 1806 2225; x_wconf 89' lang='lat' dir='ltr'>l.</span> 
     </span>
     <span class='ocr_line' id='line_1_48' title="bbox 946 2249 1808 2290; baseline -0.001 -10"><span class='ocrx_word' id='word_1_436' title='bbox 946 2251 1023 2280; x_wconf 88' lang='lat' dir='ltr'>Non</span> <span class='ocrx_word' id='word_1_437' title='bbox 1048 2251 1209 2281; x_wconf 83' lang='lat' dir='ltr'>assentior</span> <span class='ocrx_word' id='word_1_438' title='bbox 1231 2250 1353 2286; x_wconf 85' lang='lat' dir='ltr'>Alano,</span> <span class='ocrx_word' id='word_1_439' title='bbox 1378 2250 1434 2290; x_wconf 88' lang='lat' dir='ltr'>qui</span> <span class='ocrx_word' id='word_1_440' title='bbox 1457 2250 1532 2280; x_wconf 87' lang='lat' dir='ltr'>coll.</span> <span class='ocrx_word' id='word_1_441' title='bbox 1558 2250 1618 2279; x_wconf 78' lang='lat' dir='ltr'>VI.</span> <span class='ocrx_word' id='word_1_442' title='bbox 1642 2249 1669 2285; x_wconf 75' lang='grc'><strong>7,</strong></span> <span class='ocrx_word' id='word_1_443' title='bbox 1689 2251 1705 2279; x_wconf 68' lang='grc'><em>2</em></span> <span class='ocrx_word' id='word_1_444' title='bbox 1724 2255 1808 2279; x_wconf 84' lang='lat' dir='ltr'>extr.</span> 
     </span>
     <span class='ocr_line' id='line_1_49' title="bbox 946 2301 1808 2343; baseline -0.003 -11"><span class='ocrx_word' id='word_1_445' title='bbox 946 2303 1157 2333; x_wconf 83' lang='lat' dir='ltr'>scribendum</span> <span class='ocrx_word' id='word_1_446' title='bbox 1179 2303 1330 2343; x_wconf 84' lang='lat' dir='ltr'>putabat:</span> <span class='ocrx_word' id='word_1_447' title='bbox 1356 2302 1582 2332; x_wconf 67' lang='lat' dir='ltr'>adolescentem</span> <span class='ocrx_word' id='word_1_448' title='bbox 1606 2303 1735 2337; x_wconf 69' lang='lat' dir='ltr'>cassum,</span> <span class='ocrx_word' id='word_1_449' title='bbox 1763 2301 1808 2329; x_wconf 62' lang='lat' dir='ltr'>ds-</span> 
     </span>
     <span class='ocr_line' id='line_1_50' title="bbox 947 2357 1276 2398; baseline -0.003 -11"><span class='ocrx_word' id='word_1_450' title='bbox 947 2358 1103 2398; x_wconf 66' lang='lat' dir='ltr'>Zz&#39;qenlem,</span> <span class='ocrx_word' id='word_1_451' title='bbox 1127 2360 1162 2388; x_wconf 69' lang='lat' dir='ltr'>ut</span> <span class='ocrx_word' id='word_1_452' title='bbox 1183 2357 1276 2388; x_wconf 70' lang='lat' dir='ltr'>nessi.</span> 
     </span>
    </p>

    <p class='ocr_par' dir='ltr' id='par_1_8' title="bbox 989 2409 1809 2451">
     <span class='ocr_line' id='line_1_51' title="bbox 989 2409 1809 2451; baseline 0 -13"><span class='ocrx_word' id='word_1_453' title='bbox 989 2410 1026 2440; x_wconf 78' lang='lat' dir='ltr'>Se</span> <span class='ocrx_word' id='word_1_454' title='bbox 1049 2421 1109 2440; x_wconf 68' lang='lat' dir='ltr'>220AE</span> <span class='ocrx_word' id='word_1_455' title='bbox 1138 2410 1282 2451; x_wconf 67' lang='lat' dir='ltr'>yraviler</span> <span class='ocrx_word' id='word_1_456' title='bbox 1313 2409 1426 2440; x_wconf 73' lang='lat' dir='ltr'>habere</span> <span class='ocrx_word' id='word_1_457' title='bbox 1455 2420 1487 2439; x_wconf 79' lang='lat' dir='ltr'>o:</span> <span class='ocrx_word' id='word_1_458' title='bbox 1524 2409 1640 2439; x_wconf 84' lang='lat' dir='ltr'>leviter</span> <span class='ocrx_word' id='word_1_459' title='bbox 1669 2413 1809 2439; x_wconf 84' lang='lat' dir='ltr'>tantum-</span> 
     </span>
    </p>
   </div>
   <div class='ocr_carea' id='block_1_8' title="bbox 923 2464 1810 2501">
    <p class='ocr_par' dir='ltr' id='par_1_9' title="bbox 923 2464 1810 2501">
     <span class='ocr_line' id='line_1_52' title="bbox 923 2464 1810 2501; baseline -0.002 -6"><span class='ocrx_word' id='word_1_460' title='bbox 923 2493 924 2501; x_wconf 30' lang='lat'>,</span> <span class='ocrx_word' id='word_1_461' title='bbox 948 2466 1046 2495; x_wconf 85' lang='lat' dir='ltr'>modo</span> <span class='ocrx_word' id='word_1_462' title='bbox 1070 2465 1224 2496; x_wconf 79' lang='lat' dir='ltr'>affectum</span> <span class='ocrx_word' id='word_1_463' title='bbox 1254 2474 1334 2495; x_wconf 87' lang='lat' dir='ltr'>esse.</span> <span class='ocrx_word' id='word_1_464' title='bbox 1371 2464 1511 2495; x_wconf 83' lang='lat' dir='ltr'>Locutio</span> <span class='ocrx_word' id='word_1_465' title='bbox 1541 2464 1641 2494; x_wconf 81' lang='lat' dir='ltr'>etiam</span> <span class='ocrx_word' id='word_1_466' title='bbox 1674 2464 1713 2493; x_wconf 82' lang='lat' dir='ltr'>ad</span> <span class='ocrx_word' id='word_1_467' title='bbox 1744 2464 1810 2493; x_wconf 83' lang='lat' dir='ltr'>ani-</span> 
     </span>
    </p>
   </div>
   <div class='ocr_carea' id='block_1_9' title="bbox 948 2517 1809 2614">
    <p class='ocr_par' dir='ltr' id='par_1_10' title="bbox 948 2517 1809 2614">
     <span class='ocr_line' id='line_1_53' title="bbox 948 2517 1518 2555; baseline -0.004 -6"><span class='ocrx_word' id='word_1_468' title='bbox 948 2529 1042 2549; x_wconf 86' lang='lat' dir='ltr'>mum</span> <span class='ocrx_word' id='word_1_469' title='bbox 1065 2519 1269 2555; x_wconf 81' lang='lat' dir='ltr'>transfertur,</span> <span class='ocrx_word' id='word_1_470' title='bbox 1293 2523 1327 2548; x_wconf 89' lang='lat' dir='ltr'>ut</span> <span class='ocrx_word' id='word_1_471' title='bbox 1349 2517 1413 2548; x_wconf 81' lang='lat' dir='ltr'>XI.</span> <span class='ocrx_word' id='word_1_472' title='bbox 1438 2517 1466 2554; x_wconf 83' lang='lat'>7,</span> <span class='ocrx_word' id='word_1_473' title='bbox 1490 2520 1518 2548; x_wconf 74' lang='lat'>4.</span> 
     </span>
     <span class='ocr_line' id='line_1_54' title="bbox 984 2561 1809 2614; baseline -0.001 -13"><span class='ocrx_word' id='word_1_474' title='bbox 984 2570 1023 2601; x_wconf 77' lang='lat' dir='ltr'>Et</span> <span class='ocrx_word' id='word_1_475' title='bbox 1033 2571 1205 2601; x_wconf 69' lang='lat' dir='ltr'>mehercule</span> <span class='ocrx_word' id='word_1_476' title='bbox 1214 2572 1269 2606; x_wconf 68' lang='lat' dir='ltr'>ess,</span> <span class='ocrx_word' id='word_1_477' title='bbox 1278 2569 1474 2610; x_wconf 70' lang='lat' dir='ltr'>qvamfacile</span> <span class='ocrx_word' id='word_1_478' title='bbox 1481 2569 1607 2610; x_wconf 48' lang='lat' dir='ltr'>diffissa&amp;</span> <span class='ocrx_word' id='word_1_479' title='bbox 1616 2561 1809 2614; x_wconf 62' lang='grc' dir='ltr'>αὐτόχθων</span> 
     </span>
    </p>
   </div>
   <div class='ocr_carea' id='block_1_10' title="bbox 925 2626 1809 2668">
    <p class='ocr_par' dir='ltr' id='par_1_11' title="bbox 925 2626 1809 2668">
     <span class='ocr_line' id='line_1_55' title="bbox 925 2626 1809 2668; baseline 0.002 -12"><span class='ocrx_word' id='word_1_480' title='bbox 925 2664 927 2668; x_wconf 31' lang='grc' dir='ltr'>ι</span> <span class='ocrx_word' id='word_1_481' title='bbox 948 2626 981 2656; x_wconf 79' lang='lat' dir='ltr'>in</span> <span class='ocrx_word' id='word_1_482' title='bbox 1005 2628 1034 2657; x_wconf 79' lang='lat' dir='ltr'>h.</span> <span class='ocrx_word' id='word_1_483' title='bbox 1059 2627 1231 2657; x_wconf 65' lang='lat' dir='ltr'>mrbaszz&#39;las.</span> <span class='ocrx_word' id='word_1_484' title='bbox 1256 2626 1371 2657; x_wconf 75' lang='lat' dir='ltr'>Lectio</span> <span class='ocrx_word' id='word_1_485' title='bbox 1390 2632 1488 2657; x_wconf 77' lang='lat' dir='ltr'>certa.</span> <span class='ocrx_word' id='word_1_486' title='bbox 1514 2626 1611 2666; x_wconf 70' lang='lat' dir='ltr'>Quam</span> <span class='ocrx_word' id='word_1_487' title='bbox 1624 2627 1724 2658; x_wconf 79' lang='lat' dir='ltr'>habet</span> <span class='ocrx_word' id='word_1_488' title='bbox 1740 2628 1809 2657; x_wconf 66' lang='lat' dir='ltr'>Me&lt;</span> 
     </span>
    </p>
   </div>
   <div class='ocr_carea' id='block_1_11' title="bbox 951 2679 1811 2878">
    <p class='ocr_par' dir='ltr' id='par_1_12' title="bbox 951 2679 1811 2878">
     <span class='ocr_line' id='line_1_56' title="bbox 952 2679 1810 2719; baseline -0.001 -9"><span class='ocrx_word' id='word_1_489' title='bbox 952 2680 1076 2710; x_wconf 80' lang='lat' dir='ltr'>diceus.</span> <span class='ocrx_word' id='word_1_490' title='bbox 1100 2680 1140 2709; x_wconf 87' lang='lat' dir='ltr'>In</span> <span class='ocrx_word' id='word_1_491' title='bbox 1163 2689 1251 2719; x_wconf 85' lang='lat' dir='ltr'>seqq.</span> <span class='ocrx_word' id='word_1_492' title='bbox 1275 2679 1383 2709; x_wconf 83' lang='lat' dir='ltr'>verbis</span> <span class='ocrx_word' id='word_1_493' title='bbox 1406 2679 1514 2719; x_wconf 85' lang='lat' dir='ltr'>recepi</span> <span class='ocrx_word' id='word_1_494' title='bbox 1537 2679 1680 2710; x_wconf 85' lang='lat' dir='ltr'>Manutii</span> <span class='ocrx_word' id='word_1_495' title='bbox 1703 2689 1810 2710; x_wconf 90' lang='lat' dir='ltr'>emen-</span> 
     </span>
     <span class='ocr_line' id='line_1_57' title="bbox 952 2731 1811 2772; baseline 0 -10"><span class='ocrx_word' id='word_1_496' title='bbox 952 2732 1120 2763; x_wconf 80' lang='lat' dir='ltr'>dationem</span> <span class='ocrx_word' id='word_1_497' title='bbox 1143 2731 1271 2772; x_wconf 74' lang='lat' dir='ltr'>deporto</span> <span class='ocrx_word' id='word_1_498' title='bbox 1295 2732 1431 2768; x_wconf 79' lang='lat' dir='ltr'>Romam,</span> <span class='ocrx_word' id='word_1_499' title='bbox 1455 2732 1544 2771; x_wconf 86' lang='lat' dir='ltr'>quod</span> <span class='ocrx_word' id='word_1_500' title='bbox 1573 2732 1660 2762; x_wconf 88' lang='lat' dir='ltr'>idem</span> <span class='ocrx_word' id='word_1_501' title='bbox 1689 2732 1811 2772; x_wconf 83' lang='lat' dir='ltr'>placuit</span> 
     </span>
     <span class='ocr_line' id='line_1_58' title="bbox 952 2785 1810 2826; baseline 0.001 -11"><span class='ocrx_word' id='word_1_502' title='bbox 952 2785 1203 2825; x_wconf 62' lang='lat' dir='ltr'>VVesenbei-gio,</span> <span class='ocrx_word' id='word_1_503' title='bbox 1227 2785 1284 2825; x_wconf 87' lang='lat' dir='ltr'>qui</span> <span class='ocrx_word' id='word_1_504' title='bbox 1308 2790 1456 2815; x_wconf 79' lang='lat' dir='ltr'>accurate</span> <span class='ocrx_word' id='word_1_505' title='bbox 1479 2786 1519 2815; x_wconf 87' lang='lat' dir='ltr'>de</span> <span class='ocrx_word' id='word_1_506' title='bbox 1541 2785 1573 2816; x_wconf 94' lang='lat' dir='ltr'>h.</span> <span class='ocrx_word' id='word_1_507' title='bbox 1598 2786 1618 2815; x_wconf 89' lang='lat' dir='ltr'>l.</span> <span class='ocrx_word' id='word_1_508' title='bbox 1650 2786 1810 2826; x_wconf 78' lang='lat' dir='ltr'>exposuit.</span> 
     </span>
     <span class='ocr_line' id='line_1_59' title="bbox 951 2837 1811 2878; baseline -0.001 -10"><span class='ocrx_word' id='word_1_509' title='bbox 951 2839 1091 2869; x_wconf 87' lang='lat' dir='ltr'>Emend.</span> <span class='ocrx_word' id='word_1_510' title='bbox 1114 2848 1143 2878; x_wconf 91' lang='lat' dir='ltr'>p.</span> <span class='ocrx_word' id='word_1_511' title='bbox 1167 2839 1207 2868; x_wconf 74' lang='lat'>40</span> <span class='ocrx_word' id='word_1_512' title='bbox 1231 2848 1277 2878; x_wconf 84' lang='lat' dir='ltr'>sq.</span> <span class='ocrx_word' id='word_1_513' title='bbox 1300 2837 1394 2867; x_wconf 74' lang='lat' dir='ltr'>friam</span> <span class='ocrx_word' id='word_1_514' title='bbox 1412 2837 1602 2874; x_wconf 67' lang='lat' dir='ltr'>Ciceronum,</span> <span class='ocrx_word' id='word_1_515' title='bbox 1618 2838 1706 2878; x_wconf 88' lang='lat' dir='ltr'>quod</span> <span class='ocrx_word' id='word_1_516' title='bbox 1721 2837 1811 2869; x_wconf 87' lang='lat' dir='ltr'>Orel-</span> 
     </span>
    </p>
   </div>
   <div class='ocr_carea' id='block_1_12' title="bbox 928 2890 1811 2985">
    <p class='ocr_par' dir='ltr' id='par_1_13' title="bbox 928 2890 1811 2985">
     <span class='ocr_line' id='line_1_60' title="bbox 928 2890 1811 2930; baseline -0.001 -10"><span class='ocrx_word' id='word_1_517' title='bbox 928 2901 930 2920; x_wconf 67' lang='grc'>1</span> <span class='ocrx_word' id='word_1_518' title='bbox 952 2891 1014 2921; x_wconf 89' lang='lat' dir='ltr'>lius</span> <span class='ocrx_word' id='word_1_519' title='bbox 1037 2900 1054 2920; x_wconf 92' lang='lat' dir='ltr'>e</span> <span class='ocrx_word' id='word_1_520' title='bbox 1077 2901 1134 2920; x_wconf 86' lang='grc'><strong>3110</strong></span> <span class='ocrx_word' id='word_1_521' title='bbox 1158 2890 1345 2921; x_wconf 83' lang='lat' dir='ltr'>coniectura</span> <span class='ocrx_word' id='word_1_522' title='bbox 1370 2891 1402 2920; x_wconf 86' lang='lat' dir='ltr'>in</span> <span class='ocrx_word' id='word_1_523' title='bbox 1427 2900 1525 2930; x_wconf 85' lang='lat' dir='ltr'>quam</span> <span class='ocrx_word' id='word_1_524' title='bbox 1547 2891 1629 2920; x_wconf 83' lang='lat' dir='ltr'>olim</span> <span class='ocrx_word' id='word_1_525' title='bbox 1645 2891 1763 2920; x_wconf 82' lang='lat' dir='ltr'>Iunius</span> <span class='ocrx_word' id='word_1_526' title='bbox 1781 2896 1811 2919; x_wconf 84' lang='lat' dir='ltr'>et</span> 
     </span>
     <span class='ocr_line' id='line_1_61' title="bbox 928 2944 1811 2985; baseline -0.001 -10"><span class='ocrx_word' id='word_1_527' title='bbox 928 2946 1033 2980; x_wconf 66' lang='lat' dir='ltr'>{Aus-</span> <span class='ocrx_word' id='word_1_528' title='bbox 1058 2944 1182 2985; x_wconf 85' lang='lat' dir='ltr'>Popma</span> <span class='ocrx_word' id='word_1_529' title='bbox 1205 2945 1388 2975; x_wconf 80' lang='lat' dir='ltr'>inciderant</span> <span class='ocrx_word' id='word_1_530' title='bbox 1422 2955 1509 2975; x_wconf 86' lang='lat' dir='ltr'>nunc</span> <span class='ocrx_word' id='word_1_531' title='bbox 1540 2945 1573 2975; x_wconf 89' lang='lat' dir='ltr'>in</span> <span class='ocrx_word' id='word_1_532' title='bbox 1606 2950 1733 2976; x_wconf 84' lang='lat' dir='ltr'>textum</span> <span class='ocrx_word' id='word_1_533' title='bbox 1766 2954 1811 2975; x_wconf 79' lang='lat' dir='ltr'>re·</span> 
     </span>
    </p>
   </div>
   <div class='ocr_carea' id='block_1_13' title="bbox 953 2998 1812 3142">
    <p class='ocr_par' dir='ltr' id='par_1_14' title="bbox 953 2998 1812 3142">
     <span class='ocr_line' id='line_1_62' title="bbox 953 2998 1810 3039; baseline 0 -11"><span class='ocrx_word' id='word_1_534' title='bbox 953 2998 1047 3038; x_wconf 81' lang='lat' dir='ltr'>cepit,</span> <span class='ocrx_word' id='word_1_535' title='bbox 1071 3003 1160 3028; x_wconf 88' lang='lat' dir='ltr'>certo</span> <span class='ocrx_word' id='word_1_536' title='bbox 1183 2998 1301 3028; x_wconf 87' lang='lat' dir='ltr'>falsum</span> <span class='ocrx_word' id='word_1_537' title='bbox 1328 3004 1385 3028; x_wconf 83' lang='lat' dir='ltr'>est.</span> <span class='ocrx_word' id='word_1_538' title='bbox 1409 2998 1495 3028; x_wconf 79' lang='lat' dir='ltr'>Nam</span> <span class='ocrx_word' id='word_1_539' title='bbox 1519 2999 1664 3038; x_wconf 78' lang='lat' dir='ltr'>quinam,</span> <span class='ocrx_word' id='word_1_540' title='bbox 1681 3008 1810 3039; x_wconf 74' lang='lat' dir='ltr'>quaeso,</span> 
     </span>
     <span class='ocr_line' id='line_1_63' title="bbox 955 3051 1811 3087; baseline 0.001 -6"><span class='ocrx_word' id='word_1_541' title='bbox 955 3057 1064 3082; x_wconf 85' lang='lat' dir='ltr'>essent</span> <span class='ocrx_word' id='word_1_542' title='bbox 1085 3052 1135 3081; x_wconf 88' lang='lat' dir='ltr'>illi</span> <span class='ocrx_word' id='word_1_543' title='bbox 1159 3057 1224 3082; x_wconf 81' lang='lat' dir='ltr'>tres</span> <span class='ocrx_word' id='word_1_544' title='bbox 1258 3051 1459 3082; x_wconf 74' lang='lat' dir='ltr'>Cicerones?</span> <span class='ocrx_word' id='word_1_545' title='bbox 1494 3053 1539 3082; x_wconf 82' lang='lat' dir='ltr'>M.</span> <span class='ocrx_word' id='word_1_546' title='bbox 1569 3051 1685 3083; x_wconf 87' lang='lat' dir='ltr'>Cicero</span> <span class='ocrx_word' id='word_1_547' title='bbox 1715 3051 1811 3087; x_wconf 73' lang='lat' dir='ltr'>filius.</span> 
     </span>
     <span class='ocr_line' id='line_1_64' title="bbox 956 3105 1812 3142; baseline 0 -8"><span class='ocrx_word' id='word_1_548' title='bbox 956 3109 1052 3135; x_wconf 82' lang='lat' dir='ltr'>natus</span> <span class='ocrx_word' id='word_1_549' title='bbox 1075 3115 1102 3135; x_wconf 84' lang='lat' dir='ltr'>a.</span> <span class='ocrx_word' id='word_1_550' title='bbox 1127 3105 1187 3135; x_wconf 83' lang='lat'>690</span> <span class='ocrx_word' id='word_1_551' title='bbox 1210 3106 1358 3135; x_wconf 88' lang='lat' dir='ltr'>nondum</span> <span class='ocrx_word' id='word_1_552' title='bbox 1382 3106 1413 3136; x_wconf 89' lang='lat' dir='ltr'>id</span> <span class='ocrx_word' id='word_1_553' title='bbox 1438 3105 1552 3136; x_wconf 81' lang='lat' dir='ltr'>aetatis</span> <span class='ocrx_word' id='word_1_554' title='bbox 1576 3110 1677 3142; x_wconf 83' lang='lat' dir='ltr'>erant,</span> <span class='ocrx_word' id='word_1_555' title='bbox 1702 3112 1738 3135; x_wconf 85' lang='lat' dir='ltr'>nt</span> <span class='ocrx_word' id='word_1_556' title='bbox 1754 3111 1812 3136; x_wconf 81' lang='lat' dir='ltr'>tes-</span> 
     </span>
    </p>
   </div>
   <div class='ocr_carea' id='block_1_14' title="bbox 956 3157 1811 3197">
    <p class='ocr_par' dir='ltr' id='par_1_15' title="bbox 956 3157 1811 3197">
     <span class='ocr_line' id='line_1_65' title="bbox 956 3157 1811 3197; baseline 0.002 -12"><span class='ocrx_word' id='word_1_557' title='bbox 956 3157 996 3186; x_wconf 71' lang='lat' dir='ltr'>tis</span> <span class='ocrx_word' id='word_1_558' title='bbox 1029 3167 1096 3187; x_wconf 71' lang='lat' dir='ltr'>osse</span> <span class='ocrx_word' id='word_1_559' title='bbox 1132 3162 1249 3197; x_wconf 69' lang='lat' dir='ltr'>posset.</span> <span class='ocrx_word' id='word_1_560' title='bbox 1298 3157 1518 3195; x_wconf 46' lang='lat' dir='ltr'>&amp;giraudum</span> <span class='ocrx_word' id='word_1_561' title='bbox 1560 3158 1662 3197; x_wconf 67' lang='lat' dir='ltr'>igitur</span> <span class='ocrx_word' id='word_1_562' title='bbox 1696 3158 1735 3188; x_wconf 77' lang='lat' dir='ltr'>de</span> <span class='ocrx_word' id='word_1_563' title='bbox 1771 3158 1811 3195; x_wconf 81' lang='lat' dir='ltr'>Q.</span> 
     </span>
    </p>
   </div>
   <div class='ocr_carea' id='block_1_15' title="bbox 1540 3211 1625 3253">
    <p class='ocr_par' dir='ltr' id='par_1_16' title="bbox 1540 3211 1625 3253">
     <span class='ocr_line' id='line_1_66' title="bbox 1540 3211 1625 3253; baseline -0.035 0"><span class='ocrx_word' id='word_1_564' title='bbox 1540 3214 1558 3253; x_wconf 83' lang='grc'>1</span> <span class='ocrx_word' id='word_1_565' title='bbox 1571 3211 1625 3250; x_wconf 53' lang='lat' dir='ltr'>tir*-</span> 
     </span>
    </p>
   </div>
   <div class='ocr_carea' id='block_1_16' title="bbox 1827 968 1862 994">
    <p class='ocr_par' dir='ltr' id='par_1_17' title="bbox 1827 968 1862 994">
     <span class='ocr_line' id='line_1_67' title="bbox 1827 968 1862 994; baseline -0.029 0"><span class='ocrx_word' id='word_1_566' title='bbox 1827 968 1862 994; x_wconf 83' lang='lat'>10</span> 
     </span>
    </p>
   </div>
   <div class='ocr_carea' id='block_1_17' title="bbox 1829 1339 1861 1364">
    <p class='ocr_par' dir='ltr' id='par_1_18' title="bbox 1829 1339 1861 1364">
     <span class='ocr_line' id='line_1_68' title="bbox 1829 1339 1861 1364; baseline 0 0"><span class='ocrx_word' id='word_1_567' title='bbox 1829 1339 1861 1364; x_wconf 79' lang='lat'>15</span> 
     </span>
    </p>
   </div>
   <div class='ocr_carea' id='block_1_18' title="bbox 1828 1704 1865 1729">
    <p class='ocr_par' dir='ltr' id='par_1_19' title="bbox 1828 1704 1865 1729">
     <span class='ocr_line' id='line_1_69' title="bbox 1828 1704 1865 1729; baseline 0 0"><span class='ocrx_word' id='word_1_568' title='bbox 1828 1704 1865 1729; x_wconf 68' lang='grc' dir='ltr'>ΞΟ</span> 
     </span>
    </p>
   </div>
  </div>
 </body>
</html>
