2117 3533
249 158 333 197 100
647 155 730 194 ΕΡ.
766 154 841 193 Ab
872 153 918 192 T.
954 151 1301 194 POMPONiUM
1336 155 1597 196 ATTICUM.

829 299 950 340 XIV.
1016 299 1081 351 (A.
1123 301 1167 341 U.
1206 303 1247 342 C.
1283 304 1402 356 695.)

310 418 347 456 I.
383 415 584 466 Quantam
617 419 664 454 tu
697 413 796 454 mihi
828 427 962 453 moves
995 415 1332 468 exspectationem
1366 416 1414 458 de
1459 432 1637 458 sermone
1681 417 1832 468 Bibuli,
1879 433 2002 472 quan-

243 494 323 529 tam
358 488 405 527 de
440 487 636 541 colloquio
670 479 946 541 βοώῑτιδος,
991 491 1182 540 quantam
1216 488 1336 530 etiam
1381 489 1429 530 de
1474 490 1542 530 1110
1583 489 1753 530 delicato
1797 491 2002 531 convivio!

245 560 416 601 Proinde
449 560 506 601 ita
539 560 613 610 fac,
650 559 785 600 venias
819 558 869 599 ad
904 558 1085 599 sitientes
1118 575 1248 601 aures.
1283 561 1534 616 Quamquam
1570 561 1672 602 nihil
1699 567 1759 602 est
1780 563 1874 614 iam,
1899 562 2003 616 quod

243 635 368 688 magis
402 632 626 674 timendum
660 631 776 673 nobis
810 636 961 686 putem,
997 647 1116 685 quam
1151 648 1198 673 ne
1232 633 1299 674 ille
1332 639 1466 675 noster
1500 634 1850 689 Sampsiceramus,
1881 647 2005 686 quum

243 723 282 747 se
317 707 496 747 omnium
530 705 780 747 sermonibus
814 705 960 746 sentiet
1003 705 1190 760 vapulare
1231 712 1271 747 et
1319 722 1443 761 quum
1487 708 1558 749 has
1606 708 1782 748 actiones
1832 706 2005 749 εὐανα-

243 780 475 838 Τρίῐῑτούς
509 779 673 830 videbit,
704 794 816 819 ruere
849 778 1030 832 incipiat.
1070 779 1156 833 Ego
1191 785 1322 821 autem
1357 796 1483 835 usque
1517 797 1562 821 eo
1596 796 1684 821 sum
1709 776 1936 828 enervatus,
1960 783 2007 818 ut

243 854 314 893 1100
349 854 444 904 otio,
481 868 559 907 quo
592 867 701 893 nunc
734 851 991 902 tabescimus,
1027 852 1163 893 malim
1199 850 1638 912 ἐιντυραννεῗσθαι,
1670 868 1788 907 quam
1822 867 1912 892 cum
1939 866 2006 905 op-

239 927 336 967 tima
370 942 437 981 spe
472 926 674 966 dimicare.
713 928 752 965 2.
788 925 847 965 De
881 925 1093 980 pangendo
1129 926 1235 980 quod
1269 942 1331 967 me
1366 927 1502 968 crebro
1534 926 1770 976 adhortaris,
1796 925 1879 965 fieri
1903 923 2004 965 nihil

190 1012 221 1037 10
240 1004 385 1053 potest.
420 998 635 1039 Basilicam
669 997 813 1048 habeo,
849 1013 929 1038 non
964 997 1114 1049 villam,
1170 999 1394 1054 frequentia
1437 1000 1753 1040 Formianorum.
1798 999 1854 1038 At
1886 1011 2004 1051 quam

239 1086 373 1125 parem
406 1070 593 1111 basilicae
627 1069 778 1111 tribum
813 1071 1049 1112 Aemiliam!
1087 1071 1164 1113 Sed
1198 1073 1339 1114 omitto
1372 1073 1530 1128 vulgus.
1565 1074 1662 1114 Post
1685 1072 1821 1112 horam
1839 1084 1899 1111 1V.
1922 1084 2004 1109 mo-

238 1143 326 1184 lesti
360 1144 481 1184 ceteri
514 1159 595 1184 non
629 1144 752 1184 sunt?
786 1143 832 1183 C.
867 1144 1008 1184 Arrius
1040 1145 1244 1199 proximus
1278 1151 1338 1187 est
1371 1146 1542 1196 vicinus,
1576 1146 1698 1186 immo
1732 1145 1799 1185 ille
1839 1142 2001 1198 quidem

237 1216 317 1256 iam
351 1215 770 1269 contubernalis,-qui
805 1216 925 1257 etiam
960 1232 1000 1257 se
1036 1217 1185 1259 idcirco
1220 1219 1387 1259 Romam
1420 1219 1475 1259 ire
1510 1223 1643 1273 negat,
1677 1222 1724 1258 ut
1756 1217 1821 1256 1110
1844 1229 2000 1256 1110011111

236 1294 342 1330 totos
376 1289 460 1330 dies
494 1290 812 1345 philosophetur.
869 1291 973 1330 Ecce
1007 1306 1054 1331 ex
1089 1291 1211 1332 altera
1245 1298 1356 1347 parte
1391 1292 1578 1342 Sebosus,
1623 1291 1689 1332 1110
1724 1289 1858 1331 Catuli
1892 1288 2004 1329 fami-

185 1375 217 1400 15
234 1361 357 1402 liaris.
392 1362 483 1414 Quo
517 1378 578 1403 me
614 1363 793 1403 vertam?
828 1362 972 1403 Statim
1006 1362 1232 1405 mehercule
1267 1364 1469 1419 Arpinum
1502 1364 1615 1414 irem,
1660 1363 1703 1403 111
1743 1367 1781 1402 te
1825 1362 1867 1402 in
1910 1361 2004 1401 For-

234 1435 367 1476 miano
394 1435 712 1477 commodissime
757 1436 978 1490 exspectari
1023 1435 1211 1487 viderem,
1255 1437 1464 1478 dumtaxat
1509 1436 1557 1477 ad
1600 1436 1703 1492 prid.
1750 1435 1859 1475 Non.
1902 1433 2002 1474 Mai.

238 1508 339 1548 Vide
374 1508 495 1558 enim,
530 1508 678 1563 quibus
711 1506 943 1549 hominibus
977 1523 1091 1549 aures
1125 1509 1206 1549 sint
1240 1509 1398 1550 deditae
1434 1525 1556 1550 meae.
1598 1508 1859 1549 Occasionem
1894 1507 2002 1547 iniri-

279 1671 314 1701 11
339 1669 401 1702 Sed
421 1690 460 1693 —
481 1669 588 1701 omitto
610 1671 720 1711 vulqus
744 1690 783 1693 ——
798 1673 870 1711 pos!
894 1671 1001 1701 horam
1024 1680 1058 1700 lv
1081 1671 1201 1702 molesti
1224 1673 1320 1703 caleri
1344 1683 1403 1703 non
1426 1675 1509 1703 sunl.
1534 1691 1573 1695 -
1596 1671 1633 1704 17
1664 1671 1732 1701 Vidi
1755 1670 1833 1701 enim
1858 1689 1897 1692 -

278 1819 295 1857 ξ
319 1818 347 1848 1.
374 1817 528 1857 Quantam
553 1835 593 1839 —
615 1815 763 1847 convivio.
788 1815 1002 1855 Colloquium
1021 1815 1094 1846 Clo-

237 1870 308 1900 diae
339 1880 436 1910 supra
465 1869 573 1909 tetigit
603 1878 652 1909 ep.
682 1869 710 1905 9,
742 1868 769 1904 1,
799 1867 990 1898 convivium
1013 1868 1097 1898 illud

235 1924 413 1954 delicatum
436 1933 483 1963 ep.
508 1924 556 1959 12,
580 1923 609 1953 2.
645 1922 695 1952 De
725 1930 875 1952 sermone
905 1925 1013 1952 autem
1044 1922 1120 1951 Bi-:

237 1977 305 2007 buli
328 1977 411 2007 nihil
434 1982 571 2012 constat,
594 1985 654 2006 nec
676 1975 784 2005 lucem
808 1984 844 2005 ea
868 1974 1033 2014 accipiunt
1053 1983 1094 2004 ex
1119 1969 1120 1972 ¹

236 2042 285 2071 ep.
309 2031 357 2067 15,
381 2032 410 2062 2.
450 2030 562 2068 Qumn
585 2039 662 2060 vero
685 2039 734 2068 ep.
758 2030 786 2065 9,
812 2029 827 2058 1
852 2028 1000 2058 nominet
1030 2028 1094 2058 dia-

236 2086 349 2125 logum
371 2096 446 2116 cum
468 2085 597 2120 Publio,
622 2093 718 2123 quem
741 2083 872 2114 Atticus
895 2083 1035 2113 abdebat
1064 2089 1095 2113 et

235 2144 337 2169 totum
372 2138 570 2179 perscribere
599 2137 741 2173 nolebat,
772 2137 830 2166 vix
859 2136 983 2172 dubito,
1014 2135 1092 2175 quin

236 2193 314 2223 haec
337 2202 375 2224 eo
397 2192 566 2223 referenda
589 2191 664 2221 sint.
688 2190 805 2230 Itaque
828 2190 1006 2229 legendum
1029 2194 1092 2220 est:

238 2245 394 2284 Quantam
417 2247 451 2274 ln
474 2244 550 2274 milei
571 2253 671 2273 moves
692 2242 953 2283 esspecmtionem
976 2241 1015 2272 de
1031 2251 1094 2271 ser-

235 2312 321 2331 mone
345 2299 458 2330 Publii.

282 2353 405 2384 Venia&
427 2353 526 2383 Recte
550 2352 628 2382 Ern.
651 2351 795 2381 malebat
817 2350 930 2380 venies.

277 2405 546 2446 *S'mnpsiceramua
569 2403 713 2434 Nomine
735 2403 840 2442 reguli
863 2402 1095 2432 Emisenorum

238 2461 270 2490 in
295 2458 394 2490 Coele
416 2458 521 2499 Syria,
544 2457 636 2488 0111115
658 2456 784 2487 mentio
807 2457 843 2486 fit
865 2456 949 2495 apud
966 2454 1095 2485 Strabo-

237 2522 313 2544 nem
336 2512 434 2543 XVI.
458 2512 485 2548 2,
511 2511 528 2550 ξ
557 2511 596 2540 10
625 2520 671 2550 sq.
702 2514 733 2540 et
763 2509 950 2549 Iosephum,
979 2508 1095 2548 Antiq.

237 2565 340 2595 Hebr.
363 2564 500 2594 XVIII.
524 2563 551 2599 7,
582 2562 704 2592 indicat
734 2563 794 2592 Cn.
826 2561 1029 2601 Pompeium,
1060 2566 1120 2598 ut:

238 2616 434 2647 Wielandus
457 2615 647 2655 suspicatur,
671 2614 749 2654 quia
772 2614 824 2644 hic
848 2614 887 2644 de
910 2613 1007 2644 rebus
1029 2613 1095 2643 suis
1118 2651 1120 2654 ι

238 2670 338 2710 gestis
362 2670 394 2700 in
421 2676 537 2700 senatu
560 2678 660 2708 agens
693 2667 863 2698 iactantius
893 2667 1028 2697 fortasse
1056 2667 1095 2697 de
1118 2679 1120 2690 ·

237 2722 352 2761 regulo
373 2721 531 2752 Romanis
554 2720 668 2760 ignoto
702 2730 718 2750 3
749 2729 781 2750 se
811 2719 938 2750 devicto
968 2719 1120 2749 100111115ι

243 2775 349 2805 fuerit.

279 2827 686 2867 Sermonibus—vapulare.
704 2826 866 2857 Corradus
883 2835 987 2865 comp.
1003 2824 1096 2855 Fam.
1118 2821 1120 2837 z

238 2880 336 2910 XVI.
367 2880 415 2917 26,
448 2881 475 2910 I.
512 2879 677 2910 Verberam·
708 2882 738 2909 le
766 2878 969 2917 coyitationis
998 2876 1119 2922 tacito}

241 2932 407 2962 (lamina-ut
430 2932 579 2963 com-icio.
1118 2945 1120 2984 1

280 2986 381 3016 Ιὲικννε
404 2991 451 3016 est
472 2995 569 3016 03000
592 2985 714 3025 impetu
737 2984 813 3015 ferri
841 2991 872 3015 et
901 2984 1011 3015 turbas
1042 2992 1096 3013 ex·
1118 2992 1120 3019 1

238 3039 348 3069 citare.
373 3039 449 3069 Vid.
472 3039 534 3069 IV.
557 3040 585 3075 3,
609 3039 638 3069 2.
661 3039 742 3069 VII.
765 3040 794 3075 4,
817 3040 845 3068 3.
869 3038 918 3075 20,
943 3038 969 3067 1.
994 3037 1045 3075 21,
1067 3037 1095 3067 3.
1118 3059 1119 3084 1

239 3091 423 3130 Respondet
445 3092 500 3122 (ir.
522 3087 718 3135 ὁρμᾶσθαι.

281 3150 297 3187 ς’
322 3149 349 3177 72.
377 3148 546 3179 Basilirwm
569 3149 664 3178 [καίεο
688 3158 747 3179 non
767 3149 872 3179 villam
898 3158 927 3178 a:
953 3146 1101 3177 Fomnia-

1117 1820 1219 1856 }num
1244 1818 1396 1849 basilicae
1424 1818 1530 1858 potius
1560 1817 1702 1858 speciem
1730 1816 1873 1857 praebet,
1904 1825 2002 1856 quam

1118 1883 1119 1899 1
1140 1873 1248 1909 villae,
1272 1874 1352 1903 adeo
1375 1873 1471 1903 multi
1494 1873 1557 1903 huc
1580 1873 1727 1908 veniunt,
1751 1871 1881 1902 molesti
1905 1870 2003 1901 inter·

1140 1925 1324 1965 pellatores.

1183 1978 1224 2006 At
1247 1988 1334 2018 quam
1352 1988 1462 2017 parem
1488 1976 1652 2007 Basilicae
1674 1976 1786 2006 tribum
1815 1975 2001 2006 Aemiliam!

1118 2031 1250 2061 ¹Locus
1283 2031 1434 2067 difficilis,
1466 2040 1563 2070 quem
1593 2031 1638 2061 ita
1675 2029 1839 2069 explicare
1875 2029 1996 2069 possis:

1143 2085 1235 2120 ”Ars
1255 2085 1334 2124 quid
1363 2084 1434 2114 dixi
1465 2084 1633 2114 basilicam
1661 2093 1715 2114 me
1748 2083 1877 2119 habere,
1908 2082 2001 2123 quasi

1140 2147 1218 2167 vero
1240 2137 1319 2167 villa
1342 2147 1414 2167 mea
1436 2137 1557 2167 tribum
1578 2136 1758 2167 Aemiliam
1788 2145 1902 2176 capere
1931 2145 2001 2175 pos-

1140 2191 1221 2220 set.““
1243 2190 1439 2220 Formianos
1463 2190 1551 2220 enim
1570 2189 1670 2219 tribui
1683 2188 1849 2219 Aemiliae
1863 2188 2001 2228 adserip—

1118 2254 1119 2271 ς
1140 2248 1189 2274 tos
1212 2243 1311 2274 fuisse
1334 2253 1350 2274 e
1373 2243 1470 2273 Livio
1494 2241 1699 2273 XXXVIII.
1722 2241 1761 2271 36
1777 2245 1912 2271 constat.
1936 2240 2000 2271 Sed

1118 2298 1239 2328 'verba
1271 2297 1340 2338 ipsa
1369 2297 1534 2327 Lambino
1563 2307 1629 2327 11011
1659 2295 1824 2326 immerito
1853 2301 1999 2335 suspecta

1141 2352 1240 2382 fuisse
1264 2352 1426 2387 videntur,
1451 2356 1481 2381 et
1503 2360 1621 2381 censeo
1642 2350 1722 2380 haec
1745 2348 1863 2379 melius
1893 2357 2000 2388 proce-

1118 2428 1119 2448 .
1141 2406 1226 2442 dere,
1250 2405 1276 2435 si
1300 2405 1348 2441 iis,
1372 2415 1454 2445 qnae
1468 2405 1674 2444 praecedunt,
1695 2403 1854 2442 adiungas
1866 2402 2000 2442 paulum

1142 2458 1327 2488 immutata:
1344 2460 1438 2497 alque
1454 2456 1600 2496 imparem
1616 2455 1775 2485 basilicam
1789 2454 1885 2484 tribm‘
1900 2454 2000 2484 Aemi-

1118 2526 1120 2555 J
1140 2511 1214 2542 liae.

1182 2563 1243 2593 Sed
1263 2582 1304 2585 —
1325 2562 1432 2592 omitto
1455 2561 1564 2601 vul-qus
1586 2579 1627 2584 —-
1642 2562 1715 2600 post
1739 2561 1845 2590 horam
1870 2559 1924 2590 JV
1942 2570 1999 2590 mo-

1141 2617 1214 2647 lesti
1237 2616 1334 2648 celeri
1356 2627 1415 2646 non
1437 2618 1520 2646 sunl.
1544 2616 1595 2646 Ita
1617 2615 1696 2645 haec
1720 2615 1870 2645 eduntur.
1903 2614 1999 2653 Nego

1142 2671 1334 2702 Ciceronem
1359 2670 1402 2700 ita
1425 2669 1601 2709 scripsisse.
1641 2667 1677 2698 Si
1700 2667 1788 2699 enim
1811 2667 1910 2698 ceteri
1932 2676 1998 2698 mo-

1141 2724 1214 2754 lesti
1244 2734 1309 2753 non
1344 2729 1452 2754 essent
1481 2728 1553 2762 post
1582 2721 1698 2751 horam
1727 2726 1885 2760 quartam,
1921 2719 1998 2750 satis

1141 2777 1199 2807 otii
1221 2777 1251 2807 ei
1273 2776 1423 2806 relictum
1446 2775 1559 2805 fuisset
1582 2774 1622 2804 ad
1645 2773 1863 2803 scribendum.
1893 2771 1999 2803 Credo

1142 2839 1217 2860 eum
1239 2830 1420 2870 scripsisse:
1445 2827 1507 2858 Sed
1527 2827 1634 2857 omitto
1657 2826 1766 2865 vulqus
1792 2835 1824 2854 o:
1856 2834 1922 2855 non
1952 2824 1997 2854 lo-

1141 2893 1224 2923 quor
1245 2883 1285 2913 de
1314 2882 1524 2913 multitudine
1550 2879 1812 2910 Formianorum.
1847 2877 1923 2907 Post
1947 2877 1997 2907 leo-

1142 2946 1207 2966 ram
1237 2934 1293 2964 IV
1317 2934 1439 2965 molesti
1471 2933 1567 2963 ceteri
1597 2942 1657 2962 non
1686 2930 1787 2960 sunl?
1821 2940 1853 2959 o:
1886 2938 1996 2959 11011110

1142 2989 1249 3023 etiam,
1273 2988 1406 3027 quando
1428 2986 1547 3025 vulgus
1570 2984 1660 3020 abiit,
1683 2982 1739 3012 alii
1762 2981 1841 3011 mihi
1865 2981 1995 3011 molesti

1141 3037 1240 3068 sunt?
1279 3038 1334 3069 Ad
1356 3037 1440 3067 lianc
1470 3034 1696 3076 quaestionem
1716 3031 1926 3073 sequentibus
1949 3040 1995 3062 rc-

1118 3092 1119 3105 ³
1139 3092 1324 3132 spondetur.

1188 3143 1263 3173 Vide
1293 3144 1383 3173 elsim.
1417 3142 1481 3173 Or..
1512 3141 1567 3180 qui
1597 3140 1675 3171 olim
1711 3139 1877 3178 scripserat
1909 3136 1996 3166 vides
