2117 3533
178 1027 212 1052 10

184 1757 217 1781 530

230 136 316 175 ill·
629 135 711 176 ΕΡ.
746 137 822 176 ΑΙ)
856 137 901 176 Τ.
937 136 1285 178 POMPONIUM
1319 136 1581 178 ATTICUM.

844 321 933 361 XX.
1000 321 1064 372 (A.
1107 321 1150 360 U.
1191 324 1231 360 c.
1267 322 1385 374 695.)

297 434 335 472 I.
370 431 555 480 Anicato,
591 436 637 472 ut
669 438 708 473 te
743 433 840 473 velle
874 432 1162 483 intellexeram,
1196 434 1308 474 nullo
1340 434 1427 475 loco
1461 433 1585 476 defui.
1638 433 1897 475 Numestium
1941 446 1989 473 ex

230 505 355 547 literis
387 505 468 545 tuis
503 504 680 546 studiose
716 506 874 561 scriptis
908 505 1081 546 libenter
1114 506 1157 546 in
1191 506 1408 547 amicitiam
1441 507 1586 562 recepi.
1635 506 1868 555 Caecilium,
1903 504 1990 558 qui-

231 579 306 618 bus
339 576 458 618 rebus
491 593 667 632 possum,
701 583 816 619 tueor
849 578 1076 632 diligenter.
1112 578 1239 619 Varro
1263 579 1458 620 satisfacit
1482 578 1612 620 nobis.
1647 577 1862 632 Pompeius
1885 581 1992 617 amat

231 666 302 690 nos
337 665 526 704 carosque
559 650 694 692 habet.
730 651 896 692 Credis?
928 651 1101 705 inquies.
1136 651 1284 692 Credo:
1319 666 1480 706 prorsus
1514 652 1613 692 mihi
1645 649 1871 706 persuadet.
1914 648 1991 690 Sed

232 723 326 776 quia
359 723 385 767 †
428 723 516 763 volo
560 724 797 778 pragmatici
843 723 1024 764 homines
1070 723 1257 763 omnibus
1300 723 1493 775 historiis,
1535 723 1770 779 praeceptiS,
1812 721 1993 763 Versibus

232 796 404 850 denique
438 811 574 837 cavere
608 796 750 838 iubent
784 803 824 838 et
856 801 994 837 vetant
1028 796 1199 846 credere,
1235 796 1404 837 alterum
1439 798 1544 838 facio
1581 799 1645 851 [ut
1678 797 1873 850 caveam]‚
1897 795 1992 835 alte-

232 883 321 909 rum
357 869 421 922 [ut
452 883 533 909 non
567 868 743 924 credam]
780 869 907 909 facere
941 883 1022 909 11011
1054 883 1230 923 possum.
1268 871 1308 908 2.
1343 868 1508 910 Clodius
1542 869 1672 910 adhuc
1708 868 1806 908 1111111
1839 867 1992 908 (10111111-

231 942 307 982 tiat
349 941 587 996 periculum.
639 941 854 996 Pompeius
899 941 1068 982 affirmat
1109 956 1189 981 11011
1245 956 1329 981 0550
1383 941 1619 996 periculum,
1665 940 1836 990 adiurat,
1881 938 1994 980 addit

233 1013 352 1054 etiam
386 1029 426 1054 se
458 1014 570 1068 prius
604 1014 781 1055 occisum
813 1013 862 1054 iri
897 1012 946 1053 ab
980 1028 1025 1053 eo
1070 1028 1189 1068 quam
1231 1028 1292 1053 me
1337 1013 1527 1054 violatum
1568 1013 1632 1053 iri.
1673 1014 1884 1054 'l'ractatur
1916 1026 1992 1052 res.

234 1086 361 1127 Simul
394 1091 434 1126 et
467 1087 564 1140 quid
598 1087 673 1127 erit
707 1086 818 1136 certi,
855 1084 1026 1126 scribam
1061 1085 1110 1125 ad
1143 1090 1196 1125 te.
1232 1085 1273 1126 Si
1307 1086 1383 1125 erit
1415 1085 1694 1140 pugnandum,
1729 1099 1924 1125 arcessam
1943 1083 1993 1124 ad

233 1160 463 1200 societatem
496 1157 643 1199 laboris
654 1176 664 1209 3
711 1158 745 1198 si
787 1157 900 1211 quies
945 1157 1120 1208 dabitur,
1167 1157 1216 1197 ab
1258 1158 1471 1199 Amalthea
1514 1163 1552 1199 te
1598 1173 1680 1198 11011
1726 1155 1997 1198 commovebo.

235 1234 276 1271 53.
310 1232 370 1272 De
404 1246 445 1272 re
478 1230 641 1285 publica
674 1229 847 1270 breviter
882 1228 932 1270 ad
965 1235 1004 1270 te
1039 1229 1224 1270 scribam.
1275 1229 1362 1270 Iam
1396 1231 1516 1280 enim,
1553 1230 1690 1270 charta
1722 1231 1809 1286 ipsa
1840 1246 1891 1271 110
1925 1245 1999 1271 nos

233 1302 389 1357 prodat,
424 1304 674 1357 pertimesco.
726 1303 869 1357 Itaque
902 1303 1083 1357 posthac,
1119 1304 1151 1343 si
1186 1308 1304 1344 erunt
1336 1303 1437 1344 mihi
1470 1304 1585 1358 plura
1618 1303 1667 1344 ad
1701 1309 1740 1344 te
1775 1302 1999 1352 scribenda,

200 1391 211 1412 r,
235 1370 557 1435 ἀλληγορίαις
592 1375 828 1417 obscurabo.
874 1377 996 1417 Nunc
1031 1376 1195 1430 quidem
1228 1392 1330 1417 novo
1358 1376 1531 1431 quodam
1564 1376 1703 1417 morbo
1738 1376 1878 1417 civitas
1919 1390 2000 1416 mo-

235 1449 350 1500 ritur,
384 1454 444 1499 ut,
480 1464 604 1503 quum
638 1464 774 1489 omnes
807 1464 866 1499 ea,
901 1463 1002 1502 quae
1036 1453 1131 1488 sunt
1164 1454 1265 1498 acta,
1300 1448 1545 1503 improbent,
1570 1453 1801 1503 querantur,
1825 1448 2000 1497 doleant,

240 1522 406 1563 varietas
439 1522 552 1563 nulla
583 1522 627 1562 in
659 1537 699 1562 re
735 1521 787 1562 sit
820 1526 1033 1576 aperteque
1067 1522 1283 1575 loquantur
1316 1526 1355 1562 et
1387 1522 1467 1562 iam
1502 1521 1604 1562 clare
1644 1526 1821 1575 gemant,
1865 1524 2000 1561 tamen

238 1594 436 1635 medicina
469 1595 581 1635 nulla
614 1595 822 1645 afferatur,
857 1609 986 1648 neque
1021 1594 1126 1634 enim
1160 1595 1291 1635 resisti
1325 1595 1409 1635 sine
1443 1595 1717 1635 internecione
1750 1608 1864 1648 posse
1898 1591 2000 1634 arbi-

238 1672 404 1717 tramur,
438 1682 511 1707 nec
545 1666 740 1717 videmus,
776 1666 845 1720 qui
877 1666 968 1706 finis
1002 1666 1170 1706 cedendi
1204 1671 1358 1723 praeter
1391 1667 1559 1707 exitium
1594 1666 1755 1707 futurus
1773 1665 1838 1706 sit.
1875 1667 1916 1705 4.
1934 1664 2003 1705 Bi-

242 1740 359 1781 bulus
392 1740 601 1780 hominum
636 1739 898 1780 admiratione
932 1744 972 1779 et
1005 1738 1283 1779 benevolentia
1316 1739 1359 1779 in
1393 1739 1501 1779 caelo
1535 1743 1608 1779 est.
1651 1737 1797 1779 Edicta
1838 1737 1923 1778 eius
1964 1740 2004 1776 et

241 1814 446 1854 contioan
481 1811 715 1852 describunt
747 1816 787 1851 et
819 1811 974 1864 legunt.
1008 1811 1125 1851 Novo
1159 1811 1331 1864 quodam
1365 1826 1508 1864 genere
1542 1811 1584 1850 in
1619 1825 1815 1851 summam
1835 1808 2003 1863 gloriam

242 1887 367 1927 venit.
404 1886 602 1940 Populare
637 1899 745 1925 nunc
793 1884 895 1924 nihil
938 1888 1019 1924 tam
1061 1888 1122 1924 est
1162 1900 1280 1937 quam
1323 1884 1459 1924 odium
1504 1883 1771 1938 popularium.
1820 1883 1860 1921 5.
1894 1881 2007 1921 Haec

284 2058 302 2085 (5
324 2053 561 2101 πραγματικοὶ
584 2073 625 2077 -
648 2055 665 2087 7
680 2055 782 2095 simio,
807 2059 838 2086 ul
865 2066 1006 2090 wemmam
1033 2058 1176 2091 alterum,
1201 2057 1233 2084 ul
1259 2065 1317 2084 uon
1342 2054 1463 2084 credam
1488 2073 1528 2075 —

286 2218 303 2256 ξ
327 2218 355 2247 l.
377 2216 523 2247 Am'ealo.
558 2216 690 2246 Nomen
713 2214 908 2251 inauditum,
941 2215 1028 2255 quod
1059 2215 1097 2251 si,

247 2274 281 2299 ut
310 2269 449 2304 videtur,
481 2278 498 2298 0
528 2267 653 2298 Graeco
682 2260 858 2304 Ἀνίκητος
887 2267 1007 2297 factum
1044 2270 1100 2304 est,

244 2324 352 2364 potius
375 2324 408 2353 in
432 2323 614 2363 penultima
637 2333 652 2352 e
672 2322 817 2353 habebit.
843 2322 1103 2353 Anieetusliber-

244 2384 296 2407 1115
325 2377 468 2407 Neronis
497 2377 687 2407 nominatur
716 2377 750 2407 111
781 2377 860 2407 Tac.
891 2377 982 2407 Ann.
1005 2376 1102 2407 XIV.

246 2434 328 2463 alter
350 2433 383 2462 111
406 2433 493 2467 nist.
518 2432 582 2462 III.
604 2432 643 2464 47
667 2442 713 2471 sq.

290 2486 406 2525 Quibus
428 2486 517 2516 rebus
533 2495 669 2525 possum.
691 2485 719 2515 Ε
742 2485 834 2515 codd.
850 2490 1104 2525 notaturparum

247 2545 279 2570 et
296 2550 358 2579 par
379 2548 454 2575 sum,
478 2539 565 2569 unde
588 2543 749 2568 corrector
771 2538 859 2569 Med.
884 2538 1031 2577 fecitpar
1046 2540 1103 2575 est,

247 2594 334 2633 quod
357 2593 427 2623 sine
450 2593 534 2622 iusta
557 2602 652 2622 causa
675 2591 868 2622 Thierschio
890 2592 1020 2632 placuit.

294 2646 394 2676 Varro
416 2645 578 2685 satisfacit
594 2645 691 2675 vohis.
714 2646 808 2676 Idem
824 2645 936 2675 scribit
953 2655 1001 2685 cp.
1014 2646 1062 2681 21,
1075 2645 1103 2674 (ἱ.

247 2701 315 2739 Agi
339 2705 446 2730 autem
469 2700 509 2729 (10
539 2699 742 2729 concilianda
775 2698 925 2729 Ciceroni
954 2698 1104 2739 Pompeii
1128 2700 1129 2709 ¹

246 2763 347 2783 manu
370 2753 525 2782 adversus
548 2751 659 2781 Publii
680 2750 826 2782 furorem
849 2755 980 2791 apparet
996 2761 1039 2782 cx
1052 2760 1101 2790 cp.

247 2806 294 2841 252,
319 2806 339 2834 4
362 2809 393 2835 ot
416 2805 464 2840 95,
491 2804 518 2833 l.

291 2856 371 2895 Quia
404 2856 482 2886 folo.
514 2854 569 2885 Sic
602 2855 695 2884 codd.
737 2855 817 2885 noti.
855 2854 999 2886 Orcllius
1029 2865 1104 2885 con-

248 2910 322 2939 iecit
344 2908 416 2949 quia
440 2919 459 2938 a
482 2907 563 2944 dolo,
587 2907 792 2938 Buchelerus
815 2908 849 2938 in
880 2908 967 2938 Mus.
996 2907 1102 2939 Rhen.

248 2963 307 2992 XI.
331 2973 360 3001 p.
385 2963 444 2991 519
466 2961 539 3001 quite
561 2960 659 3001 Tolyo,
682 2962 767 3001 quod
791 2971 906 2992 verum
938 2962 1102 2992 existimo.

287 3015 480 3055 Pruymulici
503 3014 642 3044 homines
671 3024 703 3044 o:
736 3025 844 3046 rerum
873 3015 1023 3045 civilium
1051 3024 1103 3055 pe-

245 3068 308 3097 riti.
332 3067 466 3106 Proprie
489 3067 574 3105 apud
596 3066 736 3097 Graecos
770 3067 814 3097 ita
845 3067 1094 3107 appellabantur

245 3119 300 3159 qui
324 3119 504 3148 «mum-ibus
529 3118 607 3148 iuris
631 3118 736 3149 civilis
762 3119 933 3150 scientiam
968 3118 1101 3149 admini-

1096 3091 1102 3102 >
1126 3083 1130 3105 l

1147 2216 1304 2246 strabant.
1328 2215 1405 2245 Vid.
1438 2215 1505 2246 Cic.
1537 2214 1591 2247 Or.
1622 2215 1648 2245 Ι.
1679 2215 1749 2250 253,
1784 2214 1840 2244 ubi
1873 2222 2003 2253 quoquc

1147 2268 1266 2298 Latino
1290 2272 1454 2298 exaratur.

1193 2319 1337 2350 Omnibus
1360 2319 1513 2349 historiis,
1546 2320 1620 2350 Hoc
1644 2319 1793 2359 ineptum
1815 2323 1873 2348 est.
1896 2316 2002 2358 Serip-

1149 2373 1234 2403 sitne
1264 2372 1394 2403 Cicero:
1425 2371 1623 2408 sermonibus,
1657 2370 1808 2407 historiis,
1844 2368 1929 2400 cet?
1964 2370 2004 2399 In

1149 2436 1237 2465 seqq.
1260 2426 1359 2455 verba
1381 2427 1415 2454 at
1438 2434 1563 2454 caveam
1587 2428 1617 2454 et
1647 2425 1680 2454 ut
1711 2433 1772 2453 non
1802 2422 1930 2453 credam
1959 2422 2006 2453 ita

1150 2489 1217 2509 11011
1246 2483 1322 2508 sunt
1350 2477 1542 2515 necessaria,
1572 2482 1608 2508 ut
1637 2487 1674 2508 ea
1706 2482 1862 2516 tanquam
1898 2475 2006 2516 spuria

1148 2530 1347 2562 seeluserim.

1196 2583 1339 2615 Versibus
1361 2582 1502 2623 denique.
1538 2581 1683 2622 Respicit
1705 2580 1841 2612 fortasse
1863 2582 1904 2611 ud
1932 2580 2007 2620 Epi·

1149 2638 1274 2669 charmi
1296 2647 1436 2673 vcrsum‚
1461 2646 1559 2676 quem
1581 2646 1676 2675 supra
1699 2635 1807 2675 posuit
1828 2635 1856 2665 1.
1879 2635 1929 2671 19,
1954 2636 1984 2664 8.

1191 2691 1209 2729 ξ
1233 2691 1260 2720 2.
1286 2689 1455 2719 Traolalzcr
1478 2699 1528 2718 res
1551 2699 1583 2719 o:
1603 2688 1780 2728 Pompeius
1799 2698 1875 2717 cum
1890 2686 2007 2718 Clodio

1149 2743 1216 2783 agit
1239 2743 1279 2773 dc
1301 2741 1447 2782 periculo
1469 2751 1553 2771 11100.
1578 2740 1627 2771 Cf.
1651 2750 1700 2780 cp.
1724 2741 1771 2775 22,
1796 2740 1824 2770 2.

1191 2795 1291 2825 Simul
1312 2797 1352 2825 et.
1390 2795 1491 2825 Recte
1514 2794 1641 2824 dubitat
1663 2792 1861 2832 Madvigius,
1884 2802 1925 2821 an
1956 2790 2007 2822 Ci-

1149 2857 1224 2878 cero
1245 2847 1338 2877 simul
1360 2849 1390 2876 el
1412 2856 1471 2886 pro
1493 2846 1586 2875 simul
1608 2855 1645 2875 ae
1667 2845 1799 2880 dixerit,
1833 2852 1934 2884 quare
1958 2852 2007 2872 su-

1152 2900 1294 2940 spicatur
1316 2900 1469 2939 copulam
1489 2899 1522 2929 h.
1539 2899 1560 2929 l.
1578 2902 1609 2929 et
1624 2897 1668 2928 X.
1683 2899 1712 2934 4,
1727 2898 1774 2927 12.
1793 2896 1842 2932 16,
1855 2897 1885 2925 4.
1908 2894 2006 2926 XV1.

1151 2953 1199 2990 11,
1223 2953 1241 2981 G
1264 2952 1365 2983 veteri
1388 2951 1522 2982 librario
1544 2950 1665 2986 deberi,
1689 2949 1744 2989 qui
1768 2948 1940 2988 ignorabat
1967 2947 2007 2977 si-

1150 3006 1214 3036 mul
1234 3016 1292 3046 pro
1313 3005 1407 3036 simul
1428 3014 1466 3035 ae
1487 3004 1562 3034 dici.
1585 3003 1663 3033 Vid.
1687 3003 1727 3032 ad
1749 3001 1822 3031 Fin.
1846 3011 1876 3040 p.
1899 3001 1970 3030 203.

1192 3061 1209 3098 ξ
1233 3060 1260 3089 3.
1285 3058 1358 3088 »Sina
1380 3057 1592 3088 “utet-neema
1610 3066 1642 3085 a:
1668 3056 1738 3086 511ιο
1757 3055 1854 3086 caede
1872 3053 2005 3084 civium.

1126 3111 1128 3144 l
1151 3112 1190 3141 ef.
1215 3112 1298 3142 Suu.
1322 3113 1371 3142 33.
1396 3111 1466 3142 Cat.
1491 3110 1555 3141 III.
1581 3110 1630 3138 25.
