2117 3533
232 194 319 233 :528
632 192 717 233 ΕΡ.
752 191 828 232 AD
859 190 907 231 T.
940 190 1292 232 POMPONIUM
1324 190 1589 233 ATTICUM.

231 325 456 381 praesidio?
497 324 642 365 deinde
675 330 839 365 exeant:
876 324 967 378 quis
1000 323 1134 364 sinat?
1179 324 1332 365 Consul
1365 325 1401 365 ei
1435 323 1654 379 rescripsit,
1687 330 1734 366 ut
1768 324 1878 380 prius
1910 324 1994 380 ipse

226 401 273 439 in
307 398 517 439 Picenum.
564 400 621 438 At
652 397 755 438 illud
788 402 917 438 totum
953 401 1038 437 erat
1071 396 1284 447 amissum;
1327 396 1479 439 sciebat
1510 412 1629 439 nemo
1663 402 1819 452 praeter
1850 412 1914 438 me
1946 411 1996 438 ex

229 470 358 511 literis
390 468 637 510 Dolabellae.
685 469 792 510 Mihi
825 469 997 510 dubium
1029 484 1111 510 non
1145 476 1244 520 erat,
1280 470 1378 523 quin
1410 470 1479 511 ille
1511 470 1592 512 iam
1623 469 1784 525 iamque
1818 469 1920 511 foret
1951 470 1995 511 in

230 541 392 597 Apulia,
427 541 587 582 Gnaeus
620 546 754 583 noster
784 542 827 582 in
859 541 968 582 navi.
1014 543 1055 583 3.
1088 542 1175 596 Ego
1210 542 1307 596 quid
1341 544 1482 598 agam?
1517 541 1744 599 Σκέμμοε
1785 556 1992 597 magnum,

199 631 213 655 5
232 629 362 669 neque
395 613 621 655 mehercule
656 613 756 655 mihi
789 613 955 669 quidem
988 614 1132 664 ullum,
1167 614 1248 655 nisi
1281 616 1415 656 omnia
1448 619 1582 656 essent
1624 619 1713 656 acta
1751 615 1996 670 turpissime,

231 701 361 740 neque
395 701 468 740 ego
501 686 624 727 uilius
658 685 816 726 consilii
848 685 1072 741 particeps3
1107 686 1177 727 sed
1209 691 1359 738 tamen,
1395 687 1503 741 quod
1537 702 1600 728 me
1631 686 1784 728 deceat.
1818 687 1911 742 Ipse
1936 701 1997 728 me

230 760 378 800 Caesar
411 759 461 800 ad
494 773 631 814 pacem
666 758 866 799 hortatur.
917 758 995 799 Sed
1039 758 1286 813 antiquiores
1329 759 1483 810 literae,
1529 774 1647 813 quam
1693 774 1807 799 ruere
1851 758 1997 813 coepit.

232 831 457 881 Dolabella,
492 831 672 872 Caelius:
725 857 745 881 n
759 845 822 871 me
854 829 915 871 illi
948 830 1064 871 valde
1109 831 1384 873 satisfacere.”
1433 831 1540 873 Mira
1583 846 1646 872 me
1689 828 1876 889 ἀπορία
1919 836 1998 871 tor-

234 909 344 959 quet.
377 904 480 945 Iuva
514 918 575 943 me
609 901 792 953 consilio,
829 902 863 942 si
896 906 1024 957 potes,
1059 907 1099 943 et
1131 907 1267 944 tamen
1300 903 1393 955 ista,
1428 908 1626 958 quantum
1658 909 1786 959 potes,
1819 902 1999 959 provide.

183 989 215 1014 10
233 976 351 1017 Nihil
384 974 511 1016 habeo
544 980 659 1015 tanta
681 989 814 1015 rerum
836 972 1139 1030 perturbatione
1163 975 1272 1029 quod
1289 975 1475 1017 scribam.
1509 976 1616 1017 Tuas
1638 975 1774 1018 literas
1797 982 1998 1031 exspecto.

276 1150 294 1189 ἓ
317 1151 346 1179 3.
370 1149 506 1193 Σκέμμα
530 1158 689 1188 mammam
714 1157 810 1188 neque
831 1147 1004 1178 mehercule
1018 1146 1093 1177 mihi

233 1203 354 1243 quidem
375 1204 482 1240 ullum,
505 1203 569 1233 nisi
591 1208 651 1234 cet.
674 1202 755 1233 Post
776 1201 875 1232 ullum
897 1202 1027 1233 videtur
1046 1201 1092 1232 in-

233 1257 400 1289 tercidisse
423 1259 513 1294 esset,
537 1262 569 1288 et
590 1262 661 1297 post
683 1256 740 1287 secl
753 1258 868 1292 tamen,
883 1255 1004 1296 quibus
1020 1265 1089 1296 par·
1115 1238 1118 1287 l

1141 1150 1252 1182 ticulis
1274 1152 1379 1183 oratio
1400 1152 1612 1188 instauratur,
1641 1151 1827 1182 necessario
1856 1159 1874 1181 e
1907 1158 2000 1191 supe-

1142 1202 1282 1233 rioribus
1304 1208 1415 1235 mente
1436 1204 1649 1244 repetendum
1671 1203 1747 1244 quid
1766 1213 1867 1244 aqam.

820 1390 962 1431 XXII.
1029 1390 1095 1441 (A.
1137 1387 1182 1427 U.
1221 1387 1262 1426 C.
1302 1386 1419 1439 705.)

302 1531 341 1569 l.
376 1528 526 1569 Pedem
559 1528 602 1569 in
637 1527 756 1569 Italia
790 1526 905 1567 video
938 1525 1097 1566 nullum
1131 1539 1230 1574 esse,
1267 1523 1336 1577 qui
1370 1537 1451 1563 non
1485 1523 1528 1564 in
1561 1523 1679 1564 istius
1712 1528 1909 1578 potestate
1933 1523 1999 1564 sit.

237 1603 298 1643 De
333 1601 524 1657 Pompeio
559 1601 640 1641 scio
674 1600 792 1650 nihil,
827 1614 1013 1653 eumque,
1046 1598 1126 1638 nisi
1158 1597 1202 1638 in
1245 1611 1388 1638 navem
1430 1611 1471 1636 se
1515 1596 1745 1645 contulerit,
1791 1600 2003 1651 exceptum

238 1675 288 1715 iri
321 1679 435 1730 puto.
490 1674 526 1715 O
559 1673 803 1714 celeritatem
836 1670 1142 1713 incredibilem?
1193 1670 1330 1710 Huius
1363 1674 1498 1710 autem
1530 1669 1711 1710 nostri..
1729 1701 1738 1709 .
1755 1701 1763 1709 .
1808 1668 1887 1710 Sed
1920 1683 2003 1709 11011

205 1762 402 1803 3110550111
436 1747 520 1788 51110
555 1746 690 1787 dolore
724 1760 910 1787 accusare
945 1759 1050 1794 eum,
1097 1743 1146 1785 de
1180 1758 1260 1798 quo
1294 1757 1418 1797 angor
1450 1747 1492 1783 et
1533 1742 1702 1783 crucior.
1746 1742 1809 1782 Tu
1842 1740 2003 1781 caedem

238 1835 320 1861 11011
353 1819 437 1860 51110
485 1835 605 1862 causa
645 1820 777 1869 times,
823 1833 904 1859 non
950 1832 1028 1872 quo
1072 1816 1207 1857 minus
1249 1815 1470 1870 quidquam
1518 1815 1678 1856 Caesari
1723 1814 1910 1870 expediat
1953 1814 2003 1856 ad

240 1893 548 1934 diuturnitatem
582 1892 770 1934 victoriae
805 1896 843 1932 et
889 1889 1190 1940 dominationis,
1237 1889 1306 1930 sed
1353 1888 1483 1938 video,
1530 1903 1700 1942 quorum
1742 1887 1908 1928 arbitrio
1953 1887 2005 1928 sit

240 1972 417 2007 neturus.
452 1966 575 2007 Recte
609 1964 675 2006 sit.
713 1967 752 2005 2.
788 1963 942 2004 Censeo
976 1960 1200 2002 cedendum
1234 1961 1260 2003 †
1295 1960 1343 2001 de
1378 1959 1537 2016 oppidis
1570 1959 1650 2000 his.
1685 1960 1796 2013 Egeo
1829 1958 2002 2000 consilii.

280 2125 300 2153 Δ,
322 2122 427 2152 Huius
448 2124 550 2151 aulem
573 2119 700 2151 nostri?
724 2138 763 2141 ——
786 2118 804 2149 8
826 2120 967 2149 acturus.
989 2117 1019 2148 2.
1043 2118 1062 2153 ²,-
1086 2114 1180 2145 Recte
1203 2114 1256 2145 sit.
1282 2113 1397 2144 Censeo
1419 2113 1588 2144 cedendum
1611 2112 1650 2143 de
1672 2110 1796 2152 oppidis
1818 2112 1877 2142 lm.
1899 2129 1940 2134 --

283 2272 300 2309 ξ
326 2270 352 2299 1.
376 2269 482 2299 Huius
505 2270 606 2299 antem
630 2268 782 2298 nostri...
806 2262 977 2308 Oppositio
998 2273 1030 2297 et
1049 2275 1099 2296 res
1146 2267 1210 2298 bit:
1235 2267 1371 2298 Rectene
1393 2267 1440 2297 sie
1463 2276 1590 2298 censeo.-
1620 2265 1790 2297 cedendum
1818 2265 1858 2297 de
1885 2265 2006 2306 oppidis

241 2322 309 2361 ips-12
340 2328 453 2352 monet
483 2330 603 2351 nomen
634 2331 651 2350 a
679 2319 837 2351 Cicerone
861 2320 1028 2355 omissum,
1058 2328 1100 2350 ne
1145 2320 1222 2351 his?
1250 2320 1332 2361 quo
1355 2321 1434 2351 enim
1459 2320 1595 2350 consilii.
1635 2319 1725 2360 Quod
1745 2319 1889 2360 optimum
1903 2319 2004 2360 factu

240 2375 438 2415 Pompeium
458 2380 632 2411 accusaret,
649 2383 718 2405 0550
733 2373 921 2405 tarditatem
933 2373 987 2404 vel
1002 2372 1101 2403 etiam
1122 2363 1123 2369 ¹
1145 2372 1309 2411 videbitur,
1333 2375 1367 2403 lu
1381 2372 1506 2414 facies,
1542 2372 1636 2411 Quae
1659 2382 1760 2413 quam
1789 2372 1902 2403 inania
1930 2373 2005 2411 sint,

241 2428 472 2469 neyliyentz'am.
1145 2435 1244 2458 nemo
1266 2436 1334 2457 non
1356 2426 1456 2463 videt,
1480 2425 1538 2466 qui
1566 2430 1731 2466 postrema
1761 2430 1793 2456 et
1819 2434 1903 2466 quae
1932 2435 2007 2456 cum

283 2480 333 2510 De
345 2490 402 2520 quo
417 2489 526 2520 anglor.
549 2480 649 2510 Recte
662 2479 788 2510 Bakius
802 2478 913 2510 Schol.
929 2479 1100 2520 Hypomn.
1145 2480 1186 2511 iis
1215 2480 1409 2511 cohaerent:
1446 2479 1517 2509 Cum
1548 2478 1715 2509 Philotimo
1748 2479 1880 2520 loquere,
1915 2480 2008 2520 atque

242 2535 308 2565 m.
341 2544 370 2574 p.
402 2534 473 2570 313,
504 2533 637 2572 negavit
670 2533 732 2563 hoc
769 2533 923 2573 exemplo
957 2532 1101 2568 defendi,
1122 2562 1123 2585 1
1145 2532 1226 2563 adeo
1251 2532 1430 2563 Terentiam
1458 2531 1584 2562 habebis
1612 2530 1731 2568 Idibus,
1764 2536 1887 2562 attente
1916 2531 2007 2571 legit.

243 2587 331 2625 quod
352 2587 387 2616 in
411 2586 516 2616 Bruto
549 2586 567 2623 ἓ
598 2586 637 2615 10
666 2585 789 2616 editur:
820 2587 854 2615 ut
883 2584 991 2622 onmis,
1021 2595 1101 2625 quae
1146 2586 1237 2624 Quid
1260 2586 1350 2616 enim
1362 2585 1471 2625 faciet
1492 2583 1650 2616 Atticus?
1674 2584 1816 2615 inibitne
1838 2594 1916 2615 cum
1945 2584 2007 2615 Ph.

243 2651 281 2669 mr:
309 2639 443 2679 anyebat
466 2639 505 2669 de
528 2637 698 2678 republica,
721 2648 797 2668 eura
821 2637 1007 2668 consederit.
1044 2637 1101 2668 Ni·
1123 2657 1125 2684 l
1147 2646 1179 2670 et
1202 2640 1240 2670 T.
1264 2639 1452 2676 consilium,
1474 2644 1586 2670 utrum
1608 2643 1695 2670 recte
1718 2648 1759 2668 an
1782 2647 1876 2669 secus
1892 2637 2008 2670 Cicero

241 2694 365 2724 mirum
394 2692 666 2731 distinguendum
696 2698 782 2722 erat:
813 2710 853 2712 —
882 2691 1027 2732 anyebat,
1062 2691 1102 2722 de
1123 2709 1126 2737 3
1147 2693 1187 2723 de
1217 2691 1344 2732 oppidis
1372 2691 1424 2722 his
1460 2691 1645 2722 cedendum
1680 2690 1836 2721 censeat?
1875 2696 1938 2727 aut,
1974 2696 2008 2721 ut

242 2745 403 2785 republica
426 2754 502 2774 cura
525 2743 711 2774 consederil.
1150 2745 1250 2776 verba
1271 2745 1383 2776 minus
1406 2754 1552 2785 urgeam,
1587 2748 1699 2774 utrum
1727 2749 1815 2775 recte
1844 2754 1886 2774 an
1915 2752 2008 2775 secus

287 2796 358 2826 Non
380 2806 437 2836 quo
452 2795 552 2825 minus
567 2794 733 2836 qzzidqzzam
753 2794 783 2825 C.
801 2793 958 2833 expediat.
981 2794 1103 2826 Melius
1150 2796 1267 2828 cedat?
1296 2796 1363 2827 Sed
1385 2797 1476 2837 piget
1498 2796 1639 2827 aliorum
1671 2795 1813 2836 ineptias
1843 2800 2007 2827 excutere.

243 2850 375 2880 inverso
397 2848 512 2878 ordine
536 2847 749 2878 seriberetm·:
772 2846 937 2887 quidquam
959 2847 1069 2878 minus.
1124 2850 1127 2887 ἶ
1150 2850 1315 2890 Equidem
1337 2859 1381 2881 ex
1403 2849 1577 2880 Philotimi
1599 2854 1630 2880 et
1648 2849 1823 2880 Terentiae
1837 2848 2008 2880 mentione

286 2902 303 2940 ξ
326 2901 354 2931 2.
378 2900 473 2930 Recie
493 2899 545 2929 sit.
571 2900 686 2930 Censeo
708 2898 877 2930 cedendum
898 2899 968 2937 †de
982 2899 1103 2939 oppidis
1125 2899 1127 2933 1
1149 2902 1310 2942 perspicio
1345 2902 1396 2932 his
1438 2901 1548 2933 verbis
1588 2902 1644 2941 agi
1675 2902 1716 2932 de
1746 2910 1781 2931 re
1810 2900 2008 2941 pecuniaria,

245 2954 303 2984 his.
328 2953 410 2993 Esseo
433 2952 568 2983 consilii.
612 2953 705 2983 Haec
727 2958 877 2993 corrupta
901 2962 970 2983 esse
993 2953 1102 2993 quivis
1125 2948 1127 2970 ⁴¹
1150 2965 1249 2995 quam
1272 2955 1388 2986 Cicero
1411 2955 1528 2986 absens
1549 2955 1619 2995 ipse
1642 2955 1796 2995 expedire
1826 2964 1892 2984 non
1922 2958 2013 2994 pote-

243 3010 343 3046 videt,
368 3010 423 3040 sed
445 3018 543 3040 nemo
566 3009 670 3039 adhuc
683 3008 896 3049 probabiliter
906 3009 987 3039 haec
1002 3009 1103 3040 verba
1124 3011 1127 3023 ¹
1149 3015 1207 3046 rat,
1230 3015 1262 3039 et
1284 3009 1393 3040 lucem
1415 3014 1490 3049 peto
1522 3017 1564 3039 ex
1587 3009 1606 3048 ξ
1637 3010 1665 3045 5,
1697 3017 1746 3048 011.
1770 3008 1808 3038 13
1831 3018 1860 3044 a,
1888 3007 1944 3037 ubi
1975 3007 2008 3038 111

244 3063 396 3094 restituit.
419 3062 530 3092 Unam
554 3062 707 3094 indicabo
729 3062 853 3093 Moseri
870 3062 1100 3102 suspicionem,
1124 3047 1126 3092 l
1149 3061 1335 3101 aenigmate
1355 3062 1397 3092 de
1430 3059 1546 3101 Oppiis
1580 3059 1746 3090 Terentiae
1773 3068 1887 3089 summa
1922 3059 2008 3090 bono

244 3117 284 3145 ab
308 3114 434 3147 Orellio
457 3115 490 3144 in
522 3115 623 3145 altera
655 3115 731 3146 edit.
762 3125 828 3145 non
860 3120 1009 3146 accurate
1038 3115 1106 3145 lau-
1147 3124 1225 3145 casu
1247 3119 1458 3145 memoratur.
1484 3113 1574 3151 Quid
1597 3112 1726 3143 multa?
1749 3111 1877 3142 Locum
1900 3112 1945 3142 sic
1962 3121 2008 3143 re-

244 3169 362 3198 ‹iar-am.
382 3167 555 3203 Illeigitur
570 3167 685 3207 Symb.
709 3166 733 3198 C
738 3168 787 3198 rit.
804 3168 847 3197 V.
866 3178 895 3208 p.
912 3168 950 3197 13
967 3168 1011 3198 ita
1027 3168 1101 3198 scri·
1124 3157 1125 3182 l
1147 3168 1253 3206 fingo:
1285 3166 1377 3196 Recle
1405 3165 1457 3196 sii.
1487 3167 1516 3195 2.
1548 3165 1662 3196 Censeo
1691 3164 1857 3195 cedendam
1892 3164 2007 3205 Oppiis.
