2117 3533
700 155 808 196 LIB.
842 154 900 195 H.
935 154 1018 195 ΕΡ.
1056 156 1126 195 11.
1166 156 1235 194 15.
1766 152 1847 192 101

97 292 223 338 ticam,
259 289 291 328 si
325 289 394 342 qui
428 305 548 339 1111116,
584 290 679 330 (111111
717 289 755 329 111
789 289 893 345 apud
930 304 990 329 1116
1033 293 1139 337 sunt,
1183 303 1309 332 6111616
1355 288 1402 329 (16
1445 304 1506 328 1116
1548 287 1717 327 fundum
1761 288 1852 327 For-

96 362 274 402 mianum
307 361 416 402 velit.
469 363 523 402 Et
562 366 694 402 tamen
736 361 836 401 illud
879 360 1041 415 probem
1090 388 1109 411 fs
1123 374 1313 414 magnum
1356 360 1452 414 quid
1494 359 1772 414 aggrediamur
1815 365 1854 400 ct

96 434 244 475 multae
278 433 532 488 cogitationis
567 438 685 488 atque
720 433 848 474 otii”?
883 433 959 475 Sed
994 438 1126 474 tamen
1162 432 1328 473 satisfiet
1362 448 1383 473 a
1418 432 1533 473 nobis
1567 446 1696 486 neque
1720 447 1852 487 parce-

96 511 162 548 tur
193 505 334 547 labori.

95 678 171 700 cum
196 679 277 699 corr.
299 669 397 707 Med„
426 675 537 710 postea
569 680 643 700 cum
669 669 728 701 XZ
758 670 846 700 dedit
875 669 949 705 vidi,
975 691 977 698 .

96 722 246 753 Klotzius
269 721 368 752 video.
390 722 475 753 Mihi
497 723 611 762 placet,
635 723 723 763 quod
744 723 778 753 in
801 722 889 753 Med.
905 722 952 752 in·
996 722 1080 753 illud
1100 723 1255 762 probem?
1283 728 1410 753 mutare
1440 723 1573 753 volebat
1602 723 1662 753 sic:
1702 723 1740 752 E!
1771 726 1854 752 luam

96 780 231 807 ventum
254 781 311 806 est.
350 776 437 806 Nam
459 776 520 806 hac
542 776 668 807 ratione
697 776 819 816 optime
849 776 951 816 expli-
996 776 1079 806 illud
1092 776 1247 816 probem?
1269 780 1387 816 putans
1409 776 1582 816 sequentia
1604 786 1673 807 esse
1703 786 1744 807 ex
1775 777 1855 816 epis-

95 832 194 865 catur,
219 838 275 858 cur
297 828 428 859 Atticus
450 829 623 860 dumtaxat
645 830 684 859 ad
707 829 794 859 diem
823 828 950 858 dietum
976 833 978 851 ⁴*
996 830 1063 860 tola
1084 830 1199 860 Attici.
1233 829 1298 860 Sed
1320 829 1377 860 ille
1400 840 1467 860 non
1490 830 1670 869 scripsisset
1692 831 1856 870 ayyrezlia-

96 884 129 914 in
153 883 331 914 Formiano
353 888 603 929 exspectaretur.
997 895 1073 915 mur.
1113 885 1222 916 Immo
1244 888 1319 915 sunt
1340 884 1441 924 ipsius
1471 884 1648 921 Ciceronis,
1678 885 1733 924 qui
1763 889 1856 915 antea

138 937 245 969 Emere
266 936 304 968 de
326 948 381 968 me.
411 937 489 968 Vid.
512 938 622 969 Hand.
645 939 741 971 Turs.
763 938 810 968 11.
835 947 865 977 p.
882 937 951 968 191.
996 937 1042 967 sic
1063 937 1236 978 scripserat
1258 937 1374 968 amieo.
1397 937 1486 977 Ergo
1508 936 1593 967 nihil
1608 937 1814 968 mutandum.

1042 670 1187 709 Jlaynum
1221 669 1297 711 quid
1320 688 1358 691 —-
1383 668 1450 699 otz'z'.
1482 669 1518 699 P.
1548 669 1654 699 Faber
1684 670 1722 699 El
1752 672 1852 699 lamna

696 1043 791 1084 XV.
860 1044 925 1096 (A.
968 1043 1011 1083 U.
1052 1044 1092 1083 c,
1128 1044 1247 1097 695.)

162 1161 199 1200 1.
236 1159 291 1199 Ut
325 1158 480 1207 scribis,
515 1157 572 1198 ita
608 1157 722 1198 video
755 1172 836 1198 non
870 1157 1003 1198 minus
1036 1158 1189 1198 incerta
1221 1158 1264 1199 in
1298 1174 1337 1199 re
1364 1158 1525 1213 publica
1550 1173 1667 1212 quam
1690 1159 1733 1199 in
1757 1158 1857 1212 epis-

96 1232 177 1274 tola
210 1237 294 1282 tua,
330 1231 399 1273 sed
432 1236 566 1272 tamen
599 1231 677 1272 ista
704 1231 790 1286 ipsa
810 1247 872 1272 me
894 1231 1064 1272 varietas
1085 1246 1312 1272 sermonum
1337 1232 1651 1287 opinionumque
1673 1231 1858 1271 delectat.

98 1306 245 1346 Romae
288 1305 392 1346 enim
434 1303 570 1344 videor
603 1318 701 1354 esse,
738 1318 860 1357 quum
893 1308 984 1344 tuas
1018 1303 1153 1344 literas
1186 1303 1290 1358 lego,
1326 1307 1379 1353 et,
1414 1308 1461 1344 ut
1494 1304 1538 1344 fit
1569 1303 1612 1343 in
1645 1302 1768 1343 tantis
1801 1317 1859 1342 re-

98 1379 186 1429 bus,
220 1378 338 1419 modo
370 1378 460 1428 1106,
494 1376 612 1417 inodo
645 1376 745 1417 illud
791 1376 943 1418 audire.
990 1376 1097 1417 Illud
1138 1381 1274 1417 tamen
1320 1377 1515 1432 explicare
1558 1392 1637 1417 11011
1684 1390 1858 1430 1105511111,
1882 1393 1895 1418 5

1720 1453 1760 1490 2.
1794 1449 1861 1489 Bi-

98 1525 181 1566 buli
214 1528 347 1565 autem
379 1523 456 1564 ista
489 1522 724 1577 magnitudo
758 1522 881 1563 animi
915 1522 957 1563 in
993 1523 1243 1563 comitiorum
1281 1523 1472 1564 dilatione
1509 1523 1605 1578 quid
1640 1523 1761 1564 habet
1784 1524 1862 1564 nisi

98 1451 289 1506 quidnam
321 1450 500 1491 invenire
534 1450 659 1504 possit
692 1450 803 1490 nullo
837 1454 1046 1490 recusante
1081 1450 1130 1490 ad
1175 1450 1407 1491 facultatem
1453 1451 1662 1505 agrariam.

96 1598 222 1652 ipsius
255 1596 452 1637 iudicium
486 1595 570 1635 sine
604 1594 686 1635 ulla
730 1594 973 1635 correctione
1015 1595 1071 1635 rei
1112 1594 1327 1651 publicae?
1384 1595 1588 1636 Nimirum
1629 1596 1672 1636 111
1716 1595 1862 1636 Ρ1111110

98 1685 187 1725 51165
221 1673 293 1710 est.
328 1668 432 1718 Fiat,
468 1668 537 1708 fiat
567 1667 756 1708 tribunus
790 1668 859 1723 pl.,
896 1669 929 1709 si
962 1668 1065 1709 nihil
1099 1668 1223 1720 aliud,
1266 1674 1312 1709 ut
1345 1685 1391 1709 eo
1425 1669 1545 1710 citius
1578 1674 1624 1710 tu
1658 1685 1705 1710 ex
1740 1670 1862 1724 Epiro

99 1748 308 1784 revertare.
344 1742 465 1791 Nam,
499 1746 546 1782 ut
579 1741 647 1781 illo
689 1746 734 1782 tu
780 1757 927 1791 careas,
970 1757 1051 1782 non
1095 1742 1211 1783 video
1256 1758 1369 1797 posse
1410 1743 1508 1792 fieri,
1555 1743 1786 1797 praesertim
1830 1743 1863 1784 si

100 1830 254 1856 mecum
289 1815 441 1870 aliquid
476 1814 581 1855 volet
615 1814 834 1869 disputare.
870 1815 946 1856 Sed
981 1815 1021 1855 id
1057 1816 1222 1871 quidem
1254 1832 1334 1857 non
1370 1815 1538 1857 dubium
1573 1820 1647 1866 est,
1683 1816 1794 1870 quin,
1831 1816 1864 1856 si

100 1887 198 1943 quid
233 1888 309 1928 erit
342 1887 552 1938 eiusmodi,
589 1888 641 1928 sis
676 1888 949 1929 advolaturus.
995 1890 1145 1930 Verum
1179 1894 1226 1931 ut
1266 1890 1340 1930 hoc
1382 1905 1462 1930 non
1508 1890 1573 1940 sit,
1618 1894 1752 1930 tamen
1795 1905 1865 1930 seu

98 1966 188 2001 ruet
221 1976 290 2001 seu
324 1960 450 2015 eriget
482 1976 564 2001 rem
598 1960 815 2015 publicam,
840 1962 1086 2016 praeclarum
1111 1963 1383 2019 spectaculum
1408 1963 1507 2004 1111111
1530 1978 1722 2018 propono,
1747 1963 1864 2004 inodo

141 2149 159 2188 ξ
178 2150 203 2179 1.
217 2147 368 2189 Quidnam
382 2150 522 2181 invenire
527 2152 630 2192 possit
639 2152 726 2182 111ιίλο
735 2155 900 2183 recusaale
917 2152 961 2183 acl

89 2202 283 2242 facultatem
307 2204 476 2244 (tyrasium,
502 2216 532 2236 .1;
558 2216 622 2246 (1113
646 2216 679 2237 re
699 2206 959 2238 Caesarefficere

100 2257 210 2296 possit,
241 2261 276 2287 ut
305 2267 403 2288 nemo
434 2269 587 2298 agrorum
609 2260 765 2290 divisioni
788 2266 958 2300 repugnet.

98 2309 259 2341 Dicebant
277 2311 365 2341 enim
381 2310 568 2343 Caesariani
584 2313 744 2352 prolatum
766 2313 809 2343 iri
825 2314 957 2355 aliquid,

96 2362 178 2403 quod
197 2373 282 2393 nemo
304 2363 502 2403 improbares.
526 2366 602 2396 Vid.
627 2376 674 2406 ep.
696 2367 743 2403 1(1,
763 2368 789 2397 1.
806 2386 844 2389 —
857 2367 957 2398 Abla-

97 2416 183 2446 tivus
212 2418 465 2457 consequentiae
495 2419 577 2449 nihil
607 2420 681 2450 duri
708 2420 817 2456 habet,
849 2430 956 2461 neque

96 2469 292 2499 sententiam
315 2480 391 2500 cum
414 2471 606 2501 Thierschio
631 2472 775 2512 ineptam
804 2473 955 2510 dixerim,

97 2523 154 2562 qui
176 2523 209 2553 in
232 2523 320 2554 Add.
344 2534 373 2564 p.
396 2524 490 2555 XIII
512 2526 715 2557 confidenter
737 2528 876 2558 affirmat
905 2528 956 2559 Ci-

95 2584 248 2606 ceronem
270 2576 435 2617 scripsisse
458 2577 539 2607 nulli
567 2581 741 2609 recusatum
771 2582 854 2610 ante.
889 2581 957 2611 Ma-

95 2627 145 2665 gis
178 2628 376 2659 dubitationi
405 2630 551 2660 obnoxia
581 2637 689 2662 essent
718 2633 817 2663 verba
847 2632 957 2672 adsa-

96 2680 242 2710 t‘ultatem
267 2682 436 2720 affl-ariam,
460 2683 486 2713 si
510 2684 696 2723 significare
728 2686 884 2717 deberent
914 2687 959 2716 ad

93 2733 301 2773 pimserendae
322 2735 399 2775 leqz's
422 2736 571 2775 ayt-ariae
586 2738 712 2777 copiam.
736 2739 957 2778 Sedfaeullas

95 2786 225 2827 [ty-aria.
247 2792 303 2824 est,
319 2798 402 2828 quac
422 2789 449 2818 I.
466 2790 512 2826 19,
530 2791 550 2819 4
565 2797 701 2822 vocatur
717 2792 800 2822 ratio
815 2793 956 2833 (affl-aria.

138 2842 154 2880 ξ
179 2842 206 2871 2.
230 2842 342 2880 Quum
367 2848 498 2874 senatus
522 2845 587 2884 legi
611 2846 757 2885 agrariae
785 2848 957 2878 veliemen—

94 2901 143 2926 ter
162 2896 333 2933 resisteret,
363 2897 482 2928 Caesar
504 2900 543 2929 de
566 2908 603 2929 ea
627 2900 659 2930 in
683 2901 824 2931 comitiis
844 2903 883 2932 ad
904 2913 956 2942 po-

94 2948 208 2987 pulum
248 2949 330 2979 ferre
369 2950 567 2981 decreverat.
603 2951 668 2983 Sed
695 2954 826 2984 comitia
859 2955 956 2995 impe-

93 3001 203 3031 diebat
235 3002 374 3032 Bibulus
403 3003 442 3033 de
474 3004 565 3034 caelo
596 3007 765 3037 servando,
818 3007 867 3038 (¹f.
893 3008 956 3039 Dio

94 3051 304 3084 XXXVIII.
330 3054 420 3087 1—7.

135 3105 286 3136 Nimirum
308 3106 341 3137 in
364 3106 472 3138 Publio
501 3120 570 3149 spes
600 3113 655 3142 ess.
693 3112 876 3154 Sperabant
905 3125 957 3156 op-

95 3157 225 3189 timates
247 3159 410 3197 Clodium,
433 3162 460 3193 si
485 3163 634 3195 tribunus
657 3166 699 3207 pl.
732 3167 835 3199 factus
865 3175 958 3206 esset,

1008 2152 1157 2184 Caesaris
1182 2153 1330 2194 Pompeii
1361 2152 1534 2193 Crassique
1564 2152 1710 2183 consiliis
1740 2152 1864 2183 restit-u-

1006 2218 1079 2238 rum
1101 2217 1180 2238 esse.
1214 2208 1288 2238 Hoc
1311 2208 1399 2238 enim
1422 2208 1629 2248 praedicabat
1651 2207 1750 2237 homo
1772 2206 1865 2237 calli-

1005 2262 1075 2298 dus,
1099 2271 1165 2301 quo
1188 2261 1325 2298 facilius,
1350 2263 1438 2302 quod
1462 2262 1570 2298 vellet,
1602 2266 1867 2301 consequeretur.

1046 2314 1079 2343 Εἰ
1102 2314 1185 2344 111711]
1204 2314 1304 2345 aliud.
1340 2315 1496 2355 Elliptica
1526 2315 1656 2345 locutio.
1689 2314 1765 2345 Fiat
1794 2313 1865 2344 Clo-

1004 2368 1077 2398 dius
1101 2367 1252 2397 tribunus
1275 2367 1328 2407 pL,
1352 2376 1435 2407 quae
1458 2376 1508 2397 res
1532 2367 1557 2397 si
1581 2367 1664 2397 nihil
1685 2367 1763 2397 boni
1778 2375 1865 2406 prae—

1005 2426 1090 2451 terea
1116 2419 1236 2456 afferet,
1266 2419 1383 2450 efficiet
1412 2419 1536 2456 saltem,
1567 2424 1603 2449 ut
1630 2419 1725 2450 citius
1755 2424 1789 2449 tu
1820 2428 1865 2450 re-

1004 2479 1140 2505 vertare.
1188 2473 1238 2504 Cf.
1268 2473 1301 2503 in
1326 2473 1421 2503 Verr.
1446 2474 1473 2503 I.
1497 2474 1567 2503 152.
1608 2472 1698 2503 Venit
1728 2473 1759 2502 in
1784 2472 1865 2503 iudi-

1006 2528 1093 2564 cium,
1117 2528 1145 2557 si
1171 2527 1252 2558 nihil
1279 2527 1379 2564 aliud,
1410 2527 1523 2557 sallem
1553 2529 1587 2557 ῖιύ
1616 2537 1681 2557 eum
1713 2547 1751 2551 —
1783 2527 1864 2557 vide-

1005 2584 1063 2611 ret.
1087 2581 1213 2612 Seneca
1235 2590 1284 2621 ep.
1307 2582 1357 2611 35.
1387 2580 1419 2610 Si
1442 2580 1524 2610 nihil
1546 2579 1646 2616 aliud,
1670 2580 1705 2610 ob
1722 2581 1864 2619 11061111]-

995 2636 1070 2675 fice,
1095 2636 1128 2664 ut
1151 2644 1259 2664 liniare
1280 2633 1395 2664 diseas.
1432 2635 1573 2665 Liviana
1596 2635 1749 2675 exempla.
1769 2634 1865 2665 colle-

1007 2690 1053 2729 git
1076 2689 1242 2720 Drakenb.
1265 2689 1305 2719 ad
1328 2689 1402 2720 Liv.
1425 2689 1541 2719 XXX.
1566 2691 1615 2726 35,
1640 2690 1668 2719 8.

1047 2741 1104 2771 *S'eu
1127 2744 1196 2771 rues
1220 2751 1274 2771 seza
1297 2740 1396 2781 erisset
1420 2741 1646 2781 rempublicam.
1670 2741 1726 2771 Nil
1750 2742 1865 2772 melius

1006 2805 1022 2826 6
1046 2795 1193 2835 vestigiis
1216 2795 1365 2825 codicum
1388 2795 1458 2826 erui
1481 2805 1574 2836 posse
1597 2795 1734 2825 videtur.
1765 2795 1866 2825 Καθ’-ε

1004 2848 1210 2879 intransitive
1239 2848 1368 2884 dicitur,
1398 2855 1433 2879 ut
1463 2858 1511 2889 ep.
1543 2859 1614 2888 sup.
1639 2849 1656 2887 ξ
1681 2849 1707 2878 1.
1740 2848 1814 2878 Fin.
1839 2850 1864 2879 I.

1005 2903 1052 2932 34.
1078 2901 1162 2932 Sest.
1186 2902 1255 2931 133.
1279 2901 1466 2932 Transitive
1483 2912 1549 2932 non
1566 2902 1651 2932 dixit
1666 2901 1788 2938 Cicero,
1805 2912 1865 2933 nec

1004 2957 1090 2986 ullus
1113 2956 1249 2996 scriptor
1271 2955 1360 2986 illius
1391 2956 1515 2986 aetatis.
1550 2955 1586 2986 Si
1615 2957 1752 2987 verbum
1781 2962 1865 2987 tran-

1005 3010 1138 3040 sitivum
1154 3009 1337 3049 requiritur,
1353 3011 1392 3040 (16
1408 3020 1472 3050 (1110
1488 3010 1611 3046 dubito,
1627 3020 1703 3040 cum
1719 3011 1865 3041 Kahntio

1005 3062 1118 3103 Symb.
1148 3061 1226 3093 Crit.
1250 3073 1278 3102 p.
1304 3064 1323 3092 4
1346 3063 1440 3093 scrib.
1464 3065 1562 3093 erues.
1586 3062 1715 3104 Erz'yere
1737 3074 1797 3094 rem
1811 3074 1866 3104 pu-

1004 3116 1113 3147 blicam
1136 3127 1190 3157 np.
1214 3116 1369 3147 afflictam
1393 3121 1423 3148 et
1446 3117 1605 3148 iacentem
1628 3117 1714 3148 dixit
1735 3127 1865 3159 quoquc

1006 3171 1182 3213 Pompeius
1204 3171 1289 3202 infra
1313 3171 1413 3203 VIII.
1439 3172 1477 3203 12
1499 3172 1534 3203 C.
1559 3175 1587 3203 ὃ.
1622 3172 1734 3205 Potuit
1756 3177 1865 3204 autem

1886 1754 1920 1780 10
