2117 3533
225 151 311 193 172

223 286 370 338 animo,
403 290 450 328 ut
480 301 553 327 nos
586 300 707 338 ames,
740 290 781 327 te
814 288 938 329 amari
970 288 1086 330 scias.

624 152 708 193 ΕΡ.
742 151 819 193 AD
851 152 898 193 Τ.
932 152 1283 197 POMPONIUM
1314 156 1580 199 ATTICUM.

1133 290 1274 332 Cetera
1307 305 1439 332 coram
1473 305 1650 346 agemus.
1695 292 1808 334 Haec
1842 307 1981 348 prope-

222 364 354 400 rantes
387 357 632 414 scripsimus.
666 358 757 410 Quo
790 359 855 401 die
888 361 1036 412 venies,
1069 362 1210 417 utique
1244 378 1336 404 oum
1367 363 1449 405 tuis
1482 364 1589 420 apud
1621 379 1685 406 me
1718 365 1785 405 sis.

222 523 296 555 bem
320 523 412 554 venit
434 527 465 555 et
487 533 563 554 eum
591 523 751 556 Cicerone
779 523 876 555 vixit.
912 525 1078 555 Instaura-
1125 527 1265 559 contulit
1287 537 1314 559 a.
1333 529 1369 559 d.
1391 528 1444 559 VI
1466 528 1516 559 Id.
1538 527 1631 568 Apr.,
1654 532 1690 559 ut
1707 528 1858 559 videmus
1872 536 1915 559 ex
1932 536 1981 567 ep.

221 580 273 606 tur
308 575 544 606 commercium
580 576 795 617 epistolarum
825 586 901 607 cum
934 586 982 614 e0‚
1012 587 1078 618 quo
1126 580 1166 610 ad
1191 580 1231 618 Q.
1255 580 1294 611 fr.
1316 581 1363 612 II.
1387 581 1416 612 6.

222 633 368 669 tempore
392 628 507 660 Cicero
529 630 645 660 urbem
667 630 855 670 reliquerat.
879 630 997 670 Itaque
1013 630 1078 671 epi-

222 681 306 713 stola
328 690 467 723 sequens
489 682 509 712 4
527 682 554 720 b,
583 682 704 723 scripta
733 687 781 715 est
809 682 918 720 Antii,
947 693 1013 724 quo
1043 693 1078 715 se

796 801 880 842 IV.
915 800 956 842 b.

1021 803 1087 856 (A.

1168 632 1302 664 Cincius.
1324 633 1374 665 De
1397 643 1435 665 eo
1457 633 1603 665 diximus
1625 634 1667 665 ad
1689 634 1717 665 I.
1740 634 1789 671 20,
1814 632 1840 665 1.

1129 802 1174 843 U.
1209 800 1252 843 0.
1288 803 1408 857 698.)

286 929 326 968 1.
360 926 540 968 Perbelle
572 927 726 978 feceris,
761 928 795 969 si
829 927 878 969 ad
905 943 977 970 nos
1002 929 1172 971 veneris.
1207 929 1397 972 Offendes
1420 929 1740 986 designationem
1762 930 1981 987 Tyrannio-

220 999 283 1041 nis
315 999 523 1041 mirificam
554 999 749 1041 h'brorum
797 1016 975 1043 meorum
1022 1001 1361 1058 [bibliothecam],
1405 1018 1575 1057 quorum
1616 1003 1808 1058 reliquiae
1854 1003 1981 1044 multo

220 1072 402 1114 meliores
435 1077 543 1124 sunt,
578 1089 698 1128 quam
729 1079 925 1129 putaram.
973 1075 1108 1117 Etiam
1140 1076 1260 1117 velim
1292 1076 1394 1117 mihi
1425 1076 1562 1117 mittas
1596 1076 1644 1117 de
1677 1076 1759 1117 tuis
1802 1074 1982 1117 librario-

220 1146 270 1187 lis
303 1146 403 1188 duos
436 1146 603 1202 aliquos,
639 1146 785 1201 quibus
817 1148 1018 1203 Tyrannio
1050 1152 1190 1190 utatur
1223 1147 1552 1203 glutinatoribUS,
1602 1148 1651 1190 ad
1695 1152 1825 1190 cetera
1857 1148 1981 1189 admi-

220 1219 357 1260 nistris
367 1237 378 1270 3
412 1218 540 1273 iisque
572 1220 757 1275 imperes,
802 1225 848 1262 ut
881 1226 1042 1263 sumant
1085 1221 1416 1272 membranulam,
1457 1238 1506 1263 ex
1553 1237 1631 1277 qua
1673 1222 1826 1263 indices
1868 1222 1979 1272 fiant,

221 1307 321 1347 quos
353 1307 422 1333 vos
455 1292 612 1343 Graeci,
647 1297 694 1334 ut
726 1294 880 1349 opinor,
916 1290 1190 1349 σιλλύβους
1222 1294 1445 1350 appellatis.

1506 1298 1546 1336 2.
1581 1294 1657 1336 Sed
1692 1294 1803 1345 haec,
1838 1294 1872 1335 si
1904 1292 1981 1334 tibi

221 1366 297 1406 erit
328 1365 594 1407 commodum.
628 1366 720 1421 Ipse
753 1382 844 1408 vero
877 1367 1017 1422 utique
1052 1367 1113 1408 fac
1146 1368 1295 1418 venias,
1331 1368 1364 1408 si
1398 1372 1510 1423 potes
1543 1368 1587 1409 in
1619 1368 1682 1408 his
1714 1367 1812 1408 locis
1837 1366 1981 1407 adhae-

220 1453 370 1479 rescere
404 1443 444 1479 et
476 1439 621 1480 Piliam
654 1440 866 1482 adducere.
900 1441 964 1482 Ita
997 1441 1104 1482 enim
1137 1445 1176 1481 et
1209 1456 1381 1495 aequum
1415 1446 1475 1482 est
1508 1446 1548 1482 et
1580 1440 1694 1495 cupit
1713 1439 1858 1480 Tullia.
1894 1439 1980 1479 Me-

169 1521 203 1547 10
222 1510 433 1552 diusfidius
466 1526 515 1552 ne
548 1516 595 1553 tu
628 1512 760 1554 emisti
791 1513 934 1555 ludum
967 1513 1234 1568 praeclarum3
1269 1513 1509 1569 gladiatores
1543 1512 1662 1555 audio
1695 1526 1874 1568 pugnare
1907 1512 1979 1553 mi-

263 1676 281 1706 3
304 1675 464 1714 mirificam
488 1675 522 1706 in
544 1674 691 1707 librorum
714 1687 847 1708 meorum
870 1675 1083 1708 bibliothecam
1107 1695 1148 1700 -—-
1171 1677 1210 1707 10
1232 1687 1293 1708 nae
1315 1678 1349 1708 iii
1370 1694 1411 1699 -

261 1821 280 1861 ξ
294 1821 324 1851 1.
343 1819 491 1861 Offendes
503 1820 749 1860 desiynalionem
765 1821 798 1852 T.
811 1821 971 1864 mirificam
984 1822 1074 1853 libro-

216 1885 281 1905 rum
306 1884 436 1904 meorum
462 1874 722 1915 [bibliothecam]
743 1875 874 1905 Laudat
892 1875 1075 1916 dispositio-

217 1937 294 1959 nem
319 1927 539 1958 bibliothecae
562 1937 650 1965 suae,
679 1938 780 1969 quam
802 1928 899 1958 Antii
922 1928 1073 1965 habebat,

217 1987 253 2012 ut
276 1986 407 2021 apparet
429 1990 471 2012 ex
495 1990 543 2021 ep.
573 1982 630 2011 Sa.
671 1981 769 2019 Quod
806 1982 921 2022 scripsi
950 1991 967 2012 e
1004 1983 1074 2012 cod.

216 2036 305 2066 Med.
327 2035 466 2075 probum
489 2040 546 2072 est,
562 2035 588 2065 si
611 2035 772 2066 deleveris
795 2045 870 2065 cum
888 2035 1028 2075 Malasp.
1043 2040 1075 2066 et

216 2089 333 2120 Lamb.
375 2098 489 2119 vocem
528 2088 752 2119 bibliothecam.
803 2089 938 2119 Poterat
975 2089 1074 2119 etiam

217 2141 314 2173 scribi
337 2141 368 2171 in
393 2140 578 2172 bibliotheca
602 2151 635 2171 o:
666 2141 700 2171 in
725 2141 807 2178 1000,
831 2141 887 2171 ubi
910 2141 988 2171 libri
1011 2150 1074 2171 ser-

216 2199 346 2225 vantur.
370 2192 436 2224 Sed
456 2194 543 2234 quod
567 2193 710 2225 Orellius
733 2203 750 2224 e
773 2193 865 2224 Bosii
880 2192 1071 2224 recensione

216 2247 347 2288 recepit,
371 2252 482 2287 aperte
505 2246 625 2278 falsum
647 2252 706 2278 est.

257 2303 345 2334 Duos
367 2302 492 2344 aliquos
516 2312 547 2333 o:
572 2304 637 2334 duo
659 2303 713 2334 vel
736 2308 810 2339 treS‚
833 2311 888 2332 een
909 2311 1000 2341 pater.
1023 2301 1074 2331 Ita

215 2357 291 2388 Fin.
314 2357 358 2387 Π.
383 2356 423 2387 62
445 2358 509 2386 tres
531 2355 631 2397 aliqui
653 2358 709 2386 ant
730 2357 864 2396 quatuor
877 2360 907 2385 et
917 2354 951 2384 in
961 2353 1073 2384 Plauti

215 2411 306 2442 Men.
330 2409 372 2439 V.
396 2410 423 2445 5,
447 2408 486 2440 47
510 2408 631 2450 aliquos
662 2408 775 2449 viyinli
805 2407 882 2438 (lies,
913 2407 1076 2437 Similiter

216 2464 331 2496 Graeci
353 2474 446 2505 pron.
469 2473 519 2500 τις
542 2461 770 2494 numeralibus
793 2461 924 2497 addunt,
942 2459 1074 2500 quando

217 2531 393 2554 numerum
415 2530 481 2551 non
505 2519 603 2560 plane
625 2516 800 2548 definitum
821 2514 996 2554 designare
1019 2523 1075 2543 vo-

218 2577 304 2607 lunt.

261 2624 513 2657 Glutinatoribus
535 2633 568 2654 o:
601 2620 809 2662 bibliopegis,
833 2619 890 2660 qui
913 2619 1075 2650 librorum

216 2682 295 2713 folia
319 2681 426 2712 soluta
448 2677 670 2719 agglutinent,
698 2675 861 2715 discerpta
884 2673 1074 2704 resarciant.

217 2733 394 2767 ordinario
415 2739 552 2762 munere
576 2728 824 2769 glutinatorum,
848 2726 936 2766 quod
955 2725 1074 2756 eratin

216 2787 359 2828 singulis
389 2784 505 2827 papyri
527 2782 647 2814 chartis
676 2779 955 2821 conglutinandis,
985 2787 1075 2809 nune

217 2854 283 2874 11011
308 2846 375 2873 erat
397 2833 489 2881 opus.
519 2838 632 2870 Minus
654 2841 741 2867 reete
765 2835 909 2875 Peignot
931 2834 966 2864 in
989 2834 1074 2864 libro

215 2896 252 2926 de
274 2896 307 2925 la
329 2894 446 2924 reliure
468 2892 523 2923 des
546 2891 642 2921 livre-s
659 2889 731 2919 che:
743 2888 789 2918 les
805 2887 933 2918 (inciens
947 2897 974 2917 a.
992 2887 1074 2916 1834

216 2950 302 2980 edito
323 2949 404 2978 haec
427 2947 473 2978 310
496 2944 665 2976 distinxit:
689 2944 807 2978 utatur,
829 2939 1074 2982 qlutinatoribus

216 3002 260 3032 acl
283 3004 389 3031 celera
411 2997 607 3031 administris
630 2996 809 3036 vertitque:
837 2995 908 3025 vles
931 2993 1073 3024 colleurs

220 3055 327 3086 ferent
350 3055 380 3085 le
403 3054 520 3085 1·este.“'
543 3051 676 3083 Rectius
699 3050 732 3080 h.
756 3049 778 3079 l.
801 3047 926 3088 aceepit
947 3047 991 3077 H.
1014 3045 1074 3077 Ge-

220 3110 309 3146 raud,
341 3109 424 3139 essai
461 3119 515 3138 seer
553 3108 599 3137 les
632 3106 728 3136 liures
764 3103 844 3134 dans
882 3100 1074 3142 l‘anliqnitd,

219 3174 248 3204 p.
274 3162 340 3194 172

1163 1821 1291 1853 Indices
1314 1828 1407 1854 erant
1430 1823 1591 1854 librorum
1612 1822 1701 1853 tituli
1730 1821 1980 1853 membranulae

1121 1875 1331 1907 chartulaeve
1361 1876 1509 1917 inseripti
1541 1881 1573 1907 et
1603 1875 1763 1916 superiori
1800 1873 1980 1905 voluminis

1121 1929 1265 1969 margini
1288 1929 1400 1959 adfixi.
1425 1929 1474 1960 Cf.
1498 1930 1650 1960 Libellus
1672 1938 1765 1959 meus
1789 1927 1900 1958 Noiice
1924 1937 1979 1957 sur

1120 1984 1167 2014 les
1178 1983 1311 2013 volumes
1326 1982 1585 2019 [l'IIerealannm,
1602 1982 1711 2013 Amst.
1730 1981 1820 2018 1841,
1839 1991 1869 2021 p.
1884 1980 1923 2011 3ss
1932 1991 1979 2020 sq.

1163 2028 1361 2076 σιλλὺβους.
1393 2032 1509 2064 Graeci
1543 2032 1624 2062 tales
1657 2031 1781 2061 indices
1817 2030 1980 2062 vocabant

1122 2088 1287 2122 πιττακὶα
1311 2090 1340 2116 et
1358 2083 1556 2130 σιλλὺβους,
1573 2090 1608 2115 ut
1625 2086 1805 2115 docuerunt
1821 2082 1979 2114 Graevius

1121 2147 1155 2177 in
1179 2147 1272 2177 docta
1296 2146 1407 2176 adnot.
1430 2145 1470 2174 ad
1491 2143 1524 2173 11.
1547 2142 1569 2172 l.
1592 2147 1624 2172 et
1649 2141 1729 2171 Ern.
1752 2140 1786 2170 in
1810 2140 1884 2170 Ind.
1907 2138 1962 2169 Gr.

1165 2200 1182 2239 ξ
1205 2199 1234 2229 2.
1256 2198 1493 2228 Adhaerescere
1515 2205 1548 2225 o:
1573 2194 1694 2225 diutius
1707 2193 1837 2223 morari.
1861 2191 1979 2221 Piliam

1123 2252 1287 2284 Corradus
1310 2256 1404 2281 vocat
1431 2248 1536 2280 Attici
1565 2256 1730 2288 sponsam.
1759 2245 1826 2276 Sed
1855 2254 1898 2276 ex
1928 2254 1977 2284 ep.

1122 2306 1162 2336 ad
1185 2305 1226 2343 Q.
1251 2304 1289 2334 fr.
1312 2304 1358 2335 II.
1382 2304 1410 2340 3,
1435 2302 1451 2334 7
1475 2302 1625 2332 videmus
1647 2299 1777 2340 nuptias
1793 2298 1893 2329 factas
1907 2307 1978 2328 0330

1123 2358 1227 2398 pridie
1251 2358 1301 2387 ld.
1325 2356 1422 2387 Febr.
1445 2365 1472 2385 a.
1497 2354 1566 2390 698,
1591 2358 1621 2384 et
1635 2353 1715 2383 haee
1733 2351 1871 2392 epistola
1887 2351 1984 2381 initio

1125 2411 1249 2442 mensis
1285 2409 1410 2450 Aprilis
1452 2408 1521 2439 cius
1558 2406 1637 2437 anni
1667 2405 1881 2436 adscribenda
1925 2408 1983 2434 est.

1122 2464 1261 2504 Aequum
1276 2468 1385 2493 autem
1401 2467 1469 2492 erat
1484 2469 1624 2490 uxorem
1641 2469 1708 2489 non
1724 2457 1813 2488 domi
1828 2457 1982 2496 relinqui.

1163 2514 1273 2545 Emisti
1303 2513 1410 2544 ludum
1438 2512 1651 2553 praeclarum.
1694 2509 1815 2550 Recepi
1850 2508 1984 2539 Ernesti

1123 2566 1397 2602 emendationem,
1428 2565 1514 2605 quod
1551 2572 1657 2603 neque
1690 2562 1798 2599 locum,
1834 2566 1870 2591 ut
1905 2561 1982 2592 libri

1121 2617 1232 2657 scripti
1254 2617 1386 2652 habent,
1409 2623 1516 2654 neque
1540 2610 1641 2658 λόχον
1665 2612 1753 2653 quod
1770 2611 1890 2642 Bosius
1906 2620 1982 2642 con-

1123 2673 1210 2710 iecit,
1234 2672 1311 2703 satis
1335 2676 1407 2712 apte
1430 2671 1495 2702 dici
1517 2674 1604 2711 puto.

1166 2725 1368 2756 Gladiatores
1392 2723 1487 2754 audio
1503 2732 1649 2764 puynare
1671 2721 1811 2762 mirifice.
1845 2720 1981 2761 Compa-

1122 2780 1202 2811 ratis
1224 2780 1273 2816 iis,
1298 2787 1381 2819 quae
1403 2779 1443 2808 de
1464 2777 1516 2807 his
1540 2775 1777 2817 gladiatoribus
1812 2773 1918 2805 Attici
1946 2773 1980 2803 iu

1121 2844 1170 2874 ep.
1194 2834 1212 2863 8
1236 2842 1263 2862 a.
1287 2835 1369 2862 extr.
1393 2830 1513 2869 scripta
1535 2833 1619 2865 sunt,
1644 2827 1785 2868 suspicio
1808 2826 1890 2857 mihi
1910 2831 1982 2856 orta

1122 2890 1169 2916 est
1197 2885 1277 2915 haee
1306 2893 1373 2913 non
1403 2882 1488 2913 serio
1518 2880 1708 2921 accipienda
1739 2888 1808 2910 esse
1838 2884 1870 2910 et
1905 2877 1980 2908 11103

1122 2937 1207 2968 male
1230 2944 1403 2977 pugnasse.
1435 2933 1533 2972 Quod
1562 2933 1588 2963 si
1618 2932 1781 2972 probatur,
1811 2929 1980 2970 sequentia

1122 3001 1188 3022 non
1212 2990 1257 3020 ita
1280 2988 1475 3029 explicanda
1498 2991 1583 3023 sunt,
1599 2991 1636 3016 ut
1654 2985 1754 3024 vulgo
1768 2985 1813 3020 fit,
1830 2983 1979 3014 Atticum

1121 3044 1264 3084 potuisse
1286 3042 1461 3083 pecuniam
1484 3042 1517 3071 in
1541 3041 1656 3071 ludum
1674 3038 1906 3077 gladiatorium
1922 3046 1978 3068 ex—

1122 3108 1257 3140 pensam
1280 3091 1423 3137 recipere
1446 3096 1471 3126 si
1496 3105 1550 3126 eos
1574 3095 1711 3125 locasset
1735 3092 1904 3128 aedilibus,
1924 3091 1980 3132 qui

1122 3162 1257 3184 munera
1292 3152 1413 3182 dabant
1449 3150 1580 3191 populo,
1610 3149 1666 3179 sed
1696 3157 1752 3187 per
1782 3148 1890 3178 iocum
1920 3146 1981 3178 hoc
