2117 3533
266 140 320 179 48

665 139 748 179 ΕΡ.
783 139 860 179 AD
892 139 938 179 T.
973 132 1324 180 POMPONIUM
1357 136 1620 178 ATTICUM.

263 268 643 327 φιλοσοφητέον,
676 271 719 312 id
753 272 860 326 quod
892 277 939 314 tu
970 272 1082 324 facis,
1117 279 1157 314 et
1188 274 1287 315 istos
1320 272 1550 314 consulatus
1582 286 1665 312 non
1697 270 1809 312 flocci
1849 270 2020 311 facteon.

266 346 337 384 14.
371 344 489 396 Quod
523 344 573 384 ad
605 359 668 384 me
702 344 841 386 scribis
873 350 913 386 te
945 346 989 386 in
1021 346 1159 387 Asiam
1193 347 1379 388 statuisse
1412 360 1494 386 non
1525 345 1596 394 ire,
1639 344 1824 399 equidem
1863 343 2022 384 mallem

262 422 309 457 ut
341 418 439 468 ires3
470 431 515 457 ac
548 432 696 468 vereor,
730 433 780 458 ne
813 418 911 473 quid
943 418 987 459 in
1018 418 1096 459 ista
1127 434 1169 460 re
1201 420 1334 460 minus
1375 417 1580 459 commode
1619 418 1701 458 fiat.

263 505 343 531 non
385 504 548 544 possum
587 489 873 545 reprehendere
918 491 1130 532 consilium

1767 416 1845 458 Sed
1888 420 2023 456 tamen

1168 496 1298 543 tuum,
1343 491 1575 547 praesertim
1615 505 1740 544 quum
1781 493 1938 544 egomet
1979 487 2023 528 in

236 561 508 617 5provinciam
539 577 621 603 non
654 563 728 603 sim
761 563 976 619 profectus.
1021 566 1092 604 15.
1126 564 1438 620 Epigrammatis
1470 564 1565 614 tuis,
1601 578 1702 617 quae
1735 562 1778 603 in
1811 559 2024 602 Amaltheo

262 635 446 689 posuisti,
481 635 659 675 contenti
705 635 865 686 erimus,
906 636 1139 691 praesertim

1178 652 1303 691 quum
1347 641 1386 677 et
1426 636 1582 677 Chilius
1623 650 1695 675 nos
1738 632 1945 688 reliquerit
1985 635 2026 672 et

263 707 431 748 Archias
464 707 567 748 nihil
600 707 648 748 de
680 723 743 749 me
777 708 1000 763 scripserit3
1036 724 1081 750 ac
1113 724 1262 760 vereor,
1296 725 1361 760 ne,
1396 708 1578 750 Lucullis
1612 707 1802 762 quoniam
1826 707 2026 748 Graecum

262 785 403 836 poema
436 781 630 832 condidit,
664 796 773 822 nunc
806 780 856 822 ad
889 781 1158 823 Caecilianam
1190 781 1368 823 fabulam
1401 786 1567 837 spectet.

1636 783 1707 821 16.
1742 779 1921 820 Antonio
1954 783 2025 819 tuo

261 854 422 894 nomine
463 854 610 908 gratias
655 854 718 908 egi
752 868 917 908 eamque
951 854 1160 909 epistolam
1193 855 1334 896 Mallio
1368 853 1475 895 dedi.
1529 853 1594 894 Ad
1624 858 1665 894 te
1694 853 1784 893 ideo
1817 856 1934 893 antea
1966 865 2026 892 ra-

217 943 250 968 10
261 927 345 967 rius
378 927 532 982 scripsi,
566 927 673 982 quod
706 943 788 968 non
820 927 1017 968 habebam
1054 927 1279 983 [idoneum]
1316 928 1382 969 cui
1415 927 1564 978 darem,
1598 941 1671 968 nec
1707 926 1803 967 satis
1837 922 2025 973 sciebam,

263 1015 341 1055 quo
375 1000 523 1041 darem.
558 1002 583 1044 †
617 1001 731 1042 Vale.
766 1006 805 1041 te
850 1000 1068 1042 venditavi.
1106 1002 1176 1042 17.
1211 1001 1376 1042 Cincius
1410 1000 1443 1041 si
1476 999 1573 1055 quid
1609 999 1658 1040 ad
1692 1014 1755 1040 me
1787 998 1849 1040 tui
1872 996 2025 1052 negotii

304 1176 323 1207 9
346 1175 470 1207 Manlio
492 1194 534 1199 ——-
557 1176 596 1206 10
617 1175 761 1207 idoneum
784 1175 855 1208 sine
877 1175 971 1207 uncis
992 1193 1035 1198 —
1058 1176 1095 1206 11
1126 1175 1225 1207 Valde
1244 1178 1275 1207 te
1298 1175 1470 1207 venditavi.

264 1327 334 1354 tur:
365 1322 427 1353 iam
448 1322 573 1363 famam
601 1321 723 1352 mimum
750 1321 803 1352 vel
838 1320 964 1352 nimium
998 1321 1123 1362 fecisti,
1149 1327 1150 1362 J

264 1378 352 1418 quod
385 1387 484 1418 prava
520 1377 690 1408 literarum
719 1375 923 1417 repetitione,
953 1381 991 1407 ut
1019 1377 1125 1407 multa

264 1432 328 1462 alia
350 1433 435 1473 apud
458 1431 627 1468 Senecam,
651 1431 861 1471 inquinatum
884 1430 1023 1461 videtur.
1048 1430 1124 1462 Cor·
1149 1425 1150 1431 ¹

268 1486 355 1526 rigo:
386 1485 449 1516 iam
479 1485 633 1515 minimam
653 1484 776 1524 fecisti.
819 1484 889 1514 Nec
925 1483 1123 1515 sententiam

263 1544 356 1570 muto
379 1538 471 1569 lectis
501 1548 583 1579 quae
614 1537 817 1569 Buchelerus
846 1536 975 1577 scripsit
1004 1537 1044 1567 ad
1073 1537 1124 1567 de·
1149 1545 1150 1564 3

264 1592 465 1623 fendendum
488 1598 626 1633 utroque
649 1592 722 1622 loco
735 1590 845 1630 fabam
869 1590 1000 1620 mimam.

305 1646 375 1677 Non
387 1646 485 1687 flocci
497 1646 642 1686 faeleon.
683 1644 738 1676 Sic
761 1644 795 1675 in
818 1644 968 1684 margine
992 1643 1125 1675 Cratan-
1150 1630 1152 1664 1

264 1700 378 1732 drinae
401 1700 532 1741 legitur.
578 1699 719 1730 Videtur
741 1697 857 1729 Cicero
878 1707 1003 1728 novum
1034 1707 1126 1728 voca-

266 1753 383 1784 bulum
412 1753 558 1789 finxisse,
594 1752 682 1793 quod
711 1756 889 1792 opponeret
919 1750 1127 1791 praecedenti
1151 1773 1152 1778 ,

266 1805 523 1852 φιλοσοφητέον.
560 1806 634 1837 Nisi
658 1805 766 1846 potius
796 1804 924 1845 scripsit
951 1813 1010 1834 non
1031 1802 1129 1845 flocci

266 1860 494 1907 φροντιστέον.
540 1859 610 1891 Non
629 1858 727 1900 flocci
753 1858 848 1898 facio
884 1858 1006 1898 legitur
1042 1857 1128 1888 infra

268 1917 371 1948 XIII.
395 1917 443 1953 50,
468 1918 496 1947 3.

309 1970 326 2009 ξ
350 1970 400 2000 15.
428 1968 669 2010 Epiyranmmlis
692 1968 755 1999 tuis
776 1986 818 1990 —-
839 1966 980 1998 contenti
1002 1965 1126 1996 erimus.

266 2023 428 2064 (Atticus)
451 2022 559 2063 altiyit
581 2032 697 2064 quoque
725 2021 894 2062 poetieam.-
918 2039 959 2043 ——-
984 2019 1123 2060 Namque

265 2077 410 2115 versibus,
434 2076 486 2118 qui
508 2077 624 2107 honore
647 2086 809 2117 rerumque
828 2077 987 2115 [fessarum
1019 2073 1127 2113 ampli-

266 2132 376 2163 incline
399 2134 517 2162 ceteros
531 2130 644 2171 populi
666 2130 799 2161 Romani
815 2128 1060 2170 praestiterunt,
1075 2138 1129 2158 ex-

259 2186 366 2227 posuit
388 2186 446 2224 ila,
466 2187 499 2215 ul
521 2185 575 2215 sub
605 2184 797 2224 ,ςὶηφιιῖονιιῃι
826 2182 1013 2224 imayinibus
1031 2181 1129 2222 facta

267 2238 529 2280 721ayislratusque
562 2248 665 2267 eorum
696 2246 757 2267 von
796 2235 930 2275 anzplius
968 2233 1130 2276 quaternis

266 2292 404 2333 quinisve
424 2290 560 2321 versibus
581 2288 782 2329 descripserit
794 2303 801 2318 .·
825 2288 907 2329 quod
929 2287 982 2317 vix
1001 2286 1129 2317 creden—

267 2345 337 2375 dum
362 2343 414 2381 sit,
438 2345 546 2373 lanias
569 2351 618 2372 res
650 2344 712 2371 tam
743 2341 876 2371 breviter
901 2339 1046 2380 poluisse
1079 2338 1130 2369 cle-

269 2396 399 2427 clm-ari.
422 2396 520 2427 Corn.
542 2395 627 2435 Nep.
650 2394 684 2425 in
715 2394 789 2424 Att.
820 2394 869 2423 18.
914 2392 1130 2424 Casaubonus

269 2456 362 2491 putat
385 2450 577 2481 Ciceronem
601 2448 839 2489 epigrammata
862 2446 1064 2487 quaesivisse
1091 2445 1131 2476 ad

273 2504 501 2536 exornandam
524 2502 758 2533 bibliothecam
788 2510 898 2536 suam;
931 2500 1019 2540 quod
1048 2498 1131 2529 mihi
1156 2538 1157 2546 ἵ

274 2568 365 2590 secus
394 2558 533 2588 videtur.
580 2556 694 2594 Quum
728 2564 835 2595 neque
866 2553 996 2585 Chilius
1024 2561 1131 2593 neque

274 2611 415 2643 Archias
451 2619 501 2641 res
531 2609 600 2640 eius
630 2613 737 2649 gestas
766 2607 911 2637 carmine
941 2605 1131 2637 celebravis-

275 2669 356 2701 sent,
386 2662 501 2694 Attico
531 2661 643 2692 scribit
671 2669 704 2690 se
739 2664 932 2690 contentum
968 2658 1037 2690 fore
1071 2658 1135 2699 epi-

274 2715 475 2756 grammatis,
498 2714 617 2756 quibus
639 2713 697 2744 ille
720 2721 773 2743 eas
797 2717 866 2742 erat
888 2716 1086 2752 persecutus.

316 2769 446 2799 Chilias.
469 2768 513 2798 V.
541 2767 582 2797 ad
605 2776 654 2807 ep.
684 2766 703 2795 9
732 2770 816 2796 extr.
859 2763 1006 2793 Archiam
1036 2762 1135 2794 tradit

273 2822 386 2853 Cicero
409 2821 442 2852 in
470 2819 626 2856 oratione,
649 2828 748 2859 quam
779 2827 807 2847 a.
837 2817 897 2847 692
926 2827 985 2857 pro
1014 2826 1052 2847 eo
1080 2816 1134 2846 ha-

272 2876 351 2912 buit,
376 2875 393 2915 §
417 2875 455 2905 28
479 2883 530 2904 res
553 2873 587 2903 in
603 2871 775 2903 consulatu
791 2880 850 2901 suo
862 2876 969 2910 gestas
985 2869 1132 2910 attigisse

271 2928 419 2959 versibus
442 2933 539 2967 atque
562 2926 742 2956 inchoasse.

314 2982 455 3013 Lucullis
491 2980 634 3022 quoniam
665 2979 716 3009 Gr.
741 2979 853 3019 poema
884 2976 1036 3008 condidit.
1073 2977 1136 3008 Ar-

275 3036 364 3067 chias
387 3036 421 3066 in
447 3035 587 3075 gratiam
618 3033 657 3064 L.
687 3037 719 3064 et
748 3032 795 3062 M.
827 3032 1045 3062 Lucullorum
1075 3031 1135 3061 Mi-

275 3088 485 3120 thridaticum
510 3087 634 3117 bellum
658 3086 699 3116 ab
721 3085 779 3115 illo
794 3091 925 3124 gestum
942 3094 969 3114 a.
986 3094 1017 3114 u.
1035 3083 1136 3114 680—

276 3141 335 3170 688
360 3140 506 3170 versibus
535 3138 705 3178 expressit.
736 3148 765 3177 p.
798 3136 899 3167 Arch.
929 3136 966 3167 21
998 3141 1029 3167 et
1057 3145 1134 3175 quo-

1174 1322 1264 1354 niam
1287 1323 1450 1355 iucundus
1480 1322 1587 1354 fuerat
1617 1322 1658 1360 Q.
1686 1320 1825 1352 Metello
1853 1319 2031 1351 Numidico

1149 1367 1150 1414 ἶ
1175 1377 1268 1418 (ibid.
1293 1377 1327 1418 6)
1350 1382 1382 1409 et
1404 1376 1575 1408 familiaris
1598 1381 1667 1407 erat
1695 1375 1765 1406 eius
1793 1373 1855 1405 fini
1883 1373 1945 1411 Pii,
1975 1372 2032 1414 qui

1174 1431 1387 1462 vehementer
1422 1431 1461 1461 de
1497 1430 1594 1460 rebus
1631 1428 1697 1460 suis
1731 1427 1830 1459 scribi
1871 1426 2032 1467 cupiebat,

1175 1484 1268 1524 (ibid.
1288 1484 1342 1525 26>
1368 1483 1482 1515 Cicero
1497 1482 1674 1519 metuebat,
1692 1491 1732 1513 116
1748 1479 1951 1512 Caeciliorum
1963 1479 2032 1510 Me-

1176 1538 1331 1570 tellorum
1355 1537 1455 1578 patris
1481 1542 1513 1568 et
1534 1536 1595 1568 filii
1617 1546 1668 1567 res
1691 1535 1799 1577 potius
1829 1544 1928 1576 quam
1958 1542 2033 1565 suas

1149 1584 1151 1609 ¹¹
1176 1592 1324 1623 versibus
1346 1591 1535 1622 celebraret.

1217 1645 1234 1684 ξ
1259 1644 1308 1675 16.
1334 1643 1446 1674 Mallio
1468 1653 1486 1674 6
1507 1643 1597 1674 Med.
1623 1642 1737 1682 Vulgo
1758 1640 1893 1671 Manlio.
1914 1640 1964 1672 Ea
1977 1650 2033 1671 no-

1150 1731 1152 1737 ,
1176 1699 1269 1730 mina
1290 1703 1446 1740 perpetuo
1468 1696 1727 1728 confunduntur.
1749 1695 1816 1726 Hic
1836 1694 1894 1725 ubi
1917 1704 2033 1732 sermo,

1177 1757 1225 1783 est
1248 1752 1288 1782 de
1309 1750 1445 1781 homine
1466 1750 1591 1790 ignoto,
1621 1754 1734 1780 utrum
1762 1748 1871 1779 verius
1900 1747 1943 1779 sit
1969 1757 2034 1779 am-

1176 1804 1315 1844 biguum
1338 1808 1396 1834 est.
1430 1802 1505 1833 >Pro
1535 1811 1660 1843 eamque
1687 1801 1812 1832 Rinkes
1844 1800 1942 1831 scribi
1969 1809 2034 1830 ma-

1175 1858 1264 1889 lebat
1286 1859 1438 1899 tuamque,
1462 1857 1551 1897 quod
1574 1865 1635 1887 nec
1657 1855 1740 1886 mihi
1762 1854 1922 1895 displicet.

1218 1910 1377 1942 Idoneum.
1411 1909 1623 1941 Vocabulum
1644 1908 1738 1940 uncis
1761 1907 1889 1945 inclusi,
1918 1912 1956 1938 ut
1985 1916 2034 1938 su-

1175 1975 1414 2007 pervacaneum
1451 1970 1548 2006 atque
1583 1963 1750 2001 vitiosum,
1786 1962 1850 1994 nisi
1886 1961 2035 1992 bominem

1151 2010 1153 2042 l
1177 2020 1286 2050 addas.

1218 2074 1234 2110 †
1261 2071 1346 2102 Vale.
1375 2070 1415 2100 Te
1438 2069 1606 2101 vmdilavi.
1653 2068 1730 2100 Vale
1754 2068 1928 2110 aliquoties
1950 2077 2035 2099 nova

1177 2124 1340 2156 sententia
1364 2123 1536 2164 excipitur,
1561 2123 1617 2153 sed
1639 2127 1711 2153 tum
1735 2131 1781 2158 ea,
1798 2130 1881 2162 quae
1897 2129 2036 2161 sequun-

1178 2183 1231 2209 tur
1260 2177 1445 2218 appendicis
1475 2176 1616 2207 formam
1642 2175 1775 2206 habent.
1812 2174 1890 2205 Vid.
1924 2175 1965 2205 ad
1992 2173 2035 2204 V.

1179 2231 1227 2268 19,
1251 2232 1280 2261 2.
1302 2230 1368 2260 Hic
1390 2235 1500 2260 autem
1523 2229 1581 2259 illa
1606 2227 1647 2258 Te
1669 2226 1830 2258 vendilavi
1842 2227 1952 2268 inepte
1968 2226 2036 2257 fore

1178 2285 1287 2315 addita
1317 2283 1485 2315 intellexit
1515 2282 1674 2313 Ernestus
1703 2286 1736 2312 et
1765 2286 1842 2312 ante
1871 2289 1947 2312 eum
1976 2279 2035 2311 Ca-

1178 2338 1352 2374 saubonus,
1378 2336 1435 2378 qui
1457 2335 1611 2366 audacius
1634 2334 1773 2366 coniecit
1802 2332 1887 2364 Vale.
1923 2332 2036 2364 Calen-

1179 2392 1228 2422 dis
1250 2391 1326 2432 Apr.
1368 2390 1446 2421 Non
1476 2389 1582 2429 magis
1610 2388 1717 2429 placet
1745 2387 1778 2418 id
1807 2388 1895 2428 quod
1917 2387 2038 2428 recepit

1179 2444 1323 2476 Orellius
1352 2442 1450 2473 Valde
1472 2445 1503 2472 te
1525 2440 1695 2478 vendilavi,
1718 2441 1806 2482 quod
1834 2450 1877 2472 ne
1903 2440 2037 2472 Atticus

1180 2497 1313 2538 quidem
1335 2494 1564 2531 intellexisset,
1588 2493 1711 2534 opinor,
1742 2503 1818 2524 cum
1845 2493 1905 2524 illa
1931 2493 2037 2524 Anto-

1180 2552 1227 2582 nii
1256 2550 1423 2582 mentione
1458 2548 1729 2588 coniungendum
1765 2556 1844 2584 esse,
1873 2547 1962 2579 und'e
1991 2547 2038 2578 in·

1157 2629 1159 2633 ,
1182 2604 1336 2645 terposita
1357 2601 1521 2633 sententia
1542 2600 1721 2637 divellitur,
1744 2600 1809 2631 nisi
1831 2600 1911 2632 haec
1938 2599 2038 2631 verba

1182 2667 1257 2688 cum
1280 2655 1435 2687 Schiitzio
1455 2659 1529 2696 post
1550 2653 1624 2684 dedi
1637 2653 1824 2685 collocabis.
1846 2653 1945 2685 Latet
1959 2662 2038 2684 vero

1158 2703 1160 2723 ⁵
1181 2711 1215 2741 in
1245 2708 1330 2739 Vale.
1353 2717 1474 2739 nomen
1497 2707 1575 2744 eius,
1600 2707 1653 2737 cui
1665 2706 1780 2738 Cicero
1794 2707 1937 2738 amicum
1952 2716 2037 2737 com-

1182 2763 1402 2798 mendaverat,
1412 2771 1472 2792 nec
1491 2761 1606 2791 dubito
1621 2760 1701 2800 quin
1717 2760 1759 2791 sit
1773 2760 1936 2791 scribendi
1951 2769 2036 2791 com-

1159 2846 1160 2854 ,
1181 2817 1338 2859 pendium
1363 2826 1420 2856 pro
1448 2814 1582 2851 Valerio,
1607 2815 1666 2845 etsi
1682 2814 1803 2851 nescio,
1825 2823 1922 2854 quem
1941 2815 2036 2845 dicat.

1187 2870 1357 2901 Venditare
1377 2878 1410 2899 se
1424 2868 1477 2899 vel
1500 2868 1634 2898 alterum
1657 2866 1756 2897 aliem?
1768 2877 1829 2898 usu
1847 2867 1961 2898 tritum
1977 2872 2035 2898 est.

1182 2924 1248 2954 vid.
1270 2922 1332 2953 IV.
1357 2922 1405 2957 16,
1430 2922 1459 2951 4.
1503 2919 1689 2951 Gronovius
1719 2920 1859 2951 coniecit
1886 2919 1979 2950 Belle
2007 2921 2038 2949 te

1183 2974 1348 3010 vindicavi,
1385 2973 1483 3013 idque
1505 2972 1604 3003 refert
1627 2973 1667 3002 ad
1689 2972 1857 3003 raritatem
1880 2978 1912 3004 et
1935 2972 2038 3003 tenui-

1183 3032 1284 3058 tatem
1308 3025 1520 3066 epistolarum
1543 3029 1575 3055 et
1597 3024 1638 3054 ad
1661 3024 1796 3064 longam
1817 3025 1902 3055 hanc
1925 3025 2038 3065 episto-

1182 3080 1259 3110 lam.
1281 3079 1313 3109 N
1316 3088 1357 3109 on
1385 3077 1534 3118 placebat
1555 3076 1618 3107 hoc
1641 3075 1805 3113 Schutzio,
1829 3086 1889 3108 nec
1914 3077 2006 3108 mihi.

1223 3134 1240 3172 ξ
1264 3132 1313 3165 17.
1343 3130 1514 3172 Ετδμεοία;
1546 3131 1597 3160 ast
1618 3129 1732 3169 plures
1755 3148 1795 3152 —
1817 3129 1942 3161 mittito.
1977 3130 2037 3163 Le-
