<?xml version="1.0" encoding="UTF-8"?>
<!DOCTYPE html PUBLIC "-//W3C//DTD XHTML 1.0 Transitional//EN"
    "http://www.w3.org/TR/xhtml1/DTD/xhtml1-transitional.dtd">
<html xmlns="http://www.w3.org/1999/xhtml" xml:lang="en" lang="en">
 <head>
  <title>
</title>
<meta http-equiv="Content-Type" content="text/html;charset=utf-8" />
  <meta name='ocr-system' content='tesseract 3.04.00' />
  <meta name='ocr-capabilities' content='ocr_page ocr_carea ocr_par ocr_line ocrx_word'/>
</head>
<body>
  <div class='ocr_page' id='page_1' title='image "./epistolarumadtpo01ciceuoft_0193.png"; bbox 0 0 2117 3533; ppageno 0'>
   <div class='ocr_carea' id='block_1_1' title="bbox 732 159 1223 203">
    <p class='ocr_par' dir='ltr' id='par_1_1' title="bbox 732 159 1223 203">
     <span class='ocr_line' id='line_1_1' title="bbox 732 159 1223 203; baseline -0.006 0"><span class='ocrx_word' id='word_1_1' title='bbox 732 161 840 203; x_wconf 83' lang='lat' dir='ltr'><strong>LIB.</strong></span> <span class='ocrx_word' id='word_1_2' title='bbox 873 160 949 202; x_wconf 85' lang='lat' dir='ltr'><strong>IV.</strong></span> <span class='ocrx_word' id='word_1_3' title='bbox 983 159 1069 201; x_wconf 81' lang='lat' dir='ltr'><strong>EP.</strong></span> <span class='ocrx_word' id='word_1_4' title='bbox 1104 161 1146 200; x_wconf 75' lang='lat'><strong>4.</strong></span> <span class='ocrx_word' id='word_1_5' title='bbox 1182 160 1223 201; x_wconf 86' lang='lat'><strong>5.</strong></span> 
     </span>
    </p>
   </div>
   <div class='ocr_carea' id='block_1_2' title="bbox 97 292 1577 347">
    <p class='ocr_par' dir='ltr' id='par_1_2' title="bbox 97 292 1577 347">
     <span class='ocr_line' id='line_1_2' title="bbox 97 292 1577 347; baseline -0.003 -7"><span class='ocrx_word' id='word_1_6' title='bbox 97 299 220 340; x_wconf 88' lang='lat' dir='ltr'><strong>rifice.</strong></span> <span class='ocrx_word' id='word_1_7' title='bbox 273 297 315 339; x_wconf 89' lang='lat' dir='ltr'><strong>Si</strong></span> <span class='ocrx_word' id='word_1_8' title='bbox 354 297 484 339; x_wconf 86' lang='lat' dir='ltr'><strong>locare</strong></span> <span class='ocrx_word' id='word_1_9' title='bbox 524 296 731 347; x_wconf 86' lang='lat' dir='ltr'><strong>voluisses,</strong></span> <span class='ocrx_word' id='word_1_10' title='bbox 776 294 935 337; x_wconf 87' lang='lat' dir='ltr'><strong>duobus</strong></span> <span class='ocrx_word' id='word_1_11' title='bbox 973 294 1037 336; x_wconf 89' lang='lat' dir='ltr'><strong>his</strong></span> <span class='ocrx_word' id='word_1_12' title='bbox 1076 293 1312 335; x_wconf 87' lang='lat' dir='ltr'><strong>muneribus</strong></span> <span class='ocrx_word' id='word_1_13' title='bbox 1351 292 1577 335; x_wconf 79' lang='lat' dir='ltr'><strong>liberasses.</strong></span> 
     </span>
    </p>
   </div>
   <div class='ocr_carea' id='block_1_3' title="bbox 1771 158 1857 198">
    <p class='ocr_par' dir='ltr' id='par_1_3' title="bbox 1771 158 1857 198">
     <span class='ocr_line' id='line_1_3' title="bbox 1771 158 1857 198; baseline 0 0"><span class='ocrx_word' id='word_1_14' title='bbox 1771 158 1857 198; x_wconf 84' lang='lat'><strong>173</strong></span> 
     </span>
    </p>
   </div>
   <div class='ocr_carea' id='block_1_4' title="bbox 1642 291 1860 334">
    <p class='ocr_par' dir='ltr' id='par_1_4' title="bbox 1642 291 1860 334">
     <span class='ocr_line' id='line_1_4' title="bbox 1642 291 1860 334; baseline -0.005 0"><span class='ocrx_word' id='word_1_15' title='bbox 1642 291 1722 334; x_wconf 89' lang='lat' dir='ltr'><strong>Sed</strong></span> <span class='ocrx_word' id='word_1_16' title='bbox 1761 291 1860 333; x_wconf 85' lang='lat' dir='ltr'><strong>haec</strong></span> 
     </span>
    </p>
   </div>
   <div class='ocr_carea' id='block_1_5' title="bbox 98 366 1627 428">
    <p class='ocr_par' dir='ltr' id='par_1_5' title="bbox 98 366 1627 428">
     <span class='ocr_line' id='line_1_5' title="bbox 98 366 1627 428; baseline -0.003 -16"><span class='ocrx_word' id='word_1_17' title='bbox 98 370 309 428; x_wconf 60' lang='lat' dir='ltr'><strong>posterius</strong></span> <span class='ocrx_word' id='word_1_18' title='bbox 341 371 404 411; x_wconf 88' lang='lat' dir='ltr'><strong>Tu</strong></span> <span class='ocrx_word' id='word_1_19' title='bbox 436 370 498 411; x_wconf 87' lang='lat' dir='ltr'><strong>fac</strong></span> <span class='ocrx_word' id='word_1_20' title='bbox 530 370 666 411; x_wconf 86' lang='lat' dir='ltr'><strong>venias</strong></span> <span class='ocrx_word' id='word_1_21' title='bbox 705 372 746 409; x_wconf 77' lang='lat' dir='ltr'><strong>et</strong></span> <span class='ocrx_word' id='word_1_22' title='bbox 777 367 825 409; x_wconf 89' lang='lat' dir='ltr'><strong>de</strong></span> <span class='ocrx_word' id='word_1_23' title='bbox 857 367 1044 418; x_wconf 87' lang='lat' dir='ltr'><strong>librariis,</strong></span> <span class='ocrx_word' id='word_1_24' title='bbox 1080 367 1113 408; x_wconf 84' lang='lat' dir='ltr'><strong>si</strong></span> <span class='ocrx_word' id='word_1_25' title='bbox 1145 382 1208 408; x_wconf 89' lang='lat' dir='ltr'><strong>me</strong></span> <span class='ocrx_word' id='word_1_26' title='bbox 1242 381 1365 418; x_wconf 88' lang='lat' dir='ltr'><strong>amas,</strong></span> <span class='ocrx_word' id='word_1_27' title='bbox 1399 366 1627 421; x_wconf 80' lang='lat' dir='ltr'><strong>diligenter.</strong></span> 
     </span>
    </p>
   </div>
   <div class='ocr_carea' id='block_1_6' title="bbox 99 530 982 577">
    <p class='ocr_par' dir='ltr' id='par_1_6' title="bbox 99 530 982 577">
     <span class='ocr_line' id='line_1_6' title="bbox 99 530 982 577; baseline 0 -15"><span class='ocrx_word' id='word_1_28' title='bbox 99 532 240 563; x_wconf 88' lang='lat' dir='ltr'><strong>dicetur:</strong></span> <span class='ocrx_word' id='word_1_29' title='bbox 264 538 300 564; x_wconf 90' lang='lat' dir='ltr'><strong>tu</strong></span> <span class='ocrx_word' id='word_1_30' title='bbox 323 533 350 564; x_wconf 92' lang='lat' dir='ltr'><strong>si</strong></span> <span class='ocrx_word' id='word_1_31' title='bbox 373 542 428 564; x_wconf 93' lang='lat' dir='ltr'><strong>eos</strong></span> <span class='ocrx_word' id='word_1_32' title='bbox 450 533 600 570; x_wconf 82' lang='lat' dir='ltr'><strong>locasses,</strong></span> <span class='ocrx_word' id='word_1_33' title='bbox 623 532 757 564; x_wconf 88' lang='lat' dir='ltr'><strong>servitio</strong></span> <span class='ocrx_word' id='word_1_34' title='bbox 789 540 843 562; x_wconf 91' lang='lat' dir='ltr'><strong>eos</strong></span> <span class='ocrx_word' id='word_1_35' title='bbox 877 530 955 562; x_wconf 87' lang='lat' dir='ltr'><strong>libe·</strong></span> <span class='ocrx_word' id='word_1_36' title='bbox 981 534 982 577; x_wconf 74' lang='lat'><em>]</em></span> 
     </span>
    </p>
   </div>
   <div class='ocr_carea' id='block_1_7' title="bbox 99 586 957 682">
    <p class='ocr_par' dir='ltr' id='par_1_7' title="bbox 99 586 957 682">
     <span class='ocr_line' id='line_1_7' title="bbox 99 586 957 624; baseline -0.002 -7"><span class='ocrx_word' id='word_1_37' title='bbox 99 596 220 624; x_wconf 73' lang='lat' dir='ltr'><strong>rasses,</strong></span> <span class='ocrx_word' id='word_1_38' title='bbox 244 597 322 618; x_wconf 84' lang='lat' dir='ltr'><strong>nam</strong></span> <span class='ocrx_word' id='word_1_39' title='bbox 345 588 386 618; x_wconf 88' lang='lat' dir='ltr'><strong>ab</strong></span> <span class='ocrx_word' id='word_1_40' title='bbox 409 588 602 619; x_wconf 81' lang='lat' dir='ltr'><strong>adversariis</strong></span> <span class='ocrx_word' id='word_1_41' title='bbox 624 587 731 618; x_wconf 84' lang='lat' dir='ltr'><strong>necati</strong></span> <span class='ocrx_word' id='word_1_42' title='bbox 755 590 874 617; x_wconf 81' lang='lat' dir='ltr'><strong>essent.</strong></span> <span class='ocrx_word' id='word_1_43' title='bbox 894 586 957 616; x_wconf 84' lang='lat' dir='ltr'><strong>Ita-</strong></span> 
     </span>
     <span class='ocr_line' id='line_1_8' title="bbox 100 638 956 682; baseline -0.002 -12"><span class='ocrx_word' id='word_1_44' title='bbox 100 649 163 680; x_wconf 88' lang='lat' dir='ltr'><strong>que</strong></span> <span class='ocrx_word' id='word_1_45' title='bbox 185 649 252 671; x_wconf 90' lang='lat' dir='ltr'><strong>non</strong></span> <span class='ocrx_word' id='word_1_46' title='bbox 274 644 349 672; x_wconf 88' lang='lat' dir='ltr'><strong>utor</strong></span> <span class='ocrx_word' id='word_1_47' title='bbox 371 640 531 682; x_wconf 88' lang='lat' dir='ltr'><strong>scriptura</strong></span> <span class='ocrx_word' id='word_1_48' title='bbox 543 640 759 680; x_wconf 82' lang='lat' dir='ltr'><strong>Hervagiana</strong></span> <span class='ocrx_word' id='word_1_49' title='bbox 771 638 850 669; x_wconf 73' lang='lat' dir='ltr'><strong>liber</strong></span> <span class='ocrx_word' id='word_1_50' title='bbox 864 647 956 676; x_wconf 75' lang='lat' dir='ltr'><strong>esses,</strong></span> 
     </span>
    </p>
   </div>
   <div class='ocr_carea' id='block_1_8' title="bbox 731 756 778 798">
    <p class='ocr_par' dir='ltr' id='par_1_8' title="bbox 731 756 778 798">
     <span class='ocr_line' id='line_1_9' title="bbox 731 756 778 798; baseline -0.043 0"><span class='ocrx_word' id='word_1_51' title='bbox 731 756 778 798; x_wconf 81' lang='lat' dir='ltr'><strong>V.</strong></span> 
     </span>
    </p>
   </div>
   <div class='ocr_carea' id='block_1_9' title="bbox 980 587 984 678">
    <p class='ocr_par' dir='ltr' id='par_1_9' title="bbox 980 587 984 678">
     <span class='ocr_line' id='line_1_10' title="bbox 980 587 984 678; baseline 0 2855"><span class='ocrx_word' id='word_1_52' title='bbox 980 587 984 678; x_wconf 95' lang='lat' dir='ltr'><strong> </strong></span> 
     </span>
    </p>
   </div>
   <div class='ocr_carea' id='block_1_10' title="bbox 1004 528 1861 625">
    <p class='ocr_par' dir='ltr' id='par_1_10' title="bbox 1004 528 1861 625">
     <span class='ocr_line' id='line_1_11' title="bbox 1004 528 1861 571; baseline -0.001 -10"><span class='ocrx_word' id='word_1_53' title='bbox 1004 531 1092 571; x_wconf 88' lang='lat' dir='ltr'><strong>quod.</strong></span> <span class='ocrx_word' id='word_1_54' title='bbox 1113 535 1201 562; x_wconf 90' lang='lat' dir='ltr'><strong>recte</strong></span> <span class='ocrx_word' id='word_1_55' title='bbox 1223 529 1342 560; x_wconf 86' lang='lat' dir='ltr'><strong>dicitur</strong></span> <span class='ocrx_word' id='word_1_56' title='bbox 1363 530 1404 561; x_wconf 98' lang='grc'><strong>(16</strong></span> <span class='ocrx_word' id='word_1_57' title='bbox 1427 539 1474 567; x_wconf 87' lang='lat' dir='ltr'><strong>eo,</strong></span> <span class='ocrx_word' id='word_1_58' title='bbox 1498 530 1555 570; x_wconf 91' lang='lat' dir='ltr'><strong>qui</strong></span> <span class='ocrx_word' id='word_1_59' title='bbox 1576 530 1661 561; x_wconf 84' lang='lat' dir='ltr'>nihil</span> <span class='ocrx_word' id='word_1_60' title='bbox 1681 530 1787 561; x_wconf 87' lang='lat' dir='ltr'><strong>debet.</strong></span> <span class='ocrx_word' id='word_1_61' title='bbox 1810 528 1861 561; x_wconf 90' lang='lat' dir='ltr'><strong>Cf.</strong></span> 
     </span>
     <span class='ocr_line' id='line_1_12' title="bbox 1004 583 1786 625; baseline 0 -10"><span class='ocrx_word' id='word_1_62' title='bbox 1004 584 1093 615; x_wconf 85' lang='lat' dir='ltr'><strong>Plin.</strong></span> <span class='ocrx_word' id='word_1_63' title='bbox 1116 584 1176 625; x_wconf 84' lang='lat' dir='ltr'><strong>Ep.</strong></span> <span class='ocrx_word' id='word_1_64' title='bbox 1200 583 1267 615; x_wconf 92' lang='lat' dir='ltr'><strong>III.</strong></span> <span class='ocrx_word' id='word_1_65' title='bbox 1290 584 1318 620; x_wconf 84' lang='lat'><strong>9,</strong></span> <span class='ocrx_word' id='word_1_66' title='bbox 1343 584 1381 614; x_wconf 86' lang='grc'><strong>13</strong></span> <span class='ocrx_word' id='word_1_67' title='bbox 1404 583 1443 621; x_wconf 82' lang='lat' dir='ltr'><strong>z&#39;o,</strong></span> <span class='ocrx_word' id='word_1_68' title='bbox 1468 583 1547 614; x_wconf 73' lang='lat' dir='ltr'><strong>liber</strong></span> <span class='ocrx_word' id='word_1_69' title='bbox 1569 584 1614 614; x_wconf 76' lang='lat' dir='ltr'><strong>acl</strong></span> <span class='ocrx_word' id='word_1_70' title='bbox 1634 585 1665 614; x_wconf 80' lang='lat' dir='ltr'><strong>te</strong></span> <span class='ocrx_word' id='word_1_71' title='bbox 1686 583 1786 615; x_wconf 78' lang='lat' dir='ltr'><strong>venio.</strong></span> 
     </span>
    </p>
   </div>
   <div class='ocr_carea' id='block_1_11' title="bbox 846 755 1234 809">
    <p class='ocr_par' dir='ltr' id='par_1_11' title="bbox 846 755 1234 809">
     <span class='ocr_line' id='line_1_13' title="bbox 846 755 1234 809; baseline -0.005 -13"><span class='ocrx_word' id='word_1_72' title='bbox 846 755 911 808; x_wconf 82' lang='lat' dir='ltr'><strong>(A.</strong></span> <span class='ocrx_word' id='word_1_73' title='bbox 954 755 998 796; x_wconf 82' lang='lat' dir='ltr'><strong>U.</strong></span> <span class='ocrx_word' id='word_1_74' title='bbox 1036 755 1077 795; x_wconf 83' lang='lat' dir='ltr'><strong>C.</strong></span> <span class='ocrx_word' id='word_1_75' title='bbox 1113 755 1234 809; x_wconf 81' lang='lat'><strong>698.)</strong></span> 
     </span>
    </p>
   </div>
   <div class='ocr_carea' id='block_1_12' title="bbox 97 866 1866 1216">
    <p class='ocr_par' dir='ltr' id='par_1_12' title="bbox 97 866 1866 1216">
     <span class='ocr_line' id='line_1_14' title="bbox 164 866 1865 924; baseline -0.001 -13"><span class='ocrx_word' id='word_1_76' title='bbox 164 872 204 911; x_wconf 91' lang='grc'><strong>1.</strong></span> <span class='ocrx_word' id='word_1_77' title='bbox 238 870 319 911; x_wconf 85' lang='lat' dir='ltr'><strong>Ain</strong></span> <span class='ocrx_word' id='word_1_78' title='bbox 353 872 425 913; x_wconf 73' lang='lat' dir='ltr'><strong>tu?</strong></span> <span class='ocrx_word' id='word_1_79' title='bbox 458 886 520 912; x_wconf 91' lang='lat' dir='ltr'><strong>me</strong></span> <span class='ocrx_word' id='word_1_80' title='bbox 554 870 759 912; x_wconf 70' lang='lat' dir='ltr'><strong>existimas</strong></span> <span class='ocrx_word' id='word_1_81' title='bbox 794 869 843 910; x_wconf 86' lang='lat' dir='ltr'><strong>ab</strong></span> <span class='ocrx_word' id='word_1_82' title='bbox 877 868 959 909; x_wconf 89' lang='lat' dir='ltr'><strong>ullo</strong></span> <span class='ocrx_word' id='word_1_83' title='bbox 992 868 1110 909; x_wconf 85' lang='lat' dir='ltr'><strong>malle</strong></span> <span class='ocrx_word' id='word_1_84' title='bbox 1143 883 1232 910; x_wconf 87' lang='lat' dir='ltr'><strong>mea</strong></span> <span class='ocrx_word' id='word_1_85' title='bbox 1276 868 1356 923; x_wconf 81' lang='lat' dir='ltr'><strong>legi</strong></span> <span class='ocrx_word' id='word_1_86' title='bbox 1396 866 1637 924; x_wconf 86' lang='lat' dir='ltr'><strong>probarique</strong></span> <span class='ocrx_word' id='word_1_87' title='bbox 1681 883 1801 922; x_wconf 88' lang='lat' dir='ltr'><strong>quam</strong></span> <span class='ocrx_word' id='word_1_88' title='bbox 1842 884 1865 910; x_wconf 84' lang='lat' dir='ltr'><strong>a</strong></span> 
     </span>
     <span class='ocr_line' id='line_1_15' title="bbox 98 941 1866 999; baseline 0 -16"><span class='ocrx_word' id='word_1_89' title='bbox 98 944 164 984; x_wconf 75' lang='lat' dir='ltr'><strong>te?</strong></span> <span class='ocrx_word' id='word_1_90' title='bbox 197 943 279 984; x_wconf 88' lang='lat' dir='ltr'><strong>Cur</strong></span> <span class='ocrx_word' id='word_1_91' title='bbox 311 944 435 998; x_wconf 76' lang='lat' dir='ltr'><strong>igitur</strong></span> <span class='ocrx_word' id='word_1_92' title='bbox 469 945 654 999; x_wconf 76' lang='lat' dir='ltr'>cuiquam</span> <span class='ocrx_word' id='word_1_93' title='bbox 689 943 781 984; x_wconf 90' lang='lat' dir='ltr'><strong>misi</strong></span> <span class='ocrx_word' id='word_1_94' title='bbox 813 942 950 997; x_wconf 77' lang='lat' dir='ltr'><strong>prius?</strong></span> <span class='ocrx_word' id='word_1_95' title='bbox 993 941 1176 996; x_wconf 78' lang='lat' dir='ltr'><strong>Urgebar</strong></span> <span class='ocrx_word' id='word_1_96' title='bbox 1221 941 1270 983; x_wconf 91' lang='lat' dir='ltr'><strong>ab</strong></span> <span class='ocrx_word' id='word_1_97' title='bbox 1316 958 1375 993; x_wconf 87' lang='lat' dir='ltr'><strong>eo,</strong></span> <span class='ocrx_word' id='word_1_98' title='bbox 1419 942 1469 983; x_wconf 85' lang='lat' dir='ltr'><strong>ad</strong></span> <span class='ocrx_word' id='word_1_99' title='bbox 1516 956 1633 995; x_wconf 85' lang='lat' dir='ltr'><strong>quem</strong></span> <span class='ocrx_word' id='word_1_100' title='bbox 1677 941 1782 991; x_wconf 89' lang='lat' dir='ltr'><strong>misi,</strong></span> <span class='ocrx_word' id='word_1_101' title='bbox 1825 945 1866 983; x_wconf 72' lang='lat' dir='ltr'><strong>ct</strong></span> 
     </span>
     <span class='ocr_line' id='line_1_16' title="bbox 97 1013 1865 1072; baseline -0.001 -16"><span class='ocrx_word' id='word_1_102' title='bbox 97 1031 179 1057; x_wconf 90' lang='lat' dir='ltr'><strong>non</strong></span> <span class='ocrx_word' id='word_1_103' title='bbox 211 1015 409 1058; x_wconf 77' lang='lat' dir='ltr'><strong>habebam</strong></span> <span class='ocrx_word' id='word_1_104' title='bbox 442 1016 657 1072; x_wconf 79' lang='lat' dir='ltr'><strong>exemplar.</strong></span> <span class='ocrx_word' id='word_1_105' title='bbox 692 1014 829 1066; x_wconf 76' lang='lat' dir='ltr'><strong>Quid?</strong></span> <span class='ocrx_word' id='word_1_106' title='bbox 863 1014 1000 1055; x_wconf 79' lang='lat' dir='ltr'><strong>etiam.</strong></span> <span class='ocrx_word' id='word_1_107' title='bbox 1035 1013 1202 1055; x_wconf 84' lang='lat' dir='ltr'>Dudum</span> <span class='ocrx_word' id='word_1_108' title='bbox 1237 1015 1345 1056; x_wconf 88' lang='lat' dir='ltr'><strong>enim</strong></span> <span class='ocrx_word' id='word_1_109' title='bbox 1379 1013 1644 1064; x_wconf 81' lang='lat' dir='ltr'>circumrodo,</span> <span class='ocrx_word' id='word_1_110' title='bbox 1672 1013 1779 1066; x_wconf 83' lang='lat' dir='ltr'><strong>quod</strong></span> <span class='ocrx_word' id='word_1_111' title='bbox 1798 1013 1865 1054; x_wconf 88' lang='lat' dir='ltr'><strong>de-</strong></span> 
     </span>
     <span class='ocr_line' id='line_1_17' title="bbox 98 1081 1865 1146; baseline -0.001 -17"><span class='ocrx_word' id='word_1_112' title='bbox 98 1088 319 1130; x_wconf 87' lang='lat' dir='ltr'><strong>vorandum</strong></span> <span class='ocrx_word' id='word_1_113' title='bbox 337 1094 410 1141; x_wconf 83' lang='lat' dir='ltr'><strong>est,</strong></span> <span class='ocrx_word' id='word_1_114' title='bbox 445 1088 725 1145; x_wconf 71' lang='lat' dir='ltr'><strong>subturpicula</strong></span> <span class='ocrx_word' id='word_1_115' title='bbox 758 1087 859 1129; x_wconf 78' lang='lat' dir='ltr'><strong>milii</strong></span> <span class='ocrx_word' id='word_1_116' title='bbox 891 1086 1104 1128; x_wconf 80' lang='lat' dir='ltr'><strong>videbatur</strong></span> <span class='ocrx_word' id='word_1_117' title='bbox 1138 1102 1222 1129; x_wconf 88' lang='lat' dir='ltr'><strong>esse</strong></span> <span class='ocrx_word' id='word_1_118' title='bbox 1257 1081 1554 1146; x_wconf 78' lang='grc' dir='ltr'><em>παλινῳδία.</em></span> <span class='ocrx_word' id='word_1_119' title='bbox 1595 1086 1673 1128; x_wconf 85' lang='lat' dir='ltr'><strong>Sed</strong></span> <span class='ocrx_word' id='word_1_120' title='bbox 1706 1087 1865 1129; x_wconf 77' lang='lat' dir='ltr'><strong>valeant</strong></span> 
     </span>
     <span class='ocr_line' id='line_1_18' title="bbox 98 1158 1864 1216; baseline -0.001 -14"><span class='ocrx_word' id='word_1_121' title='bbox 98 1166 220 1212; x_wconf 77' lang='lat' dir='ltr'><strong>recta,</strong></span> <span class='ocrx_word' id='word_1_122' title='bbox 254 1177 361 1213; x_wconf 85' lang='lat' dir='ltr'><strong>vera,</strong></span> <span class='ocrx_word' id='word_1_123' title='bbox 395 1162 563 1204; x_wconf 81' lang='lat' dir='ltr'><strong>honesta</strong></span> <span class='ocrx_word' id='word_1_124' title='bbox 596 1161 778 1204; x_wconf 82' lang='lat' dir='ltr'><strong>consilia.</strong></span> <span class='ocrx_word' id='word_1_125' title='bbox 812 1161 908 1202; x_wconf 90' lang='lat' dir='ltr'><strong>Non</strong></span> <span class='ocrx_word' id='word_1_126' title='bbox 942 1164 1003 1201; x_wconf 80' lang='lat' dir='ltr'><strong>est</strong></span> <span class='ocrx_word' id='word_1_127' title='bbox 1037 1158 1243 1213; x_wconf 79' lang='lat' dir='ltr'><strong>credibile,</strong></span> <span class='ocrx_word' id='word_1_128' title='bbox 1279 1176 1380 1216; x_wconf 83' lang='lat' dir='ltr'><strong>quae</strong></span> <span class='ocrx_word' id='word_1_129' title='bbox 1415 1161 1468 1202; x_wconf 80' lang='lat' dir='ltr'><strong>sit</strong></span> <span class='ocrx_word' id='word_1_130' title='bbox 1501 1159 1666 1216; x_wconf 84' lang='lat' dir='ltr'><strong>perfidia</strong></span> <span class='ocrx_word' id='word_1_131' title='bbox 1698 1160 1742 1202; x_wconf 90' lang='lat' dir='ltr'><strong>in</strong></span> <span class='ocrx_word' id='word_1_132' title='bbox 1774 1160 1864 1202; x_wconf 80' lang='lat' dir='ltr'><strong>istis</strong></span> 
     </span>
    </p>
   </div>
   <div class='ocr_carea' id='block_1_13' title="bbox 134 1337 525 1369">
    <p class='ocr_par' dir='ltr' id='par_1_13' title="bbox 134 1337 525 1369">
     <span class='ocr_line' id='line_1_19' title="bbox 134 1337 525 1369; baseline 0.003 -1"><span class='ocrx_word' id='word_1_133' title='bbox 134 1338 154 1369; x_wconf 81' lang='lat'>2</span> <span class='ocrx_word' id='word_1_134' title='bbox 177 1337 242 1369; x_wconf 74' lang='lat' dir='ltr'><strong>Ain</strong></span> <span class='ocrx_word' id='word_1_135' title='bbox 265 1338 328 1369; x_wconf 79' lang='lat' dir='ltr'><strong>tu?</strong></span> <span class='ocrx_word' id='word_1_136' title='bbox 351 1349 392 1369; x_wconf 80' lang='lat' dir='ltr'><strong>an</strong></span> <span class='ocrx_word' id='word_1_137' title='bbox 415 1348 461 1369; x_wconf 85' lang='lat' dir='ltr'><strong>me</strong></span> <span class='ocrx_word' id='word_1_138' title='bbox 483 1356 525 1361; x_wconf 92' lang='lat'><strong>—-</strong></span> 
     </span>
    </p>
   </div>
   <div class='ocr_carea' id='block_1_14' title="bbox 86 1495 976 3194">
    <p class='ocr_par' dir='ltr' id='par_1_14' title="bbox 86 1495 976 2391">
     <span class='ocr_line' id='line_1_20' title="bbox 132 1495 976 1539; baseline 0.004 -13"><span class='ocrx_word' id='word_1_139' title='bbox 132 1496 150 1536; x_wconf 67' lang='grc' dir='ltr'>ξ</span> <span class='ocrx_word' id='word_1_140' title='bbox 174 1497 201 1527; x_wconf 91' lang='lat' dir='ltr'><strong>l.</strong></span> <span class='ocrx_word' id='word_1_141' title='bbox 225 1495 289 1527; x_wconf 76' lang='lat' dir='ltr'><strong>Ain</strong></span> <span class='ocrx_word' id='word_1_142' title='bbox 311 1496 375 1527; x_wconf 80' lang='lat' dir='ltr'><strong>tu?</strong></span> <span class='ocrx_word' id='word_1_143' title='bbox 396 1496 555 1528; x_wconf 77' lang='lat' dir='ltr'><strong>Formula</strong></span> <span class='ocrx_word' id='word_1_144' title='bbox 576 1496 727 1529; x_wconf 83' lang='lat' dir='ltr'><strong>mirantis</strong></span> <span class='ocrx_word' id='word_1_145' title='bbox 743 1507 789 1536; x_wconf 82' lang='lat' dir='ltr'><strong>ea,</strong></span> <span class='ocrx_word' id='word_1_146' title='bbox 807 1506 891 1539; x_wconf 82' lang='lat' dir='ltr'><strong>quae</strong></span> <span class='ocrx_word' id='word_1_147' title='bbox 905 1497 950 1528; x_wconf 89' lang='lat' dir='ltr'><strong>al·</strong></span> <span class='ocrx_word' id='word_1_148' title='bbox 974 1498 976 1528; x_wconf 76' lang='grc' dir='ltr'>ἰ</span> 
     </span>
     <span class='ocr_line' id='line_1_21' title="bbox 89 1548 976 1592; baseline 0.002 -11"><span class='ocrx_word' id='word_1_149' title='bbox 89 1554 138 1582; x_wconf 89' lang='lat' dir='ltr'><strong>ter</strong></span> <span class='ocrx_word' id='word_1_150' title='bbox 159 1550 306 1591; x_wconf 88' lang='lat' dir='ltr'><strong>protulit,</strong></span> <span class='ocrx_word' id='word_1_151' title='bbox 328 1561 393 1592; x_wconf 85' lang='lat' dir='ltr'><strong>qua</strong></span> <span class='ocrx_word' id='word_1_152' title='bbox 407 1551 581 1592; x_wconf 80' lang='lat' dir='ltr'><strong>aliquoties</strong></span> <span class='ocrx_word' id='word_1_153' title='bbox 595 1552 700 1583; x_wconf 89' lang='lat' dir='ltr'><strong>utitur</strong></span> <span class='ocrx_word' id='word_1_154' title='bbox 715 1551 841 1590; x_wconf 89' lang='lat' dir='ltr'><strong>Cicero,</strong></span> <span class='ocrx_word' id='word_1_155' title='bbox 858 1558 895 1583; x_wconf 90' lang='lat' dir='ltr'><strong>ut</strong></span> <span class='ocrx_word' id='word_1_156' title='bbox 910 1552 951 1583; x_wconf 87' lang='lat' dir='ltr'><strong>de</strong></span> <span class='ocrx_word' id='word_1_157' title='bbox 974 1548 976 1582; x_wconf 72' lang='grc'><strong>1</strong></span> 
     </span>
     <span class='ocr_line' id='line_1_22' title="bbox 89 1603 976 1647; baseline 0.005 -13"><span class='ocrx_word' id='word_1_158' title='bbox 89 1603 145 1635; x_wconf 88' lang='lat' dir='ltr'><strong>Or.</strong></span> <span class='ocrx_word' id='word_1_159' title='bbox 175 1605 202 1635; x_wconf 91' lang='grc' dir='ltr'><strong>Ι.</strong></span> <span class='ocrx_word' id='word_1_160' title='bbox 231 1605 302 1635; x_wconf 87' lang='grc'><strong>165.</strong></span> <span class='ocrx_word' id='word_1_161' title='bbox 344 1605 389 1636; x_wconf 81' lang='lat' dir='ltr'><strong>Et</strong></span> <span class='ocrx_word' id='word_1_162' title='bbox 418 1606 464 1636; x_wconf 88' lang='lat' dir='ltr'><strong>sic</strong></span> <span class='ocrx_word' id='word_1_163' title='bbox 493 1607 721 1646; x_wconf 88' lang='lat' dir='ltr'><strong>reponendum</strong></span> <span class='ocrx_word' id='word_1_164' title='bbox 758 1607 890 1638; x_wconf 86' lang='lat' dir='ltr'><strong>videtur</strong></span> <span class='ocrx_word' id='word_1_165' title='bbox 917 1617 948 1647; x_wconf 92' lang='lat' dir='ltr'><strong>p.</strong></span> <span class='ocrx_word' id='word_1_166' title='bbox 974 1607 976 1627; x_wconf 67' lang='lat'><em>¹</em></span> 
     </span>
     <span class='ocr_line' id='line_1_23' title="bbox 90 1656 976 1698; baseline 0.003 -10"><span class='ocrx_word' id='word_1_167' title='bbox 90 1656 185 1688; x_wconf 85' lang='lat' dir='ltr'><strong>Caec.</strong></span> <span class='ocrx_word' id='word_1_168' title='bbox 208 1657 248 1687; x_wconf 77' lang='lat'><strong>49</strong></span> <span class='ocrx_word' id='word_1_169' title='bbox 271 1667 329 1698; x_wconf 90' lang='lat' dir='ltr'><strong>pro</strong></span> <span class='ocrx_word' id='word_1_170' title='bbox 358 1658 409 1687; x_wconf 83' lang='lat' dir='ltr'><strong>An</strong></span> <span class='ocrx_word' id='word_1_171' title='bbox 439 1660 473 1688; x_wconf 75' lang='lat' dir='ltr'><strong>tu</strong></span> <span class='ocrx_word' id='word_1_172' title='bbox 494 1676 535 1680; x_wconf 86' lang='lat'><strong>—</strong></span> <span class='ocrx_word' id='word_1_173' title='bbox 558 1658 723 1698; x_wconf 65' lang='lat' dir='ltr'><strong>poterisne</strong></span> <span class='ocrx_word' id='word_1_174' title='bbox 755 1659 861 1690; x_wconf 69' lang='lat' dir='ltr'><strong>dicere</strong></span> <span class='ocrx_word' id='word_1_175' title='bbox 881 1659 951 1689; x_wconf 58' lang='grc' dir='ltr'><strong>-Ρ</strong></span> <span class='ocrx_word' id='word_1_176' title='bbox 974 1673 976 1692; x_wconf 64' lang='lat'>2</span> 
     </span>
     <span class='ocr_line' id='line_1_24' title="bbox 90 1701 975 1752; baseline 0.005 -12"><span class='ocrx_word' id='word_1_177' title='bbox 90 1709 198 1740; x_wconf 83' lang='lat' dir='ltr'><strong>Paulo</strong></span> <span class='ocrx_word' id='word_1_178' title='bbox 222 1710 354 1749; x_wconf 82' lang='lat' dir='ltr'><strong>gravius</strong></span> <span class='ocrx_word' id='word_1_179' title='bbox 378 1714 425 1741; x_wconf 87' lang='lat' dir='ltr'><strong>est</strong></span> <span class='ocrx_word' id='word_1_180' title='bbox 447 1711 510 1740; x_wconf 76' lang='lat' dir='ltr'><strong>Ain</strong></span> <span class='ocrx_word' id='word_1_181' title='bbox 534 1710 659 1741; x_wconf 79' lang='lat' dir='ltr'><strong>tandem</strong></span> <span class='ocrx_word' id='word_1_182' title='bbox 668 1711 687 1741; x_wconf 67' lang='grc' dir='ltr'><strong>,Ρ</strong></span> <span class='ocrx_word' id='word_1_183' title='bbox 710 1712 750 1743; x_wconf 90' lang='lat' dir='ltr'><strong>de</strong></span> <span class='ocrx_word' id='word_1_184' title='bbox 773 1722 837 1752; x_wconf 91' lang='lat' dir='ltr'><strong>quo</strong></span> <span class='ocrx_word' id='word_1_185' title='bbox 860 1713 950 1744; x_wconf 77' lang='lat' dir='ltr'><strong>dixe·</strong></span> <span class='ocrx_word' id='word_1_186' title='bbox 974 1701 975 1724; x_wconf 55' lang='lat'><em>³</em></span> 
     </span>
     <span class='ocr_line' id='line_1_25' title="bbox 90 1759 975 1802; baseline 0.002 -8"><span class='ocrx_word' id='word_1_187' title='bbox 90 1769 167 1794; x_wconf 86' lang='lat' dir='ltr'><strong>runt</strong></span> <span class='ocrx_word' id='word_1_188' title='bbox 185 1764 357 1795; x_wconf 80' lang='lat' dir='ltr'><strong>Manutius</strong></span> <span class='ocrx_word' id='word_1_189' title='bbox 380 1764 420 1794; x_wconf 88' lang='lat' dir='ltr'><strong>ad</strong></span> <span class='ocrx_word' id='word_1_190' title='bbox 442 1763 535 1794; x_wconf 82' lang='lat' dir='ltr'><strong>Fam.</strong></span> <span class='ocrx_word' id='word_1_191' title='bbox 558 1764 622 1796; x_wconf 88' lang='lat' dir='ltr'><strong>IX.</strong></span> <span class='ocrx_word' id='word_1_192' title='bbox 645 1765 694 1802; x_wconf 81' lang='lat'><strong>21,</strong></span> <span class='ocrx_word' id='word_1_193' title='bbox 719 1765 735 1795; x_wconf 91' lang='lat' dir='ltr'><strong>l</strong></span> <span class='ocrx_word' id='word_1_194' title='bbox 758 1771 790 1796; x_wconf 92' lang='lat' dir='ltr'><strong>et</strong></span> <span class='ocrx_word' id='word_1_195' title='bbox 805 1765 950 1797; x_wconf 54' lang='lat' dir='ltr'><strong>KVunde·</strong></span> <span class='ocrx_word' id='word_1_196' title='bbox 974 1759 975 1763; x_wconf 33' lang='lat'>¹</span> 
     </span>
     <span class='ocr_line' id='line_1_26' title="bbox 90 1816 950 1859; baseline 0.003 -12"><span class='ocrx_word' id='word_1_197' title='bbox 90 1826 144 1847; x_wconf 86' lang='lat' dir='ltr'><strong>rus</strong></span> <span class='ocrx_word' id='word_1_198' title='bbox 167 1817 207 1847; x_wconf 89' lang='lat' dir='ltr'><strong>ad</strong></span> <span class='ocrx_word' id='word_1_199' title='bbox 227 1816 351 1854; x_wconf 65' lang='lat' dir='ltr'><strong>Plane„</strong></span> <span class='ocrx_word' id='word_1_200' title='bbox 373 1817 423 1847; x_wconf 81' lang='lat'><strong>49.</strong></span> <span class='ocrx_word' id='word_1_201' title='bbox 459 1817 535 1847; x_wconf 90' lang='lat' dir='ltr'><strong>Non</strong></span> <span class='ocrx_word' id='word_1_202' title='bbox 565 1828 660 1858; x_wconf 82' lang='lat' dir='ltr'><strong>posse</strong></span> <span class='ocrx_word' id='word_1_203' title='bbox 689 1818 741 1849; x_wconf 89' lang='lat' dir='ltr'><strong>his</strong></span> <span class='ocrx_word' id='word_1_204' title='bbox 771 1819 950 1859; x_wconf 82' lang='lat' dir='ltr'><strong>interroga-</strong></span> 
     </span>
     <span class='ocr_line' id='line_1_27' title="bbox 89 1869 975 1912; baseline 0.003 -13"><span class='ocrx_word' id='word_1_205' title='bbox 89 1869 235 1900; x_wconf 84' lang='lat' dir='ltr'><strong>tionibus</strong></span> <span class='ocrx_word' id='word_1_206' title='bbox 256 1880 298 1899; x_wconf 71' lang='lat' dir='ltr'><strong>an</strong></span> <span class='ocrx_word' id='word_1_207' title='bbox 321 1869 439 1900; x_wconf 90' lang='lat' dir='ltr'><strong>subiici</strong></span> <span class='ocrx_word' id='word_1_208' title='bbox 460 1870 559 1901; x_wconf 87' lang='lat' dir='ltr'><strong>multi</strong></span> <span class='ocrx_word' id='word_1_209' title='bbox 582 1870 834 1909; x_wconf 84' lang='lat' dir='ltr'><strong>intellexerunt,</strong></span> <span class='ocrx_word' id='word_1_210' title='bbox 867 1882 949 1912; x_wconf 89' lang='lat' dir='ltr'><strong>quos</strong></span> <span class='ocrx_word' id='word_1_211' title='bbox 973 1872 975 1878; x_wconf 62' lang='lat'>‘</span> 
     </span>
     <span class='ocr_line' id='line_1_28' title="bbox 89 1921 947 1962; baseline 0.005 -11"><span class='ocrx_word' id='word_1_212' title='bbox 89 1921 238 1952; x_wconf 85' lang='lat' dir='ltr'><strong>laudatos</strong></span> <span class='ocrx_word' id='word_1_213' title='bbox 260 1922 387 1953; x_wconf 85' lang='lat' dir='ltr'><strong>videbis</strong></span> <span class='ocrx_word' id='word_1_214' title='bbox 410 1932 428 1952; x_wconf 89' lang='lat' dir='ltr'><strong>a</strong></span> <span class='ocrx_word' id='word_1_215' title='bbox 450 1921 612 1962; x_wconf 80' lang='lat' dir='ltr'><strong>Seyfferto</strong></span> <span class='ocrx_word' id='word_1_216' title='bbox 636 1924 677 1953; x_wconf 89' lang='lat' dir='ltr'><strong>ad</strong></span> <span class='ocrx_word' id='word_1_217' title='bbox 700 1924 798 1955; x_wconf 86' lang='lat' dir='ltr'><strong>Tusc.</strong></span> <span class='ocrx_word' id='word_1_218' title='bbox 824 1924 866 1955; x_wconf 91' lang='lat' dir='ltr'><strong>V.</strong></span> <span class='ocrx_word' id='word_1_219' title='bbox 898 1926 947 1955; x_wconf 86' lang='lat'><strong>35.</strong></span> 
     </span>
     <span class='ocr_line' id='line_1_29' title="bbox 90 1975 948 2018; baseline 0.006 -14"><span class='ocrx_word' id='word_1_220' title='bbox 90 1975 204 2013; x_wconf 75' lang='lat' dir='ltr'><strong>Quum</strong></span> <span class='ocrx_word' id='word_1_221' title='bbox 226 1980 336 2007; x_wconf 87' lang='lat' dir='ltr'><strong>autem</strong></span> <span class='ocrx_word' id='word_1_222' title='bbox 359 1981 391 2006; x_wconf 93' lang='lat' dir='ltr'><strong>et</strong></span> <span class='ocrx_word' id='word_1_223' title='bbox 413 1976 473 2006; x_wconf 91' lang='lat' dir='ltr'><strong>illo</strong></span> <span class='ocrx_word' id='word_1_224' title='bbox 495 1976 568 2007; x_wconf 91' lang='lat' dir='ltr'><strong>loco</strong></span> <span class='ocrx_word' id='word_1_225' title='bbox 591 1981 622 2007; x_wconf 90' lang='lat' dir='ltr'><strong>et</strong></span> <span class='ocrx_word' id='word_1_226' title='bbox 643 1977 715 2015; x_wconf 86' lang='grc'><strong>1106,</strong></span> <span class='ocrx_word' id='word_1_227' title='bbox 739 1977 774 2008; x_wconf 87' lang='grc'><strong>111</strong></span> <span class='ocrx_word' id='word_1_228' title='bbox 798 1988 864 2018; x_wconf 91' lang='lat' dir='ltr'><strong>quo</strong></span> <span class='ocrx_word' id='word_1_229' title='bbox 878 1988 948 2009; x_wconf 90' lang='lat' dir='ltr'><strong>ver-</strong></span> 
     </span>
     <span class='ocr_line' id='line_1_30' title="bbox 88 2029 947 2070; baseline 0.005 -11"><span class='ocrx_word' id='word_1_230' title='bbox 88 2038 208 2067; x_wconf 88' lang='lat' dir='ltr'><strong>samur,</strong></span> <span class='ocrx_word' id='word_1_231' title='bbox 231 2029 308 2060; x_wconf 84' lang='lat' dir='ltr'><strong>libri</strong></span> <span class='ocrx_word' id='word_1_232' title='bbox 330 2030 442 2070; x_wconf 88' lang='lat' dir='ltr'><strong>scripti</strong></span> <span class='ocrx_word' id='word_1_233' title='bbox 465 2031 643 2070; x_wconf 85' lang='lat' dir='ltr'><strong>praebeant</strong></span> <span class='ocrx_word' id='word_1_234' title='bbox 673 2042 716 2062; x_wconf 73' lang='lat' dir='ltr'><strong>un</strong></span> <span class='ocrx_word' id='word_1_235' title='bbox 744 2033 778 2062; x_wconf 78' lang='lat' dir='ltr'><strong>tu</strong></span> <span class='ocrx_word' id='word_1_236' title='bbox 808 2043 860 2070; x_wconf 75' lang='lat' dir='ltr'><strong>an,</strong></span> <span class='ocrx_word' id='word_1_237' title='bbox 890 2033 947 2064; x_wconf 93' lang='lat' dir='ltr'><strong>ille</strong></span> 
     </span>
     <span class='ocr_line' id='line_1_31' title="bbox 88 2083 948 2124; baseline 0.003 -11"><span class='ocrx_word' id='word_1_238' title='bbox 88 2083 270 2123; x_wconf 87' lang='lat' dir='ltr'><strong>suspicatur</strong></span> <span class='ocrx_word' id='word_1_239' title='bbox 303 2083 400 2114; x_wconf 90' lang='lat' dir='ltr'><strong>initio</strong></span> <span class='ocrx_word' id='word_1_240' title='bbox 429 2084 586 2124; x_wconf 89' lang='lat' dir='ltr'><strong>scriptum</strong></span> <span class='ocrx_word' id='word_1_241' title='bbox 615 2084 716 2116; x_wconf 81' lang='lat' dir='ltr'><strong>fuisse</strong></span> <span class='ocrx_word' id='word_1_242' title='bbox 746 2085 801 2115; x_wconf 77' lang='lat' dir='ltr'><strong>az&#39;n</strong></span> <span class='ocrx_word' id='word_1_243' title='bbox 829 2088 885 2116; x_wconf 65' lang='lat' dir='ltr'><strong>ltin</strong></span> <span class='ocrx_word' id='word_1_244' title='bbox 908 2099 948 2112; x_wconf 71' lang='lat'><strong>:-</strong></span> 
     </span>
     <span class='ocr_line' id='line_1_32' title="bbox 89 2136 947 2177; baseline 0.006 -12"><span class='ocrx_word' id='word_1_245' title='bbox 89 2136 143 2166; x_wconf 77' lang='lat' dir='ltr'><strong>ain</strong></span> <span class='ocrx_word' id='word_1_246' title='bbox 166 2136 320 2166; x_wconf 79' lang='lat' dir='ltr'><strong>taudem?</strong></span> <span class='ocrx_word' id='word_1_247' title='bbox 342 2137 440 2177; x_wconf 85' lang='lat' dir='ltr'><strong>idque</strong></span> <span class='ocrx_word' id='word_1_248' title='bbox 464 2137 497 2167; x_wconf 88' lang='lat' dir='ltr'><strong>in</strong></span> <span class='ocrx_word' id='word_1_249' title='bbox 521 2138 619 2168; x_wconf 86' lang='lat' dir='ltr'><strong>Tusc.</strong></span> <span class='ocrx_word' id='word_1_250' title='bbox 639 2139 783 2169; x_wconf 80' lang='lat' dir='ltr'><strong>restituit</strong></span> <span class='ocrx_word' id='word_1_251' title='bbox 805 2144 836 2170; x_wconf 87' lang='lat' dir='ltr'><strong>et</strong></span> <span class='ocrx_word' id='word_1_252' title='bbox 868 2139 901 2169; x_wconf 91' lang='lat' dir='ltr'><strong>h.</strong></span> <span class='ocrx_word' id='word_1_253' title='bbox 925 2139 947 2170; x_wconf 94' lang='grc'><strong>1.</strong></span> 
     </span>
     <span class='ocr_line' id='line_1_33' title="bbox 86 2189 948 2230; baseline 0.005 -11"><span class='ocrx_word' id='word_1_254' title='bbox 86 2189 213 2220; x_wconf 89' lang='lat' dir='ltr'><strong>restitui</strong></span> <span class='ocrx_word' id='word_1_255' title='bbox 235 2189 339 2220; x_wconf 87' lang='lat' dir='ltr'><strong>iussit.</strong></span> <span class='ocrx_word' id='word_1_256' title='bbox 375 2189 566 2230; x_wconf 84' lang='lat' dir='ltr'><strong>Simplicius</strong></span> <span class='ocrx_word' id='word_1_257' title='bbox 595 2191 678 2221; x_wconf 91' lang='lat' dir='ltr'><strong>mihi</strong></span> <span class='ocrx_word' id='word_1_258' title='bbox 700 2191 809 2222; x_wconf 84' lang='lat' dir='ltr'><strong>visum</strong></span> <span class='ocrx_word' id='word_1_259' title='bbox 831 2203 873 2222; x_wconf 76' lang='lat' dir='ltr'><strong>un</strong></span> <span class='ocrx_word' id='word_1_260' title='bbox 895 2193 948 2224; x_wconf 90' lang='lat' dir='ltr'><strong>de-</strong></span> 
     </span>
     <span class='ocr_line' id='line_1_34' title="bbox 88 2242 948 2284; baseline 0.003 -11"><span class='ocrx_word' id='word_1_261' title='bbox 88 2242 164 2279; x_wconf 90' lang='lat' dir='ltr'><strong>lere,</strong></span> <span class='ocrx_word' id='word_1_262' title='bbox 188 2243 276 2283; x_wconf 89' lang='lat' dir='ltr'><strong>quod</strong></span> <span class='ocrx_word' id='word_1_263' title='bbox 304 2253 371 2274; x_wconf 92' lang='lat' dir='ltr'><strong>non</strong></span> <span class='ocrx_word' id='word_1_264' title='bbox 400 2248 507 2283; x_wconf 88' lang='lat' dir='ltr'><strong>potest</strong></span> <span class='ocrx_word' id='word_1_265' title='bbox 536 2244 695 2284; x_wconf 84' lang='lat' dir='ltr'><strong>explicari</strong></span> <span class='ocrx_word' id='word_1_266' title='bbox 726 2254 768 2276; x_wconf 76' lang='lat' dir='ltr'><strong>ex</strong></span> <span class='ocrx_word' id='word_1_267' title='bbox 797 2245 857 2275; x_wconf 89' lang='lat' dir='ltr'><strong>illo</strong></span> <span class='ocrx_word' id='word_1_268' title='bbox 886 2255 948 2276; x_wconf 89' lang='lat' dir='ltr'><strong>usu</strong></span> 
     </span>
     <span class='ocr_line' id='line_1_35' title="bbox 88 2297 946 2337; baseline 0.003 -10"><span class='ocrx_word' id='word_1_269' title='bbox 88 2297 258 2334; x_wconf 85' lang='lat' dir='ltr'><strong>sermonis,</strong></span> <span class='ocrx_word' id='word_1_270' title='bbox 281 2302 381 2337; x_wconf 88' lang='lat' dir='ltr'><strong>quem</strong></span> <span class='ocrx_word' id='word_1_271' title='bbox 403 2298 642 2329; x_wconf 86' lang='lat' dir='ltr'><strong>demonstravit</strong></span> <span class='ocrx_word' id='word_1_272' title='bbox 664 2298 778 2329; x_wconf 82' lang='lat' dir='ltr'><strong>Madv.</strong></span> <span class='ocrx_word' id='word_1_273' title='bbox 801 2300 842 2329; x_wconf 87' lang='lat' dir='ltr'><strong>ad</strong></span> <span class='ocrx_word' id='word_1_274' title='bbox 870 2299 946 2330; x_wconf 87' lang='lat' dir='ltr'><strong>Fin.</strong></span> 
     </span>
     <span class='ocr_line' id='line_1_36' title="bbox 88 2350 192 2391; baseline 0 -11"><span class='ocrx_word' id='word_1_275' title='bbox 88 2360 118 2391; x_wconf 89' lang='lat' dir='ltr'><strong>p.</strong></span> <span class='ocrx_word' id='word_1_276' title='bbox 142 2350 192 2381; x_wconf 88' lang='grc'><strong>61.</strong></span> 
     </span>
    </p>

    <p class='ocr_par' dir='ltr' id='par_1_15' title="bbox 86 2403 948 3194">
     <span class='ocr_line' id='line_1_37' title="bbox 132 2403 948 2446; baseline 0.005 -13"><span class='ocrx_word' id='word_1_277' title='bbox 132 2403 194 2434; x_wconf 85' lang='lat' dir='ltr'><strong>Cur</strong></span> <span class='ocrx_word' id='word_1_278' title='bbox 214 2403 313 2445; x_wconf 69' lang='lat' dir='ltr'><strong>iyitur</strong></span> <span class='ocrx_word' id='word_1_279' title='bbox 335 2404 475 2446; x_wconf 75' lang='lat' dir='ltr'><strong>cuiquam</strong></span> <span class='ocrx_word' id='word_1_280' title='bbox 499 2405 570 2435; x_wconf 74' lang='lat' dir='ltr'><strong>misi</strong></span> <span class='ocrx_word' id='word_1_281' title='bbox 584 2405 708 2445; x_wconf 75' lang='lat' dir='ltr'><strong>prius?</strong></span> <span class='ocrx_word' id='word_1_282' title='bbox 730 2405 948 2437; x_wconf 88' lang='lat' dir='ltr'><strong>Manifestum</strong></span> 
     </span>
     <span class='ocr_line' id='line_1_38' title="bbox 88 2460 948 2503; baseline 0.002 -12"><span class='ocrx_word' id='word_1_283' title='bbox 88 2464 136 2491; x_wconf 89' lang='lat' dir='ltr'><strong>est</strong></span> <span class='ocrx_word' id='word_1_284' title='bbox 158 2470 216 2501; x_wconf 89' lang='lat' dir='ltr'><strong>per</strong></span> <span class='ocrx_word' id='word_1_285' title='bbox 235 2460 298 2491; x_wconf 89' lang='lat' dir='ltr'><strong>hoc</strong></span> <span class='ocrx_word' id='word_1_286' title='bbox 320 2465 449 2501; x_wconf 89' lang='lat' dir='ltr'><strong>tempus</strong></span> <span class='ocrx_word' id='word_1_287' title='bbox 473 2460 669 2492; x_wconf 82' lang='lat' dir='ltr'><strong>Ciceronem</strong></span> <span class='ocrx_word' id='word_1_288' title='bbox 692 2462 827 2502; x_wconf 83' lang='lat' dir='ltr'><strong>aliquod</strong></span> <span class='ocrx_word' id='word_1_289' title='bbox 849 2463 948 2503; x_wconf 85' lang='lat' dir='ltr'><strong>scrip-</strong></span> 
     </span>
     <span class='ocr_line' id='line_1_39' title="bbox 87 2514 947 2556; baseline 0.005 -12"><span class='ocrx_word' id='word_1_290' title='bbox 87 2518 159 2545; x_wconf 86' lang='lat' dir='ltr'><strong>tum</strong></span> <span class='ocrx_word' id='word_1_291' title='bbox 182 2514 313 2546; x_wconf 83' lang='lat' dir='ltr'><strong>Caesari</strong></span> <span class='ocrx_word' id='word_1_292' title='bbox 340 2515 477 2553; x_wconf 85' lang='lat' dir='ltr'><strong>misisse,</strong></span> <span class='ocrx_word' id='word_1_293' title='bbox 507 2526 573 2556; x_wconf 88' lang='lat' dir='ltr'><strong>quo</strong></span> <span class='ocrx_word' id='word_1_294' title='bbox 603 2517 790 2548; x_wconf 86' lang='lat' dir='ltr'><strong>ostenderet</strong></span> <span class='ocrx_word' id='word_1_295' title='bbox 820 2523 947 2548; x_wconf 86' lang='lat' dir='ltr'><strong>veteres</strong></span> 
     </span>
     <span class='ocr_line' id='line_1_40' title="bbox 88 2566 947 2610; baseline 0.003 -13"><span class='ocrx_word' id='word_1_296' title='bbox 88 2566 287 2598; x_wconf 78' lang='lat' dir='ltr'><strong>offensiones</strong></span> <span class='ocrx_word' id='word_1_297' title='bbox 320 2577 354 2599; x_wconf 91' lang='lat' dir='ltr'><strong>se</strong></span> <span class='ocrx_word' id='word_1_298' title='bbox 387 2567 575 2608; x_wconf 89' lang='lat' dir='ltr'><strong>deposuisse</strong></span> <span class='ocrx_word' id='word_1_299' title='bbox 605 2574 637 2600; x_wconf 87' lang='lat' dir='ltr'><strong>et</strong></span> <span class='ocrx_word' id='word_1_300' title='bbox 666 2569 781 2600; x_wconf 86' lang='lat' dir='ltr'><strong>relicta</strong></span> <span class='ocrx_word' id='word_1_301' title='bbox 812 2569 947 2610; x_wconf 90' lang='lat' dir='ltr'><strong>optima-</strong></span> 
     </span>
     <span class='ocr_line' id='line_1_41' title="bbox 86 2620 947 2663; baseline 0.005 -13"><span class='ocrx_word' id='word_1_302' title='bbox 86 2620 170 2651; x_wconf 89' lang='lat' dir='ltr'><strong>tium</strong></span> <span class='ocrx_word' id='word_1_303' title='bbox 192 2630 289 2651; x_wconf 85' lang='lat' dir='ltr'><strong>eausa</strong></span> <span class='ocrx_word' id='word_1_304' title='bbox 310 2631 387 2652; x_wconf 87' lang='lat' dir='ltr'><strong>cum</strong></span> <span class='ocrx_word' id='word_1_305' title='bbox 410 2631 448 2653; x_wconf 93' lang='lat' dir='ltr'><strong>eo</strong></span> <span class='ocrx_word' id='word_1_306' title='bbox 471 2631 505 2653; x_wconf 88' lang='lat' dir='ltr'><strong>se</strong></span> <span class='ocrx_word' id='word_1_307' title='bbox 527 2623 729 2663; x_wconf 82' lang='lat' dir='ltr'><strong>coniungere</strong></span> <span class='ocrx_word' id='word_1_308' title='bbox 751 2623 847 2654; x_wconf 87' lang='lat' dir='ltr'><strong>velle.</strong></span> <span class='ocrx_word' id='word_1_309' title='bbox 881 2623 947 2655; x_wconf 87' lang='lat' dir='ltr'><strong>Sed</strong></span> 
     </span>
     <span class='ocr_line' id='line_1_42' title="bbox 88 2674 946 2716; baseline 0.005 -12"><span class='ocrx_word' id='word_1_310' title='bbox 88 2674 181 2705; x_wconf 88' lang='lat' dir='ltr'><strong>cuius</strong></span> <span class='ocrx_word' id='word_1_311' title='bbox 217 2675 347 2715; x_wconf 80' lang='lat' dir='ltr'><strong>generis</strong></span> <span class='ocrx_word' id='word_1_312' title='bbox 383 2675 541 2716; x_wconf 86' lang='lat' dir='ltr'><strong>seriptum</strong></span> <span class='ocrx_word' id='word_1_313' title='bbox 575 2675 682 2714; x_wconf 83' lang='lat' dir='ltr'><strong>fuerit,</strong></span> <span class='ocrx_word' id='word_1_314' title='bbox 724 2686 823 2708; x_wconf 88' lang='lat' dir='ltr'><strong>nemo</strong></span> <span class='ocrx_word' id='word_1_315' title='bbox 858 2682 946 2708; x_wconf 73' lang='lat' dir='ltr'><strong>certo</strong></span> 
     </span>
     <span class='ocr_line' id='line_1_43' title="bbox 90 2726 945 2771; baseline 0.005 -14"><span class='ocrx_word' id='word_1_316' title='bbox 90 2726 274 2758; x_wconf 82' lang='lat' dir='ltr'><strong>affirmabit.</strong></span> <span class='ocrx_word' id='word_1_317' title='bbox 297 2727 447 2759; x_wconf 88' lang='lat' dir='ltr'><strong>Fuerunt</strong></span> <span class='ocrx_word' id='word_1_318' title='bbox 469 2729 526 2769; x_wconf 91' lang='lat' dir='ltr'><strong>qui</strong></span> <span class='ocrx_word' id='word_1_319' title='bbox 541 2730 725 2769; x_wconf 83' lang='lat' dir='ltr'><strong>cogitarent</strong></span> <span class='ocrx_word' id='word_1_320' title='bbox 740 2731 780 2761; x_wconf 88' lang='lat' dir='ltr'><strong>de</strong></span> <span class='ocrx_word' id='word_1_321' title='bbox 798 2730 945 2771; x_wconf 85' lang='lat' dir='ltr'><strong>epistola,</strong></span> 
     </span>
     <span class='ocr_line' id='line_1_44' title="bbox 89 2782 947 2825; baseline 0.003 -12"><span class='ocrx_word' id='word_1_322' title='bbox 89 2783 178 2823; x_wconf 87' lang='lat' dir='ltr'><strong>quod</strong></span> <span class='ocrx_word' id='word_1_323' title='bbox 200 2782 273 2814; x_wconf 85' lang='lat' dir='ltr'><strong>ideo</strong></span> <span class='ocrx_word' id='word_1_324' title='bbox 296 2783 406 2814; x_wconf 88' lang='lat' dir='ltr'><strong>minus</strong></span> <span class='ocrx_word' id='word_1_325' title='bbox 428 2784 616 2816; x_wconf 82' lang='lat' dir='ltr'><strong>verosimile</strong></span> <span class='ocrx_word' id='word_1_326' title='bbox 638 2789 726 2825; x_wconf 90' lang='lat' dir='ltr'><strong>puto,</strong></span> <span class='ocrx_word' id='word_1_327' title='bbox 748 2785 835 2825; x_wconf 83' lang='lat' dir='ltr'><strong>quod</strong></span> <span class='ocrx_word' id='word_1_328' title='bbox 860 2785 947 2816; x_wconf 89' lang='lat' dir='ltr'><strong>Atti-</strong></span> 
     </span>
     <span class='ocr_line' id='line_1_45' title="bbox 87 2836 946 2878; baseline 0.003 -12"><span class='ocrx_word' id='word_1_329' title='bbox 87 2846 145 2867; x_wconf 90' lang='lat' dir='ltr'><strong>cus</strong></span> <span class='ocrx_word' id='word_1_330' title='bbox 168 2846 235 2867; x_wconf 90' lang='lat' dir='ltr'><strong>non</strong></span> <span class='ocrx_word' id='word_1_331' title='bbox 258 2836 455 2877; x_wconf 85' lang='lat' dir='ltr'><strong>postulasset</strong></span> <span class='ocrx_word' id='word_1_332' title='bbox 478 2837 651 2878; x_wconf 89' lang='lat' dir='ltr'><strong>epistolam</strong></span> <span class='ocrx_word' id='word_1_333' title='bbox 681 2839 721 2868; x_wconf 85' lang='lat' dir='ltr'><strong>ad</strong></span> <span class='ocrx_word' id='word_1_334' title='bbox 751 2838 854 2869; x_wconf 88' lang='lat' dir='ltr'><strong>alium</strong></span> <span class='ocrx_word' id='word_1_335' title='bbox 882 2838 946 2869; x_wconf 84' lang='lat' dir='ltr'><strong>sibi</strong></span> 
     </span>
     <span class='ocr_line' id='line_1_46' title="bbox 89 2889 945 2930; baseline 0.005 -12"><span class='ocrx_word' id='word_1_336' title='bbox 89 2889 195 2929; x_wconf 89' lang='lat' dir='ltr'><strong>primo</strong></span> <span class='ocrx_word' id='word_1_337' title='bbox 224 2889 320 2926; x_wconf 85' lang='lat' dir='ltr'><strong>mitti,</strong></span> <span class='ocrx_word' id='word_1_338' title='bbox 354 2898 469 2930; x_wconf 86' lang='lat' dir='ltr'><strong>neque,</strong></span> <span class='ocrx_word' id='word_1_339' title='bbox 500 2895 537 2921; x_wconf 88' lang='lat' dir='ltr'><strong>ut</strong></span> <span class='ocrx_word' id='word_1_340' title='bbox 569 2890 711 2921; x_wconf 88' lang='lat' dir='ltr'><strong>Ernesto</strong></span> <span class='ocrx_word' id='word_1_341' title='bbox 746 2891 855 2921; x_wconf 88' lang='lat' dir='ltr'><strong>visum</strong></span> <span class='ocrx_word' id='word_1_342' title='bbox 888 2895 945 2929; x_wconf 86' lang='lat' dir='ltr'><strong>est,</strong></span> 
     </span>
     <span class='ocr_line' id='line_1_47' title="bbox 89 2939 946 2982; baseline 0.004 -11"><span class='ocrx_word' id='word_1_343' title='bbox 89 2942 206 2981; x_wconf 61' lang='lat' dir='ltr'><strong>pocula</strong></span> <span class='ocrx_word' id='word_1_344' title='bbox 234 2941 274 2971; x_wconf 88' lang='lat' dir='ltr'><strong>de</strong></span> <span class='ocrx_word' id='word_1_345' title='bbox 297 2939 470 2972; x_wconf 74' lang='lat' dir='ltr'><strong>consulatu</strong></span> <span class='ocrx_word' id='word_1_346' title='bbox 491 2941 555 2972; x_wconf 91' lang='lat' dir='ltr'><strong>huc</strong></span> <span class='ocrx_word' id='word_1_347' title='bbox 576 2942 729 2982; x_wconf 86' lang='lat' dir='ltr'><strong>pertinet.</strong></span> <span class='ocrx_word' id='word_1_348' title='bbox 753 2941 946 2975; x_wconf 86' lang='lat' dir='ltr'><strong>Orationem</strong></span> 
     </span>
     <span class='ocr_line' id='line_1_48' title="bbox 90 2992 945 3034; baseline 0.004 -10"><span class='ocrx_word' id='word_1_349' title='bbox 90 3003 148 3034; x_wconf 90' lang='lat' dir='ltr'><strong>pro</strong></span> <span class='ocrx_word' id='word_1_350' title='bbox 169 2993 210 3024; x_wconf 89' lang='lat' dir='ltr'><strong>L.</strong></span> <span class='ocrx_word' id='word_1_351' title='bbox 233 2992 389 3025; x_wconf 89' lang='lat' dir='ltr'><strong>Cornelio</strong></span> <span class='ocrx_word' id='word_1_352' title='bbox 417 2994 534 3031; x_wconf 86' lang='lat' dir='ltr'><strong>Balbo,</strong></span> <span class='ocrx_word' id='word_1_353' title='bbox 570 3008 583 3019; x_wconf 68' lang='grc' dir='ltr'>υ</span> <span class='ocrx_word' id='word_1_354' title='bbox 597 2994 631 3025; x_wconf 86' lang='grc'><strong>111</strong></span> <span class='ocrx_word' id='word_1_355' title='bbox 660 2995 752 3025; x_wconf 88' lang='lat' dir='ltr'><strong>cuius</strong></span> <span class='ocrx_word' id='word_1_356' title='bbox 783 2995 876 3026; x_wconf 83' lang='lat' dir='ltr'><strong>exitu</strong></span> <span class='ocrx_word' id='word_1_357' title='bbox 905 2996 945 3027; x_wconf 90' lang='grc'><strong>(16</strong></span> 
     </span>
     <span class='ocr_line' id='line_1_49' title="bbox 90 3046 946 3088; baseline 0.005 -13"><span class='ocrx_word' id='word_1_358' title='bbox 90 3046 182 3077; x_wconf 90' lang='lat' dir='ltr'><strong>omni</strong></span> <span class='ocrx_word' id='word_1_359' title='bbox 203 3046 402 3087; x_wconf 86' lang='lat' dir='ltr'><strong>reipublicae</strong></span> <span class='ocrx_word' id='word_1_360' title='bbox 423 3047 587 3086; x_wconf 82' lang='lat' dir='ltr'><strong>gerendae</strong></span> <span class='ocrx_word' id='word_1_361' title='bbox 608 3047 737 3078; x_wconf 82' lang='lat' dir='ltr'><strong>ratione</strong></span> <span class='ocrx_word' id='word_1_362' title='bbox 758 3048 864 3088; x_wconf 88' lang='lat' dir='ltr'><strong>deque</strong></span> <span class='ocrx_word' id='word_1_363' title='bbox 897 3057 946 3079; x_wconf 94' lang='lat' dir='ltr'><strong>or-</strong></span> 
     </span>
     <span class='ocr_line' id='line_1_50' title="bbox 91 3098 945 3137; baseline 0.002 -8"><span class='ocrx_word' id='word_1_364' title='bbox 91 3099 200 3129; x_wconf 88' lang='lat' dir='ltr'><strong>nando</strong></span> <span class='ocrx_word' id='word_1_365' title='bbox 223 3098 361 3130; x_wconf 84' lang='lat' dir='ltr'><strong>Caesare</strong></span> <span class='ocrx_word' id='word_1_366' title='bbox 384 3098 428 3129; x_wconf 81' lang='lat' dir='ltr'><strong>ita</strong></span> <span class='ocrx_word' id='word_1_367' title='bbox 450 3099 580 3130; x_wconf 88' lang='lat' dir='ltr'><strong>locutus</strong></span> <span class='ocrx_word' id='word_1_368' title='bbox 603 3104 659 3137; x_wconf 82' lang='lat' dir='ltr'><strong>est,</strong></span> <span class='ocrx_word' id='word_1_369' title='bbox 682 3105 720 3131; x_wconf 86' lang='lat' dir='ltr'><strong>ut</strong></span> <span class='ocrx_word' id='word_1_370' title='bbox 750 3100 879 3131; x_wconf 90' lang='lat' dir='ltr'><strong>nobiles</strong></span> <span class='ocrx_word' id='word_1_371' title='bbox 909 3100 945 3131; x_wconf 91' lang='lat' dir='ltr'><strong>il-</strong></span> 
     </span>
     <span class='ocr_line' id='line_1_51' title="bbox 91 3151 945 3194; baseline 0.005 -13"><span class='ocrx_word' id='word_1_372' title='bbox 91 3151 150 3189; x_wconf 90' lang='lat' dir='ltr'><strong>los,</strong></span> <span class='ocrx_word' id='word_1_373' title='bbox 172 3161 253 3193; x_wconf 91' lang='lat' dir='ltr'><strong>quos</strong></span> <span class='ocrx_word' id='word_1_374' title='bbox 276 3153 472 3184; x_wconf 86' lang='lat' dir='ltr'><strong>deserendos</strong></span> <span class='ocrx_word' id='word_1_375' title='bbox 495 3161 565 3185; x_wconf 86' lang='lat' dir='ltr'><strong>esse</strong></span> <span class='ocrx_word' id='word_1_376' title='bbox 585 3153 653 3184; x_wconf 79' lang='lat' dir='ltr'><strong>iam</strong></span> <span class='ocrx_word' id='word_1_377' title='bbox 682 3153 817 3191; x_wconf 86' lang='lat' dir='ltr'><strong>videret,</strong></span> <span class='ocrx_word' id='word_1_378' title='bbox 845 3153 945 3194; x_wconf 85' lang='lat' dir='ltr'><strong>insig-</strong></span> 
     </span>
    </p>
   </div>
   <div class='ocr_carea' id='block_1_15' title="bbox 971 1725 976 2328">
    <p class='ocr_par' dir='ltr' id='par_1_16' title="bbox 971 1725 976 2328">
     <span class='ocr_line' id='line_1_52' title="bbox 971 1725 976 2328; baseline 0 0"><span class='ocrx_word' id='word_1_379' title='bbox 971 1725 976 2328; x_wconf 95' lang='lat' dir='ltr'><strong> </strong></span> 
     </span>
    </p>
   </div>
   <div class='ocr_carea' id='block_1_16' title="bbox 998 1498 1862 1808">
    <p class='ocr_par' dir='ltr' id='par_1_17' title="bbox 998 1498 1862 1743">
     <span class='ocr_line' id='line_1_53' title="bbox 1000 1498 1861 1540; baseline 0.005 -11"><span class='ocrx_word' id='word_1_380' title='bbox 1000 1499 1085 1530; x_wconf 92' lang='lat' dir='ltr'><strong>niter</strong></span> <span class='ocrx_word' id='word_1_381' title='bbox 1106 1499 1296 1530; x_wconf 74' lang='lat' dir='ltr'><strong>m01·deret”</strong></span> <span class='ocrx_word' id='word_1_382' title='bbox 1318 1498 1466 1540; x_wconf 85' lang='lat' dir='ltr'><strong>intelligi</strong></span> <span class='ocrx_word' id='word_1_383' title='bbox 1487 1500 1662 1532; x_wconf 83' lang='lat' dir='ltr'><strong>arbitratur</strong></span> <span class='ocrx_word' id='word_1_384' title='bbox 1684 1501 1810 1533; x_wconf 87' lang='lat' dir='ltr'><strong>Bakius</strong></span> <span class='ocrx_word' id='word_1_385' title='bbox 1826 1501 1861 1533; x_wconf 91' lang='lat' dir='ltr'><strong>in</strong></span> 
     </span>
     <span class='ocr_line' id='line_1_54' title="bbox 999 1551 1861 1593; baseline 0.003 -9"><span class='ocrx_word' id='word_1_386' title='bbox 999 1552 1087 1584; x_wconf 89' lang='lat' dir='ltr'><strong>Bibl.</strong></span> <span class='ocrx_word' id='word_1_387' title='bbox 1112 1551 1193 1584; x_wconf 88' lang='lat' dir='ltr'><strong>Crit.</strong></span> <span class='ocrx_word' id='word_1_388' title='bbox 1216 1552 1258 1583; x_wconf 89' lang='lat' dir='ltr'><strong>N.</strong></span> <span class='ocrx_word' id='word_1_389' title='bbox 1282 1553 1311 1583; x_wconf 92' lang='lat'><strong>1.</strong></span> <span class='ocrx_word' id='word_1_390' title='bbox 1332 1563 1362 1593; x_wconf 90' lang='lat' dir='ltr'><strong>p.</strong></span> <span class='ocrx_word' id='word_1_391' title='bbox 1388 1553 1458 1584; x_wconf 81' lang='lat'><strong>140.</strong></span> <span class='ocrx_word' id='word_1_392' title='bbox 1483 1553 1551 1592; x_wconf 84' lang='lat' dir='ltr'><strong>Qui</strong></span> <span class='ocrx_word' id='word_1_393' title='bbox 1573 1555 1732 1587; x_wconf 86' lang='lat' dir='ltr'><strong>mobilem</strong></span> <span class='ocrx_word' id='word_1_394' title='bbox 1755 1556 1861 1587; x_wconf 87' lang='lat' dir='ltr'><strong>Tullii</strong></span> 
     </span>
     <span class='ocr_line' id='line_1_55' title="bbox 999 1605 1862 1649; baseline 0.007 -14"><span class='ocrx_word' id='word_1_395' title='bbox 999 1610 1145 1636; x_wconf 87' lang='lat' dir='ltr'><strong>mentem</strong></span> <span class='ocrx_word' id='word_1_396' title='bbox 1169 1605 1300 1645; x_wconf 77' lang='lat' dir='ltr'><strong>cogitat,</strong></span> <span class='ocrx_word' id='word_1_397' title='bbox 1323 1606 1402 1636; x_wconf 90' lang='lat' dir='ltr'><strong>huic</strong></span> <span class='ocrx_word' id='word_1_398' title='bbox 1424 1606 1631 1640; x_wconf 86' lang='lat' dir='ltr'><strong>coniecturae</strong></span> <span class='ocrx_word' id='word_1_399' title='bbox 1647 1608 1777 1649; x_wconf 86' lang='lat' dir='ltr'><strong>ingenii</strong></span> <span class='ocrx_word' id='word_1_400' title='bbox 1793 1609 1862 1640; x_wconf 84' lang='lat' dir='ltr'><strong>lau-</strong></span> 
     </span>
     <span class='ocr_line' id='line_1_56' title="bbox 998 1658 1861 1704; baseline 0.007 -15"><span class='ocrx_word' id='word_1_401' title='bbox 998 1659 1073 1690; x_wconf 88' lang='lat' dir='ltr'><strong>dem</strong></span> <span class='ocrx_word' id='word_1_402' title='bbox 1103 1658 1240 1690; x_wconf 86' lang='lat' dir='ltr'><strong>fortasse</strong></span> <span class='ocrx_word' id='word_1_403' title='bbox 1270 1660 1438 1697; x_wconf 87' lang='lat' dir='ltr'><strong>concedet,</strong></span> <span class='ocrx_word' id='word_1_404' title='bbox 1468 1661 1525 1692; x_wconf 83' lang='lat' dir='ltr'><strong>sed</strong></span> <span class='ocrx_word' id='word_1_405' title='bbox 1554 1672 1615 1692; x_wconf 82' lang='lat' dir='ltr'><strong>non</strong></span> <span class='ocrx_word' id='word_1_406' title='bbox 1644 1662 1763 1703; x_wconf 79' lang='lat' dir='ltr'><strong>liquere</strong></span> <span class='ocrx_word' id='word_1_407' title='bbox 1790 1673 1861 1704; x_wconf 90' lang='lat' dir='ltr'><strong>pro-</strong></span> 
     </span>
     <span class='ocr_line' id='line_1_57' title="bbox 998 1712 1174 1743; baseline 0 -1"><span class='ocrx_word' id='word_1_408' title='bbox 998 1712 1174 1743; x_wconf 87' lang='lat' dir='ltr'><strong>nuntiabit.</strong></span> 
     </span>
    </p>

    <p class='ocr_par' dir='ltr' id='par_1_18' title="bbox 1041 1764 1858 1808">
     <span class='ocr_line' id='line_1_58' title="bbox 1041 1764 1858 1808; baseline 0.006 -13"><span class='ocrx_word' id='word_1_409' title='bbox 1041 1765 1161 1796; x_wconf 82' lang='lat' dir='ltr'><strong>Dudum</strong></span> <span class='ocrx_word' id='word_1_410' title='bbox 1190 1764 1392 1804; x_wconf 77' lang='lat' dir='ltr'><strong>circumrodo,</strong></span> <span class='ocrx_word' id='word_1_411' title='bbox 1429 1767 1512 1808; x_wconf 83' lang='lat' dir='ltr'><strong>quod</strong></span> <span class='ocrx_word' id='word_1_412' title='bbox 1548 1768 1763 1799; x_wconf 77' lang='lat' dir='ltr'><strong>devorandum</strong></span> <span class='ocrx_word' id='word_1_413' title='bbox 1801 1771 1858 1800; x_wconf 77' lang='lat' dir='ltr'><strong>est.</strong></span> 
     </span>
    </p>
   </div>
   <div class='ocr_carea' id='block_1_17' title="bbox 974 1814 1857 1859">
    <p class='ocr_par' dir='ltr' id='par_1_19' title="bbox 974 1814 1857 1859">
     <span class='ocr_line' id='line_1_59' title="bbox 974 1814 1857 1859; baseline 0.006 -10"><span class='ocrx_word' id='word_1_414' title='bbox 974 1814 1098 1850; x_wconf 62' lang='lat' dir='ltr'><strong>&#39;Recte</strong></span> <span class='ocrx_word' id='word_1_415' title='bbox 1126 1819 1207 1850; x_wconf 87' lang='lat' dir='ltr'><strong>haec</strong></span> <span class='ocrx_word' id='word_1_416' title='bbox 1237 1820 1338 1850; x_wconf 86' lang='lat' dir='ltr'><strong>verba</strong></span> <span class='ocrx_word' id='word_1_417' title='bbox 1367 1821 1455 1859; x_wconf 77' lang='lat' dir='ltr'><strong>expl.</strong></span> <span class='ocrx_word' id='word_1_418' title='bbox 1483 1821 1672 1853; x_wconf 85' lang='lat' dir='ltr'><strong>Manutius:</strong></span> <span class='ocrx_word' id='word_1_419' title='bbox 1705 1837 1718 1848; x_wconf 72' lang='lat' dir='ltr'><strong>u</strong></span> <span class='ocrx_word' id='word_1_420' title='bbox 1731 1823 1857 1854; x_wconf 85' lang='lat' dir='ltr'><strong>invitus</strong></span> 
     </span>
    </p>
   </div>
   <div class='ocr_carea' id='block_1_18' title="bbox 993 1871 1860 3187">
    <p class='ocr_par' dir='ltr' id='par_1_20' title="bbox 994 1871 1860 2664">
     <span class='ocr_line' id='line_1_60' title="bbox 997 1871 1860 1915; baseline 0.006 -14"><span class='ocrx_word' id='word_1_421' title='bbox 997 1871 1080 1908; x_wconf 87' lang='lat' dir='ltr'><strong>dico,</strong></span> <span class='ocrx_word' id='word_1_422' title='bbox 1105 1872 1193 1911; x_wconf 87' lang='lat' dir='ltr'><strong>quod</strong></span> <span class='ocrx_word' id='word_1_423' title='bbox 1215 1871 1393 1902; x_wconf 86' lang='lat' dir='ltr'><strong>dicendum</strong></span> <span class='ocrx_word' id='word_1_424' title='bbox 1415 1878 1526 1904; x_wconf 88' lang='lat' dir='ltr'><strong>tamen</strong></span> <span class='ocrx_word' id='word_1_425' title='bbox 1550 1875 1632 1905; x_wconf 80' lang='lat' dir='ltr'><strong>est.&#39;&#39;</strong></span> <span class='ocrx_word' id='word_1_426' title='bbox 1663 1874 1860 1915; x_wconf 87' lang='lat' dir='ltr'><strong>Metaphora</strong></span> 
     </span>
     <span class='ocr_line' id='line_1_61' title="bbox 996 1926 1859 1971; baseline 0.007 -16"><span class='ocrx_word' id='word_1_427' title='bbox 996 1926 1147 1956; x_wconf 87' lang='lat' dir='ltr'><strong>desumta</strong></span> <span class='ocrx_word' id='word_1_428' title='bbox 1169 1936 1188 1956; x_wconf 89' lang='lat' dir='ltr'><strong>a</strong></span> <span class='ocrx_word' id='word_1_429' title='bbox 1210 1926 1329 1966; x_wconf 83' lang='lat' dir='ltr'><strong>pueris,</strong></span> <span class='ocrx_word' id='word_1_430' title='bbox 1353 1927 1409 1966; x_wconf 89' lang='lat' dir='ltr'><strong>qui</strong></span> <span class='ocrx_word' id='word_1_431' title='bbox 1425 1927 1482 1958; x_wconf 86' lang='lat' dir='ltr'><strong>diu</strong></span> <span class='ocrx_word' id='word_1_432' title='bbox 1497 1928 1752 1967; x_wconf 88' lang='lat' dir='ltr'><strong>cireumrodunt,</strong></span> <span class='ocrx_word' id='word_1_433' title='bbox 1770 1930 1859 1971; x_wconf 91' lang='lat' dir='ltr'><strong>quod</strong></span> 
     </span>
     <span class='ocr_line' id='line_1_62' title="bbox 996 1978 1859 2014; baseline 0.008 -7"><span class='ocrx_word' id='word_1_434' title='bbox 996 1988 1063 2008; x_wconf 88' lang='lat' dir='ltr'><strong>non</strong></span> <span class='ocrx_word' id='word_1_435' title='bbox 1087 1978 1229 2009; x_wconf 87' lang='lat' dir='ltr'><strong>libenter</strong></span> <span class='ocrx_word' id='word_1_436' title='bbox 1250 1979 1438 2010; x_wconf 88' lang='lat' dir='ltr'><strong>comedunt.</strong></span> <span class='ocrx_word' id='word_1_437' title='bbox 1461 1979 1539 2011; x_wconf 86' lang='lat' dir='ltr'><strong>Non</strong></span> <span class='ocrx_word' id='word_1_438' title='bbox 1562 1981 1649 2012; x_wconf 88' lang='lat' dir='ltr'><strong>male</strong></span> <span class='ocrx_word' id='word_1_439' title='bbox 1672 1980 1859 2014; x_wconf 81' lang='lat' dir='ltr'><strong>Gronovius</strong></span> 
     </span>
     <span class='ocr_line' id='line_1_63' title="bbox 995 2030 1860 2070; baseline 0.006 -10"><span class='ocrx_word' id='word_1_440' title='bbox 995 2035 1163 2070; x_wconf 87' lang='lat' dir='ltr'><strong>comparat</strong></span> <span class='ocrx_word' id='word_1_441' title='bbox 1194 2039 1211 2061; x_wconf 86' lang='lat' dir='ltr'><strong>e</strong></span> <span class='ocrx_word' id='word_1_442' title='bbox 1241 2030 1352 2061; x_wconf 86' lang='lat' dir='ltr'><strong>Plauti</strong></span> <span class='ocrx_word' id='word_1_443' title='bbox 1386 2031 1583 2063; x_wconf 90' lang='lat' dir='ltr'><strong>Trinummo</strong></span> <span class='ocrx_word' id='word_1_444' title='bbox 1613 2043 1643 2063; x_wconf 86' lang='lat' dir='ltr'><strong>v.</strong></span> <span class='ocrx_word' id='word_1_445' title='bbox 1679 2034 1738 2064; x_wconf 78' lang='lat'><strong>925</strong></span> <span class='ocrx_word' id='word_1_446' title='bbox 1775 2034 1860 2065; x_wconf 75' lang='lat' dir='ltr'><strong>inter</strong></span> 
     </span>
     <span class='ocr_line' id='line_1_64' title="bbox 994 2082 1859 2128; baseline 0.008 -16"><span class='ocrx_word' id='word_1_447' title='bbox 994 2083 1084 2113; x_wconf 78' lang='lat' dir='ltr'><strong>labra</strong></span> <span class='ocrx_word' id='word_1_448' title='bbox 1114 2085 1208 2124; x_wconf 74' lang='lat' dir='ltr'><strong>atque</strong></span> <span class='ocrx_word' id='word_1_449' title='bbox 1236 2082 1346 2114; x_wconf 75' lang='lat' dir='ltr'><strong>dentes</strong></span> <span class='ocrx_word' id='word_1_450' title='bbox 1376 2084 1458 2115; x_wconf 77' lang='lat' dir='ltr'><strong>latet</strong></span> <span class='ocrx_word' id='word_1_451' title='bbox 1486 2085 1616 2125; x_wconf 68' lang='lat' dir='ltr'><strong>(teneo).</strong></span> <span class='ocrx_word' id='word_1_452' title='bbox 1652 2086 1751 2125; x_wconf 86' lang='lat' dir='ltr'><strong>Quod</strong></span> <span class='ocrx_word' id='word_1_453' title='bbox 1785 2092 1859 2128; x_wconf 84' lang='lat' dir='ltr'><strong>post</strong></span> 
     </span>
     <span class='ocr_line' id='line_1_65' title="bbox 995 2136 1858 2178; baseline 0.007 -12"><span class='ocrx_word' id='word_1_454' title='bbox 995 2136 1089 2167; x_wconf 80' lang='lat' dir='ltr'><strong>eliam</strong></span> <span class='ocrx_word' id='word_1_455' title='bbox 1112 2137 1210 2177; x_wconf 86' lang='lat' dir='ltr'><strong>plene</strong></span> <span class='ocrx_word' id='word_1_456' title='bbox 1234 2137 1436 2178; x_wconf 75' lang='lat' dir='ltr'><strong>interpunxi,</strong></span> <span class='ocrx_word' id='word_1_457' title='bbox 1461 2138 1523 2170; x_wconf 91' lang='lat' dir='ltr'><strong>feci</strong></span> <span class='ocrx_word' id='word_1_458' title='bbox 1546 2140 1693 2172; x_wconf 88' lang='lat' dir='ltr'><strong>eiusdem</strong></span> <span class='ocrx_word' id='word_1_459' title='bbox 1713 2141 1858 2172; x_wconf 89' lang='lat' dir='ltr'><strong>Manutii</strong></span> 
     </span>
     <span class='ocr_line' id='line_1_66' title="bbox 995 2189 1858 2232; baseline 0.007 -14"><span class='ocrx_word' id='word_1_460' title='bbox 995 2189 1132 2225; x_wconf 84' lang='lat' dir='ltr'><strong>monitu,</strong></span> <span class='ocrx_word' id='word_1_461' title='bbox 1156 2189 1213 2230; x_wconf 93' lang='lat' dir='ltr'><strong>qui</strong></span> <span class='ocrx_word' id='word_1_462' title='bbox 1236 2191 1408 2221; x_wconf 91' lang='lat' dir='ltr'><strong>commode</strong></span> <span class='ocrx_word' id='word_1_463' title='bbox 1436 2198 1605 2232; x_wconf 86' lang='lat' dir='ltr'><strong>comparat</strong></span> <span class='ocrx_word' id='word_1_464' title='bbox 1634 2193 1734 2223; x_wconf 89' lang='lat' dir='ltr'><strong>verba</strong></span> <span class='ocrx_word' id='word_1_465' title='bbox 1767 2202 1811 2224; x_wconf 85' lang='lat' dir='ltr'><strong>ex</strong></span> <span class='ocrx_word' id='word_1_466' title='bbox 1838 2192 1858 2224; x_wconf 96' lang='lat' dir='ltr'>I</span> 
     </span>
     <span class='ocr_line' id='line_1_67' title="bbox 997 2242 1857 2285; baseline 0.007 -12"><span class='ocrx_word' id='word_1_467' title='bbox 997 2243 1045 2280; x_wconf 89' lang='grc'><strong>13,</strong></span> <span class='ocrx_word' id='word_1_468' title='bbox 1080 2242 1108 2274; x_wconf 86' lang='grc'><strong>6.</strong></span> <span class='ocrx_word' id='word_1_469' title='bbox 1139 2243 1187 2274; x_wconf 92' lang='lat' dir='ltr'><strong>II.</strong></span> <span class='ocrx_word' id='word_1_470' title='bbox 1218 2243 1236 2274; x_wconf 87' lang='lat'><strong>6</strong></span> <span class='ocrx_word' id='word_1_471' title='bbox 1268 2249 1352 2275; x_wconf 80' lang='lat' dir='ltr'><strong>extr.</strong></span> <span class='ocrx_word' id='word_1_472' title='bbox 1381 2245 1470 2276; x_wconf 87' lang='lat' dir='ltr'><strong>Add.</strong></span> <span class='ocrx_word' id='word_1_473' title='bbox 1493 2246 1555 2277; x_wconf 89' lang='lat' dir='ltr'><strong>IV.</strong></span> <span class='ocrx_word' id='word_1_474' title='bbox 1579 2246 1597 2279; x_wconf 86' lang='lat'><strong>7</strong></span> <span class='ocrx_word' id='word_1_475' title='bbox 1621 2252 1705 2278; x_wconf 81' lang='lat' dir='ltr'><strong>extr.</strong></span> <span class='ocrx_word' id='word_1_476' title='bbox 1743 2247 1857 2285; x_wconf 86' lang='lat' dir='ltr'><strong>Quum</strong></span> 
     </span>
     <span class='ocr_line' id='line_1_68' title="bbox 998 2295 1857 2342; baseline 0.008 -16"><span class='ocrx_word' id='word_1_477' title='bbox 998 2295 1113 2327; x_wconf 87' lang='lat' dir='ltr'><strong>Cicero</strong></span> <span class='ocrx_word' id='word_1_478' title='bbox 1135 2297 1222 2328; x_wconf 84' lang='lat' dir='ltr'><strong>hanc</strong></span> <span class='ocrx_word' id='word_1_479' title='bbox 1245 2298 1406 2329; x_wconf 89' lang='lat' dir='ltr'><strong>attulisset</strong></span> <span class='ocrx_word' id='word_1_480' title='bbox 1439 2308 1580 2337; x_wconf 85' lang='lat' dir='ltr'><strong>causam,</strong></span> <span class='ocrx_word' id='word_1_481' title='bbox 1612 2310 1669 2331; x_wconf 87' lang='lat' dir='ltr'><strong>cur</strong></span> <span class='ocrx_word' id='word_1_482' title='bbox 1697 2301 1857 2342; x_wconf 87' lang='lat' dir='ltr'><strong>scriptum</strong></span> 
     </span>
     <span class='ocr_line' id='line_1_69' title="bbox 994 2350 1857 2394; baseline 0.007 -14"><span class='ocrx_word' id='word_1_483' title='bbox 994 2350 1107 2381; x_wconf 85' lang='lat' dir='ltr'><strong>Attico</strong></span> <span class='ocrx_word' id='word_1_484' title='bbox 1130 2361 1197 2381; x_wconf 92' lang='lat' dir='ltr'><strong>non</strong></span> <span class='ocrx_word' id='word_1_485' title='bbox 1220 2352 1356 2389; x_wconf 83' lang='lat' dir='ltr'><strong>miserit,</strong></span> <span class='ocrx_word' id='word_1_486' title='bbox 1385 2354 1474 2393; x_wconf 86' lang='lat' dir='ltr'><strong>quod</strong></span> <span class='ocrx_word' id='word_1_487' title='bbox 1505 2354 1676 2394; x_wconf 85' lang='lat' dir='ltr'><strong>exemplar</strong></span> <span class='ocrx_word' id='word_1_488' title='bbox 1705 2365 1771 2385; x_wconf 92' lang='lat' dir='ltr'><strong>non</strong></span> <span class='ocrx_word' id='word_1_489' title='bbox 1800 2355 1857 2387; x_wconf 81' lang='lat' dir='ltr'><strong>ha-</strong></span> 
     </span>
     <span class='ocr_line' id='line_1_70' title="bbox 999 2405 1855 2448; baseline 0.009 -14"><span class='ocrx_word' id='word_1_490' title='bbox 999 2405 1094 2441; x_wconf 88' lang='lat' dir='ltr'><strong>beret,</strong></span> <span class='ocrx_word' id='word_1_491' title='bbox 1118 2414 1160 2436; x_wconf 82' lang='lat' dir='ltr'><strong>ex</strong></span> <span class='ocrx_word' id='word_1_492' title='bbox 1183 2406 1281 2436; x_wconf 86' lang='lat' dir='ltr'><strong>amici</strong></span> <span class='ocrx_word' id='word_1_493' title='bbox 1310 2416 1450 2446; x_wconf 85' lang='lat' dir='ltr'><strong>persona</strong></span> <span class='ocrx_word' id='word_1_494' title='bbox 1479 2412 1573 2448; x_wconf 79' lang='lat' dir='ltr'><strong>rogat</strong></span> <span class='ocrx_word' id='word_1_495' title='bbox 1607 2408 1718 2448; x_wconf 71' lang='lat' dir='ltr'><strong>Quid?</strong></span> <span class='ocrx_word' id='word_1_496' title='bbox 1748 2410 1855 2443; x_wconf 87' lang='lat' dir='ltr'><strong>istane</strong></span> 
     </span>
     <span class='ocr_line' id='line_1_71' title="bbox 995 2458 1853 2497; baseline 0.008 -8"><span class='ocrx_word' id='word_1_497' title='bbox 995 2458 1078 2489; x_wconf 86' lang='lat' dir='ltr'><strong>iusta</strong></span> <span class='ocrx_word' id='word_1_498' title='bbox 1101 2469 1198 2490; x_wconf 83' lang='lat' dir='ltr'><strong>causa</strong></span> <span class='ocrx_word' id='word_1_499' title='bbox 1222 2465 1280 2497; x_wconf 90' lang='lat' dir='ltr'><strong>est,</strong></span> <span class='ocrx_word' id='word_1_500' title='bbox 1304 2470 1363 2491; x_wconf 92' lang='lat' dir='ltr'><strong>cur</strong></span> <span class='ocrx_word' id='word_1_501' title='bbox 1384 2471 1452 2492; x_wconf 89' lang='lat' dir='ltr'><strong>non</strong></span> <span class='ocrx_word' id='word_1_502' title='bbox 1485 2462 1639 2493; x_wconf 81' lang='lat' dir='ltr'><strong>miseris?</strong></span> <span class='ocrx_word' id='word_1_503' title='bbox 1675 2462 1737 2494; x_wconf 90' lang='lat' dir='ltr'><strong>Cui</strong></span> <span class='ocrx_word' id='word_1_504' title='bbox 1766 2469 1853 2497; x_wconf 88' lang='lat' dir='ltr'><strong>tum:</strong></span> 
     </span>
     <span class='ocr_line' id='line_1_72' title="bbox 995 2512 1854 2550; baseline 0.009 -8"><span class='ocrx_word' id='word_1_505' title='bbox 995 2512 1090 2543; x_wconf 76' lang='lat' dir='ltr'><strong>etiam</strong></span> <span class='ocrx_word' id='word_1_506' title='bbox 1122 2523 1155 2544; x_wconf 83' lang='lat' dir='ltr'><strong>o:</strong></span> <span class='ocrx_word' id='word_1_507' title='bbox 1186 2514 1293 2545; x_wconf 88' lang='lat' dir='ltr'><strong>habeo</strong></span> <span class='ocrx_word' id='word_1_508' title='bbox 1323 2515 1423 2545; x_wconf 88' lang='lat' dir='ltr'><strong>aliam</strong></span> <span class='ocrx_word' id='word_1_509' title='bbox 1452 2525 1595 2547; x_wconf 82' lang='lat' dir='ltr'><strong>causam.</strong></span> <span class='ocrx_word' id='word_1_510' title='bbox 1629 2517 1714 2548; x_wconf 87' lang='lat' dir='ltr'><strong>Eam</strong></span> <span class='ocrx_word' id='word_1_511' title='bbox 1735 2519 1854 2550; x_wconf 87' lang='lat' dir='ltr'><strong>deinde</strong></span> 
     </span>
     <span class='ocr_line' id='line_1_73' title="bbox 994 2566 1853 2607; baseline 0.008 -12"><span class='ocrx_word' id='word_1_512' title='bbox 994 2566 1101 2606; x_wconf 88' lang='lat' dir='ltr'><strong>prodit</strong></span> <span class='ocrx_word' id='word_1_513' title='bbox 1123 2566 1249 2598; x_wconf 84' lang='lat' dir='ltr'><strong>verbis:</strong></span> <span class='ocrx_word' id='word_1_514' title='bbox 1281 2566 1496 2607; x_wconf 75' lang='lat' dir='ltr'><strong>subturpicula</strong></span> <span class='ocrx_word' id='word_1_515' title='bbox 1519 2579 1556 2599; x_wconf 86' lang='lat' dir='ltr'><strong>m.</strong></span> <span class='ocrx_word' id='word_1_516' title='bbox 1579 2579 1607 2599; x_wconf 84' lang='lat' dir='ltr'><strong>v.</strong></span> <span class='ocrx_word' id='word_1_517' title='bbox 1630 2579 1668 2604; x_wconf 84' lang='grc' dir='ltr'><strong>π.</strong></span> <span class='ocrx_word' id='word_1_518' title='bbox 1699 2588 1740 2592; x_wconf 89' lang='lat'><strong>-—</strong></span> <span class='ocrx_word' id='word_1_519' title='bbox 1774 2570 1853 2602; x_wconf 84' lang='lat' dir='ltr'><strong>Rin-</strong></span> 
     </span>
     <span class='ocr_line' id='line_1_74' title="bbox 995 2623 1702 2664; baseline 0.003 -10"><span class='ocrx_word' id='word_1_520' title='bbox 995 2623 1086 2654; x_wconf 87' lang='lat' dir='ltr'><strong>kesio</strong></span> <span class='ocrx_word' id='word_1_521' title='bbox 1108 2623 1214 2663; x_wconf 82' lang='lat' dir='ltr'><strong>magis</strong></span> <span class='ocrx_word' id='word_1_522' title='bbox 1236 2623 1402 2664; x_wconf 88' lang='lat' dir='ltr'><strong>placebat:</strong></span> <span class='ocrx_word' id='word_1_523' title='bbox 1429 2623 1511 2664; x_wconf 72' lang='lat' dir='ltr'><strong>Quin</strong></span> <span class='ocrx_word' id='word_1_524' title='bbox 1534 2624 1638 2656; x_wconf 81' lang='lat' dir='ltr'><strong>etiam.</strong></span> <span class='ocrx_word' id='word_1_525' title='bbox 1660 2644 1702 2649; x_wconf 78' lang='lat'><strong>——</strong></span> 
     </span>
    </p>

    <p class='ocr_par' dir='ltr' id='par_1_21' title="bbox 993 2675 1852 3038">
     <span class='ocr_line' id='line_1_75' title="bbox 1041 2675 1851 2714; baseline 0.006 -9"><span class='ocrx_word' id='word_1_526' title='bbox 1041 2675 1175 2706; x_wconf 78' lang='lat' dir='ltr'><strong>Valeant</strong></span> <span class='ocrx_word' id='word_1_527' title='bbox 1201 2678 1300 2713; x_wconf 76' lang='lat' dir='ltr'><strong>recta,</strong></span> <span class='ocrx_word' id='word_1_528' title='bbox 1330 2686 1416 2714; x_wconf 82' lang='lat' dir='ltr'><strong>vera,</strong></span> <span class='ocrx_word' id='word_1_529' title='bbox 1445 2677 1577 2708; x_wconf 74' lang='lat' dir='ltr'><strong>honesta</strong></span> <span class='ocrx_word' id='word_1_530' title='bbox 1614 2678 1759 2709; x_wconf 75' lang='lat' dir='ltr'><strong>consilia.</strong></span> <span class='ocrx_word' id='word_1_531' title='bbox 1796 2678 1851 2710; x_wconf 89' lang='lat' dir='ltr'><strong>Se-</strong></span> 
     </span>
     <span class='ocr_line' id='line_1_76' title="bbox 993 2729 1850 2770; baseline 0.006 -11"><span class='ocrx_word' id='word_1_532' title='bbox 993 2730 1109 2770; x_wconf 87' lang='lat' dir='ltr'><strong>quenti</strong></span> <span class='ocrx_word' id='word_1_533' title='bbox 1123 2739 1210 2760; x_wconf 87' lang='lat' dir='ltr'><strong>anno</strong></span> <span class='ocrx_word' id='word_1_534' title='bbox 1225 2729 1306 2761; x_wconf 89' lang='lat' dir='ltr'><strong>haec</strong></span> <span class='ocrx_word' id='word_1_535' title='bbox 1322 2730 1436 2761; x_wconf 87' lang='lat' dir='ltr'><strong>scribit</strong></span> <span class='ocrx_word' id='word_1_536' title='bbox 1451 2730 1605 2768; x_wconf 90' lang='lat' dir='ltr'><strong>Lentulo,</strong></span> <span class='ocrx_word' id='word_1_537' title='bbox 1621 2731 1713 2763; x_wconf 85' lang='lat' dir='ltr'><strong>Fam.</strong></span> <span class='ocrx_word' id='word_1_538' title='bbox 1729 2732 1757 2764; x_wconf 90' lang='grc' dir='ltr'><strong>Ι.</strong></span> <span class='ocrx_word' id='word_1_539' title='bbox 1773 2733 1800 2769; x_wconf 85' lang='grc'><strong>8,</strong></span> <span class='ocrx_word' id='word_1_540' title='bbox 1815 2733 1850 2764; x_wconf 75' lang='lat'><strong>2:</strong></span> 
     </span>
     <span class='ocr_line' id='line_1_77' title="bbox 993 2782 1851 2826; baseline 0.005 -14"><span class='ocrx_word' id='word_1_541' title='bbox 993 2784 1114 2813; x_wconf 73' lang='lat' dir='ltr'><strong>tuntum</strong></span> <span class='ocrx_word' id='word_1_542' title='bbox 1138 2782 1236 2813; x_wconf 75' lang='lat' dir='ltr'><strong>animi</strong></span> <span class='ocrx_word' id='word_1_543' title='bbox 1257 2782 1398 2815; x_wconf 75' lang='lat' dir='ltr'><strong>inductio</strong></span> <span class='ocrx_word' id='word_1_544' title='bbox 1420 2785 1451 2814; x_wconf 76' lang='lat' dir='ltr'><strong>el</strong></span> <span class='ocrx_word' id='word_1_545' title='bbox 1472 2784 1646 2816; x_wconf 79' lang='lat' dir='ltr'><strong>mehercule</strong></span> <span class='ocrx_word' id='word_1_546' title='bbox 1668 2795 1754 2816; x_wconf 77' lang='lat' dir='ltr'><strong>amor</strong></span> <span class='ocrx_word' id='word_1_547' title='bbox 1775 2795 1851 2826; x_wconf 71' lang='lat' dir='ltr'><strong>erya</strong></span> 
     </span>
     <span class='ocr_line' id='line_1_78' title="bbox 994 2834 1852 2878; baseline 0.005 -14"><span class='ocrx_word' id='word_1_548' title='bbox 994 2834 1169 2874; x_wconf 77' lang='lat' dir='ltr'><strong>Pompeium</strong></span> <span class='ocrx_word' id='word_1_549' title='bbox 1192 2834 1278 2875; x_wconf 75' lang='lat' dir='ltr'><strong>apud</strong></span> <span class='ocrx_word' id='word_1_550' title='bbox 1297 2846 1342 2866; x_wconf 78' lang='lat' dir='ltr'><strong>me</strong></span> <span class='ocrx_word' id='word_1_551' title='bbox 1376 2836 1462 2867; x_wconf 78' lang='lat' dir='ltr'><strong>valet</strong></span> <span class='ocrx_word' id='word_1_552' title='bbox 1491 2838 1535 2874; x_wconf 82' lang='lat' dir='ltr'><strong>ut,</strong></span> <span class='ocrx_word' id='word_1_553' title='bbox 1566 2848 1646 2878; x_wconf 76' lang='lat' dir='ltr'><strong>quae</strong></span> <span class='ocrx_word' id='word_1_554' title='bbox 1674 2837 1726 2868; x_wconf 76' lang='lat' dir='ltr'><strong>illi</strong></span> <span class='ocrx_word' id='word_1_555' title='bbox 1756 2837 1852 2869; x_wconf 74' lang='lat' dir='ltr'><strong>ulilia</strong></span> 
     </span>
     <span class='ocr_line' id='line_1_79' title="bbox 993 2888 1851 2929; baseline 0.003 -12"><span class='ocrx_word' id='word_1_556' title='bbox 993 2889 1066 2918; x_wconf 72' lang='lat' dir='ltr'><strong>sunl</strong></span> <span class='ocrx_word' id='word_1_557' title='bbox 1089 2889 1119 2918; x_wconf 80' lang='lat' dir='ltr'><strong>et</strong></span> <span class='ocrx_word' id='word_1_558' title='bbox 1141 2898 1221 2929; x_wconf 82' lang='lat' dir='ltr'><strong>quae</strong></span> <span class='ocrx_word' id='word_1_559' title='bbox 1242 2888 1299 2918; x_wconf 70' lang='lat' dir='ltr'><strong>ille</strong></span> <span class='ocrx_word' id='word_1_560' title='bbox 1321 2889 1399 2927; x_wconf 76' lang='lat' dir='ltr'><strong>vult,</strong></span> <span class='ocrx_word' id='word_1_561' title='bbox 1423 2899 1462 2919; x_wconf 84' lang='lat' dir='ltr'><strong>ea</strong></span> <span class='ocrx_word' id='word_1_562' title='bbox 1484 2889 1560 2919; x_wconf 63' lang='lat' dir='ltr'><strong>mihi</strong></span> <span class='ocrx_word' id='word_1_563' title='bbox 1593 2890 1697 2920; x_wconf 71' lang='lat' dir='ltr'><strong>omnia</strong></span> <span class='ocrx_word' id='word_1_564' title='bbox 1727 2890 1790 2920; x_wconf 75' lang='lat' dir='ltr'><strong>iam</strong></span> <span class='ocrx_word' id='word_1_565' title='bbox 1820 2891 1851 2921; x_wconf 75' lang='lat' dir='ltr'><strong>el</strong></span> 
     </span>
     <span class='ocr_line' id='line_1_80' title="bbox 996 2941 1852 2984; baseline 0.005 -13"><span class='ocrx_word' id='word_1_566' title='bbox 996 2942 1083 2972; x_wconf 76' lang='lat' dir='ltr'><strong>recta</strong></span> <span class='ocrx_word' id='word_1_567' title='bbox 1106 2943 1136 2971; x_wconf 82' lang='lat' dir='ltr'><strong>et</strong></span> <span class='ocrx_word' id='word_1_568' title='bbox 1159 2952 1234 2972; x_wconf 78' lang='lat' dir='ltr'><strong>vera</strong></span> <span class='ocrx_word' id='word_1_569' title='bbox 1258 2941 1436 2973; x_wconf 75' lang='lat' dir='ltr'><strong>videantur.</strong></span> <span class='ocrx_word' id='word_1_570' title='bbox 1469 2943 1619 2984; x_wconf 86' lang='lat' dir='ltr'><strong>Utroque</strong></span> <span class='ocrx_word' id='word_1_571' title='bbox 1647 2944 1720 2974; x_wconf 92' lang='lat' dir='ltr'><strong>loco</strong></span> <span class='ocrx_word' id='word_1_572' title='bbox 1747 2953 1852 2975; x_wconf 78' lang='lat' dir='ltr'><strong>verum</strong></span> 
     </span>
     <span class='ocr_line' id='line_1_81' title="bbox 995 2996 1804 3038; baseline 0.005 -12"><span class='ocrx_word' id='word_1_573' title='bbox 995 2996 1128 3037; x_wconf 88' lang='lat' dir='ltr'><strong>ponitur</strong></span> <span class='ocrx_word' id='word_1_574' title='bbox 1150 3005 1188 3027; x_wconf 82' lang='lat' dir='ltr'><strong>ea</strong></span> <span class='ocrx_word' id='word_1_575' title='bbox 1210 2997 1253 3034; x_wconf 84' lang='lat' dir='ltr'><strong>vi,</strong></span> <span class='ocrx_word' id='word_1_576' title='bbox 1276 2997 1316 3028; x_wconf 89' lang='grc'><strong>(16</strong></span> <span class='ocrx_word' id='word_1_577' title='bbox 1340 3007 1405 3038; x_wconf 88' lang='lat' dir='ltr'><strong>qua</strong></span> <span class='ocrx_word' id='word_1_578' title='bbox 1428 2998 1566 3038; x_wconf 82' lang='lat' dir='ltr'><strong>exposui</strong></span> <span class='ocrx_word' id='word_1_579' title='bbox 1589 2999 1629 3029; x_wconf 87' lang='lat' dir='ltr'><strong>ad</strong></span> <span class='ocrx_word' id='word_1_580' title='bbox 1651 2999 1697 3029; x_wconf 91' lang='lat' dir='ltr'><strong>II.</strong></span> <span class='ocrx_word' id='word_1_581' title='bbox 1721 2999 1748 3036; x_wconf 84' lang='lat'><strong>1,</strong></span> <span class='ocrx_word' id='word_1_582' title='bbox 1774 3001 1804 3030; x_wconf 87' lang='lat'><strong>8.</strong></span> 
     </span>
    </p>

    <p class='ocr_par' dir='ltr' id='par_1_22' title="bbox 994 3049 1852 3187">
     <span class='ocr_line' id='line_1_82' title="bbox 1038 3049 1852 3092; baseline 0.007 -13"><span class='ocrx_word' id='word_1_583' title='bbox 1038 3049 1077 3080; x_wconf 70' lang='lat' dir='ltr'><strong>In</strong></span> <span class='ocrx_word' id='word_1_584' title='bbox 1100 3049 1172 3079; x_wconf 71' lang='lat' dir='ltr'><strong>istis</strong></span> <span class='ocrx_word' id='word_1_585' title='bbox 1175 3049 1382 3090; x_wconf 72' lang='lat' dir='ltr'><strong>principibus.</strong></span> <span class='ocrx_word' id='word_1_586' title='bbox 1405 3050 1576 3092; x_wconf 87' lang='lat' dir='ltr'><strong>Principes</strong></span> <span class='ocrx_word' id='word_1_587' title='bbox 1591 3052 1720 3084; x_wconf 74' lang='lat' dir='ltr'><strong>videtur</strong></span> <span class='ocrx_word' id='word_1_588' title='bbox 1734 3062 1852 3086; x_wconf 83' lang='lat' dir='ltr'><strong>voca-rc</strong></span> 
     </span>
     <span class='ocr_line' id='line_1_83' title="bbox 995 3102 1850 3146; baseline 0.007 -14"><span class='ocrx_word' id='word_1_589' title='bbox 995 3102 1164 3139; x_wconf 88' lang='lat' dir='ltr'><strong>Bibulum,</strong></span> <span class='ocrx_word' id='word_1_590' title='bbox 1189 3102 1359 3141; x_wconf 83' lang='lat' dir='ltr'><strong>Catonem,</strong></span> <span class='ocrx_word' id='word_1_591' title='bbox 1383 3103 1577 3142; x_wconf 84' lang='lat' dir='ltr'><strong>Domitium,</strong></span> <span class='ocrx_word' id='word_1_592' title='bbox 1601 3104 1749 3146; x_wconf 81' lang='lat' dir='ltr'><strong>aliosque</strong></span> <span class='ocrx_word' id='word_1_593' title='bbox 1772 3105 1850 3138; x_wconf 82' lang='lat' dir='ltr'><strong>Cae-</strong></span> 
     </span>
     <span class='ocr_line' id='line_1_84' title="bbox 994 3154 1309 3187; baseline 0 -2"><span class='ocrx_word' id='word_1_594' title='bbox 994 3154 1074 3186; x_wconf 84' lang='lat' dir='ltr'><strong>saris</strong></span> <span class='ocrx_word' id='word_1_595' title='bbox 1098 3155 1309 3187; x_wconf 84' lang='lat' dir='ltr'><strong>adversarios.</strong></span> 
     </span>
    </p>
   </div>
  </div>
 </body>
</html>
