2117 3533
288 184 310 221 :3
320 183 369 220 06

685 179 766 218 ΕΡ.
802 177 876 217 ΑΙ)
909 177 954 216 Τ.
990 175 1336 216 POMPONIUM
1369 175 1631 215 A's'i‘ICL‘M.

290 316 468 370 prodesse
502 314 662 367 possim,
698 326 758 350 me
793 326 876 351 esse
909 324 999 350 cum
1044 309 1224 363 imperiO,
1269 308 1310 348 id
1355 323 1485 349 coram
1531 307 1872 348 considerabimus
1917 308 2029 361 quale

285 387 349 426 sit.

396 385 529 426 Habet
562 384 667 424 enim
701 398 762 423 res
796 381 1135 431 deliberationem,
1170 381 1244 421 etsi
1278 395 1325 422 ex
1369 385 1479 435 parte
1521 394 1665 434 magna
1708 378 1784 420 tibi
1825 379 2029 420 assentior.

284 459 341 498 De
377 457 509 497 animo
543 460 675 496 autem
710 470 796 495 meo
829 469 921 508 erga
954 469 1037 494 rem
1069 453 1271 508 publicam
1305 453 1405 494 bene
1440 453 1537 493 facis
1582 453 1687 507 quod
1732 466 1812 493 non
1856 449 2028 501 dubitas,

279 536 317 570 ct
349 529 449 570 illud
483 527 604 583 probe
637 527 791 568 iudicas
823 540 1074 580 nequaquam
1110 525 1205 565 satis
1250 540 1319 579 pro
1364 525 1461 566 meis
1506 524 1659 574 officiis,
1706 540 1775 579 pro
1819 524 1945 578 ipsius
1987 525 2030 565 in

249 602 375 643 5alios
409 600 613 650 effusione,
647 600 761 640 illum
794 599 837 639 in
869 613 931 638 me
964 597 1171 638 liberalem
1206 597 1326 638 fuisse
1361 597 1526 651 eiusque
1560 597 1617 636 rei
1651 612 1811 637 causam
1845 611 1933 637 vere
1967 612 2030 638 ex-

279 674 414 729 plicas,
450 678 489 712 et
521 673 590 722 eis,
634 687 734 726 quae
770 670 817 711 de
852 670 977 711 Fabio
1013 669 1261 722 Caninioque
1295 675 1383 710 acta
1417 668 1570 719 scribis,
1615 668 1727 709 valde
1761 668 2030 709 consentiunt.

279 747 389 798 Quae
425 746 458 787 si
490 761 602 786 secus
655 749 787 786 essent
830 748 1039 797 totumque
1084 758 1124 783 se
1167 742 1233 782 ille
1283 743 1325 783 in
1372 758 1432 782 me
1477 741 1731 796 profudisset,
1772 746 1908 782 tamen
1949 740 2029 791 1113,

278 834 398 873 quam
431 817 584 867 scribiS,
619 821 753 858 custos
786 815 897 856 urbis
931 830 993 856 me
1028 814 1250 869 praeclarae
1273 814 1548 869 inscriptionis
1572 828 1786 854 memorem
1812 828 1894 854 esse
1919 827 2031 867 coge-

279 898 337 931 ret·
369 905 441 930 nec
474 890 573 930 mihi
607 888 854 939 concederet,
891 893 937 928 ut
970 888 1148 928 imitarer
1183 887 1411 928 Volcatium
1445 891 1514 927 aut
1561 887 1755 936 Servium,
1797 884 1944 940 quibus
1986 890 2030 925 tu

224 983 257 1009 10
277 979 317 1004 cs
351 967 575 1012 contentus,
610 962 677 1002 sed
712 961 862 1015 aliquid
897 976 968 1001 nos
1001 960 1119 1000 vellet
1150 959 1267 1001 nobis
1301 960 1468 1014 dignum
1502 964 1542 1000 et
1569 959 1714 999 sentire
1737 963 1777 999 et
1799 957 2026 998 defendere.

277 1035 393 1086 Quod
428 1034 588 1089 quidem
623 1049 792 1088 agerem,
828 1033 859 1073 si
892 1033 1042 1081 liceret,
1078 1032 1155 1073 alio
1189 1032 1306 1073 modo
1340 1048 1385 1073 ac
1418 1046 1526 1072 nunc
1561 1030 1760 1085 agendum
1795 1034 1868 1070 est.
1905 1031 1945 1069 4.
1971 1029 2029 1070 De

277 1123 347 1148 sua
380 1107 557 1161 potentia
591 1106 783 1146 dimicant
816 1105 997 1145 homines
1031 1105 1106 1145 hoc
1149 1110 1324 1159 tempore
1366 1105 1543 1159 periculo
1588 1103 1778 1144 civitatis.
1834 1102 1955 1152 Nam,
2001 1102 2033 1142 si

276 1196 337 1220 res
371 1179 531 1234 publica
565 1178 807 1227 defenditur,
843 1192 912 1218 cur
957 1192 1001 1217 ea
1048 1177 1210 1217 consule
1255 1177 1332 1217 isto
1376 1177 1463 1230 ipso
1508 1176 1670 1217 defensa
1713 1190 1792 1215 non
1837 1174 1921 1214 est?
1965 1189 2034 1214 cur

277 1268 363 1305 ego,
397 1252 439 1292 in
473 1252 587 1292 cuius
621 1266 740 1292 causa
773 1250 830 1290 rei
863 1249 1048 1304 publicae
1079 1249 1184 1290 salus
1221 1247 1479 1298 consistebat,
1516 1248 1703 1289 defensus
1738 1251 1895 1301 postero
1929 1261 2033 1286 anno

227 1341 356 1368 15non
390 1326 502 1366 sum?
536 1339 605 1364 cur
638 1323 849 1378 imperium
882 1322 942 1362 illi
976 1327 1046 1362 aut
1079 1337 1149 1362 cur
1182 1321 1251 1362 illo
1285 1321 1402 1362 modo
1436 1325 1694 1376 prorogatum
1718 1320 1803 1360 est?
1827 1333 1896 1359 cur
1918 1322 2031 1359 tanto

277 1413 391 1452 opere
426 1401 650 1451 pugnatum
684 1399 757 1444 est,
792 1398 838 1434 ut
871 1394 918 1434 de
954 1394 1039 1435 eius
1074 1393 1250 1434 absentis
1284 1393 1436 1434 ratione
1470 1391 1655 1433 habenda
1699 1392 1836 1432 decem
1879 1390 2034 1432 tribuni

277 1471 330 1525 pl.
363 1471 534 1510 ferrent?
582 1470 657 1510 His
690 1468 756 1508 ille
790 1466 908 1508 rebus
941 1468 998 1507 ita
1032 1467 1248 1516 convaluit,
1284 1471 1330 1507 ut
1361 1481 1470 1506 nunc
1503 1466 1546 1506 in
1589 1480 1670 1505 uno
1715 1465 1792 1505 civi
1838 1465 1940 1505 vires
1984 1464 2033 1504 ad

277 1542 540 1584 resistendum
576 1541 670 1590 sint,
706 1540 774 1593 qui
808 1539 966 1579 mallem
999 1544 1132 1579 tantas

825 1613 839 1621 -a

1177 1538 1212 1578 ei
1258 1538 1359 1579 vires
1404 1553 1484 1578 non
1529 1536 1718 1586 dedisset,
1764 1551 1882 1590 quam
1927 1551 2034 1577 nunc

280 1623 360 1656 tam
396 1614 543 1655 valenti
576 1613 785 1653 resisteret.
823 1627 862 1651 0.
897 1610 972 1652 Sed
1010 1611 1198 1665 quoniam
1233 1626 1292 1651 res
1326 1626 1371 1651 eo
1406 1609 1577 1650 deducta
1611 1614 1684 1658 est,
1718 1623 1799 1649 non
1833 1624 2032 1664 quaeram,

225 1692 323 1730 mut
356 1686 509 1736 scribis,
552 1687 642 1727 ποῦ
687 1680 882 1737 σκάφος
932 1680 986 1725 τὸ
1030 1684 1129 1725 τῶν

1181 1677 1481 1741 Ἀτρειδῶν,·
1522 1681 1620 1722 1111111
1666 1678 1861 1735 σκάφος
1908 1695 2034 1722 111111111

277 1759 364 1808 crit,
400 1759 504 1812 quod
540 1774 561 1798 a
596 1755 784 1810 Pompeio
818 1753 1124 1808 gubernabitur.
1172 1754 1279 1795 Illud
1314 1755 1459 1809 ipsum,
1496 1753 1601 1806 quod
1647 1753 1718 1802 ais,
1772 1753 1910 1805 JsQuid
1954 1753 2032 1801 fiet,

278 1846 399 1886 quum
435 1831 510 1871 erit
543 1830 717 1870 dictum:
765 1842 838 1869 Dic
873 1828 929 1868 M.
962 1827 1156 1867 'l'vi,1„r?'’
1194 1852 1249 1856 ——
1293 1824 1536 1881 σύντομα,
1573 1826 1864 1867 caroniam
1884 1839 2034 1866 AssEN-

321 1998 337 2024 (ἱ
362 1995 460 2025 Fadio
484 2013 519 2015 —
548 1994 583 2026 17
606 2003 676 2033 spes
697 1993 741 2023 cccl
763 1990 967 2022 resistendam
990 1991 1031 2021 sit
1054 2009 1091 2012 ——
1117 1991 1156 2020 20
1181 1993 1212 2019 ul
1236 1993 1268 2019 lu
1293 1991 1402 2020 scs-ibis
1426 2008 1465 2012 -

281 2151 517 2182 Coniunctis-us
540 2151 680 2190 ponitur,
705 2150 779 2189 quia
802 2150 881 2180 haec
912 2148 1015 2179 Attici
1047 2158 1133 2179 men-

280 2212 342 2235 1811]
367 2205 547 2235 continent.
571 2203 721 2233 Klotzius
737 2203 891 2234 coniecit:
910 2213 967 2243 qao
983 2204 1014 2241 (e
1031 2202 1133 2239 Med.)

281 2259 379 2289 {nlius
400 2258 466 2289 sim.
497 2259 589 2289 Nihil
613 2268 693 2298 opus
716 2258 904 2288 mutatione.

322 2314 385 2344 Pro
407 2313 481 2344 meis
505 2312 612 2353 officiis
635 2322 667 2342 0:
692 2323 750 2352 pro
769 2322 875 2352 opera,
891 2321 988 2350 quam
1004 2311 1133 2341 Caesari
1158 2321 1159 2334 1

283 2366 427 2406 praestiti
456 2365 489 2395 in
522 2364 671 2405 petendis
702 2363 893 2394 honoribus.
922 2381 962 2384 —
992 2363 1040 2393 De
1074 2372 1133 2392 usu

282 2418 388 2457 ipsius,
411 2418 498 2458 quod
520 2427 593 2447 cum
619 2417 649 2446 vi
672 2417 812 2456 quadani
838 2415 968 2455 ponitur
991 2425 1046 2455 pro
1076 2425 1133 2444 susc

283 2471 350 2508 egit
372 2470 561 2509 Madvigius
584 2471 621 2499 311
648 2470 701 2499 111
726 2470 765 2499 de
788 2469 860 2498 Fin.
885 2479 913 2508 p.
937 2469 1006 2498 415.

327 2524 412 2563 Quae
434 2524 472 2553 de
488 2523 582 2553 Fabio
598 2522 785 2563 Caninioque
797 2525 868 2552 acta
886 2522 1003 2552 scribis.
1029 2521 1065 2552 C.
1080 2520 1138 2552 Ca·
1159 2535 1161 2550 z

284 2578 394 2607 ninius
426 2577 585 2612 Rebillus,
616 2577 762 2606 Caesaris
793 2576 826 2606 in
856 2575 963 2606 Gallia
998 2575 1138 2614 legatus,

284 2631 411 2670 saepius
435 2631 622 2660 nominatur
645 2630 678 2660 in
702 2630 826 2660 ultimis
850 2630 942 2659 libris
971 2630 1011 2659 de
1041 2628 1138 2659 Bello

284 2682 368 2712 Gall.
392 2689 423 2713 et
438 2692 503 2712 11113
519 2692 592 2711 811111
607 2684 643 2712 (⁸.
660 2681 762 2711 Fabio
774 2681 882 2718 legato
895 2681 993 2711 VIII.
1006 2680 1137 2711 24—37.
1159 2705 1161 2710 ⁴

285 2736 493 2774 Quamquam
515 2733 593 2773 quid
613 2734 651 2763 de
664 2733 714 2762 his
727 2738 834 2762 actum
849 2733 899 2768 sit,
916 2743 981 2762 non
1001 2737 1137 2768 constat,

286 2787 316 2816 id
341 2793 427 2816 certe
450 2790 590 2825 apparet,
615 2791 736 2815 temere
758 2784 853 2814 Fabii
877 2794 1006 2820 nomen,
1022 2785 1055 2814 in
1073 2794 1137 2824 quo

286 2842 412 2871 codices
435 2840 630 2879 conspirant,
656 2840 695 2868 ab
718 2838 841 2869 Orellio
866 2838 897 2868 in
914 2838 1054 2868 Fadium
1069 2848 1137 2869 esse

286 2898 455 2923 mutatum.

333 2946 395 2976 ma
418 2964 457 2969 —-
480 2947 581 2974 cuslos
605 2944 688 2973 urhis
712 2954 744 2973 o:
770 2944 929 2979 Minerva,
952 2949 1137 2983 quamante

288 3001 440 3030 exsilium
470 3009 510 3030 ex
541 3009 599 3028 sua
632 2999 729 3027 domo
765 2998 797 3027 in
836 2998 924 3027 Iovis
959 2997 1136 3036 Capitolini

288 3055 401 3084 nedem
423 3051 599 3082 transtulit.
624 3051 704 3085 Lea.
732 3051 773 3079 11.
805 3051 854 3080 42.
885 3050 972 3079 Plut.
1003 3050 1035 3079 in
1069 3049 1136 3080 Cic.

289 3111 334 3139 ,22¹⁴
361 3109 450 3139 Fani.
477 3107 554 3138 XII.
579 3108 627 3136 935.
654 3106 678 3135 l.

336 3160 505 3189 I'nlffltmm
531 3163 583 3188 avt
608 3156 753 3187 Sentium.
778 3156 824 3186 kf.
850 3155 948 3186 VIII.
974 3156 999 3191 l,
1025 3157 1052 3184 3.
1091 3155 1135 3185 Hi

1184 2148 1243 2177 viri
1266 2148 1453 2178 consulares
1477 2148 1509 2178 in
1533 2148 1744 2179 contentione
1762 2147 1847 2177 inter
1864 2148 2035 2177 Caesarem

1182 2209 1212 2231 et
1244 2201 1437 2241 Pompeium
1467 2206 1614 2232 neutram
1645 2206 1769 2241 partem
1799 2199 1890 2240 sequi
1927 2200 2034 2230 ‹lecre-

1158 2279 1159 2286 ,
1181 2260 1305 2285 verant.

1225 2308 1242 2347 ξ
1263 2309 1293 2337 4.
1319 2308 1448 2337 consule
1469 2307 1529 2337 islo
1551 2307 1616 2346 ipso
1638 2317 1665 2336 a.
1690 2307 1758 2336 695.
1791 2306 1827 2335 C.
1852 2304 1937 2334 lulio
1960 2306 2036 2335 Cae-

1182 2369 1261 2396 sare,
1285 2360 1331 2389 M.
1356 2359 1479 2389 Bibulo
1502 2369 1565 2388 cos.

1224 2413 1263 2443 In
1286 2423 1346 2443 uno
1369 2411 1439 2442 civi.
1471 2411 1568 2441 Hanc
1591 2410 1725 2441 ablativi
1749 2410 1897 2445 formam,
1920 2408 2037 2448 ubique

1159 2491 1160 2496 ,
1183 2468 1249 2498 fere
1273 2467 1307 2496 in
1330 2465 1461 2506 optimis
1485 2465 1578 2495 libris
1602 2465 1781 2500 inventam,
1806 2462 1919 2493 Tullio
1951 2461 2038 2492 resti-

1184 2519 1338 2550 tuendam
1359 2522 1447 2558 puto,
1470 2517 1527 2547 ubi
1550 2516 1651 2546 altera
1673 2515 1778 2546 forma
1800 2514 1864 2544 cive
1887 2514 1921 2544 in
1944 2513 2033 2544 editt.

1183 2570 1347 2601 remansit.
1385 2569 1435 2600 Cf.
1457 2567 1689 2607 Wesenbergii
1717 2566 1852 2598 Observ.
1884 2566 1924 2595 ad
1953 2563 2035 2595 Sest.

1185 2636 1212 2665 1».
1237 2625 1285 2654 (32.
1308 2624 1348 2653 In
1372 2623 1420 2659 iis,
1441 2631 1523 2662 quae
1540 2626 1732 2661 sequuntur,
1747 2619 1915 2659 egregiam
1931 2618 2035 2658 recepi

1183 2676 1309 2708 Klotzii
1332 2675 1567 2706 correctionem
1591 2674 1672 2704 vires
1687 2673 1731 2704 ad
1744 2672 1947 2704 resistendum
1962 2672 2035 2708 sint,

1179 2740 1279 2771 quum
1314 2739 1373 2760 nec
1403 2729 1490 2769 quod
1521 2729 1613 2758 codd.
1647 2728 1727 2758 dant
1757 2736 1807 2756 res
1831 2743 1872 2748 ——
1893 2725 1946 2762 sit,
1976 2734 2035 2756 nec

1180 2783 1267 2823 quod
1291 2787 1361 2821 post
1384 2781 1462 2811 ΕΓΗ.
1486 2781 1592 2811 editur
1613 2789 1681 2820 spes
1703 2779 1747 2809 acl
1771 2777 1973 2809 resistendum
1995 2776 2036 2806 sit

1160 2835 1299 2866 ‘Latine
1323 2835 1387 2865 dici
1420 2834 1529 2875 possit.
1573 2834 1718 2873 Elegans
1748 2831 1902 2862 Lambini
1931 2839 2036 2861 emen-

1181 2892 1285 2922 datio:
1311 2893 1343 2920 us
1368 2900 1448 2920 nunc
1469 2890 1501 2919 in
1524 2899 1585 2919 uno
1609 2888 1668 2918 civi
1691 2897 1760 2928 spes
1781 2886 1875 2926 reipb.
1904 2886 1967 2915 sita
1996 2885 2037 2915 sit

1183 2943 1315 2982 longius
1347 2952 1365 2971 a
1395 2942 1551 2981 scriptura
1581 2940 1699 2971 tradita
1727 2938 1858 2970 recedit.
1903 2938 1942 2967 In
1971 2946 2038 2966 uno

1159 3005 1160 3008 ¹
1185 2996 1269 3026 libro
1292 2996 1446 3026 Ambros.
1469 3004 1546 3024 casu
1569 3003 1683 3024 verum
1699 2992 1782 3022 vires
1802 2996 1965 3022 servatum
1981 2996 2036 3020 est.

1223 3046 1240 3083 ᾗ
1265 3047 1292 3075 5.
1315 3044 1380 3075 ποῦ
1411 3041 1537 3087 σκάφος
1561 3038 1600 3074 τὸ
1629 3044 1694 3073 τῶν
1723 3033 1923 3084 Ἀτρειὸῶν;
1946 3038 2038 3069 '‘Me-

1186 3101 1318 3131 moritei·
1357 3100 1464 3129 laudat
1502 3108 1633 3129 versum
1673 3097 1785 3135 Eurip.
1825 3095 1942 3125 Troad.
1978 3093 2037 3123 459

1186 3151 1247 3181 ποὺ
1279 3147 1403 3192 σκάφος
1436 3145 1471 3179 τὸ
1502 3148 1561 3178 τοῦ
1593 3138 1842 3190 στρατηγοὺ;”
1873 3142 2038 3175 Matthiae.
