2117 3533
762 156 868 198 LIB.
902 157 960 198 II.
995 156 1079 198 ΕΡ.
1116 158 1155 197 1.
1786 156 1837 196 75

85 292 263 343 Metello,
298 292 366 333 sed
400 292 520 333 etiam
553 306 645 332 cum
677 290 816 342 Fabio,
852 291 957 345 quod
990 307 1055 332 eos
1076 291 1216 332 1111100
1239 306 1322 332 6556
1346 290 1509 331 moleste
1533 289 1622 331 fert.
1657 293 1699 330 6.
1723 290 1842 341 Quod

86 367 134 408 de
167 366 319 421 agraria
351 366 437 419 lege
472 365 641 419 quaeris,
677 379 771 404 sane
814 365 894 404 iam
934 365 1093 405 videtur
1137 364 1350 405 refrixisse.
1400 364 1521 415 Quod
1564 379 1627 404 me
1669 363 1842 417 quodam

86 439 201 481 modo
234 438 343 478 molli
377 437 540 478 brachio
574 436 622 477 de
656 437 837 491 Pompeii
884 436 1154 478 familiaritate
1197 436 1398 490 obiurgas,
1443 436 1568 477 nolim
1611 437 1668 477 ita
1709 436 1844 477 existi-

1574 509 1631 549 ita
1664 524 1724 550 res
1759 514 1843 550 erat

85 583 283 632 instituta,
317 586 377 632 ut,
413 582 447 622 si
478 582 582 622 inter
614 596 686 621 1105
720 586 823 621 65561
856 581 989 635 aliqua
1022 582 1122 621 forte
1157 581 1364 631 dissensio,
1399 581 1590 622 maximas
1623 583 1665 623 in
1698 598 1739 623 re
1770 598 1841 638 pu-

84 527 166 553 mes
205 525 268 551 me
308 510 387 551 mei
420 509 608 565 praesidii
642 524 761 549 causa
795 524 885 549 cum
918 510 987 549 illo
1021 510 1282 550 coniunctum
1316 524 1399 549 6556
1410 527 1420 559 3
1465 509 1533 549 sed

84 655 188 696 blica
221 653 439 694 discordias
472 653 619 693 versari
651 658 754 694 esset
787 668 961 695 necesse.
1016 654 1136 705 Quod
1170 669 1191 693 a
1224 668 1287 693 1116
1319 653 1377 694 116
1418 659 1677 708 praecautum
1722 661 1841 710 atque

82 729 139 769 ita
171 727 372 782 provisum
406 731 478 777 est,
512 742 593 767 non
626 731 673 766 ut
705 741 778 780 ego
812 726 861 767 de
895 727 1045 782 optima
1076 727 1145 767 illa
1178 742 1266 767 mea
1298 727 1451 767 ratione
1485 726 1729 779 decederem,
1773 729 1842 770 sed

83 805 129 842 ut
159 800 226 840 ille
259 803 363 840 esset
393 799 532 840 melior
565 804 605 839 et
637 799 789 853 aliquid
824 799 872 840 de
915 800 1098 854 populari
1142 800 1303 840 levitate
1349 799 1585 855 depone1¹et3
1631 816 1749 855 quem
1793 801 1841 842 de

83 873 178 913 meis
211 871 344 923 1610115,
378 873 421 913 111
455 888 553 926 quas
588 887 679 913 eum
721 872 838 913 multi
882 873 1112 923 incitarant,
1155 873 1282 913 multo
1325 872 1423 914 scito
1466 873 1678 927 gloriosius
1723 889 1841 928 quam

84 945 132 986 de
165 944 247 987 suis
280 945 523 999 praedicare.
570 944 657 986 Sibi
690 946 797 986 6111111
830 945 930 986 bene
963 950 1110 1000 gestae,
1145 945 1246 986 mihi
1279 950 1533 986 conservatae
1566 946 1623 986 rei
1656 945 1841 1000 publicae

83 1019 152 1060 dat
182 1018 472 1059 testimonium.
506 1018 596 1058 Hoc
630 1016 757 1057 facere
788 1017 904 1058 illum
936 1018 1037 1058 mihi
1070 1033 1189 1072 quam
1222 1018 1361 1072 prosit,
1388 1017 1523 1058 nescio
1532 1036 1543 1069 3
1578 1018 1635 1059 rei
1657 1017 1841 1073 publicae

83 1096 186 1133 certe
218 1091 394 1146 prodest.
436 1090 560 1142 Quid,
596 1091 629 1131 si
663 1090 783 1131 etiam
817 1091 1039 1140 Caesarem,
1075 1091 1189 1131 cuius
1222 1105 1332 1131 nunc
1364 1091 1474 1131 venti
1506 1090 1621 1131 valde
1656 1095 1751 1131 sunt
1784 1105 1841 1131 se-

83 1164 218 1215 cundi,
251 1163 374 1205 reddo
407 1163 623 1213 meliorem,
658 1178 756 1203 num
788 1167 948 1204 tantum
982 1162 1123 1203 obsum
1156 1163 1213 1203 rei
1246 1162 1459 1217 publicae?
1498 1164 1536 1203 7.
1571 1162 1839 1214 Quinetiam,

82 1237 115 1278 si
148 1237 246 1277 mihi
278 1251 394 1278 nemo
427 1235 638 1286 invideret,
675 1235 706 1275 51
741 1250 891 1284 01111165,
926 1240 972 1276 111
1004 1240 1089 1276 erat
1122 1250 1308 1289 aequum,
1351 1233 1529 1276 faverent
1538 1253 1549 1286 3
1591 1240 1725 1276 tamen
1758 1250 1841 1276 11011

81 1310 212 1351 minus
245 1314 348 1351 esset
379 1308 585 1365 probanda
618 1308 830 1358 medicina,
865 1324 965 1362 quae
1000 1312 1157 1349 sanaret
1190 1308 1352 1348 vitiosas
1385 1312 1517 1362 partes
1550 1308 1606 1348 rei
1639 1306 1839 1362 publicae,

82 1398 200 1439 quam
233 1398 334 1438 quae
367 1385 582 1423 exsecaret.
617 1382 739 1422 Nunc
773 1396 878 1432 vero,
915 1396 1039 1436 quum
1073 1381 1276 1435 equitatus
1309 1380 1391 1430 ille,
1427 1396 1544 1434 quem
1577 1395 1650 1435 ego
1673 1380 1716 1422 in
1740 1381 1841 1422 clivo

124 1546 140 1575 1
164 1554 216 1575 eos
237 1544 313 1575 mihi
336 1554 403 1575 esse
424 1544 540 1575 amicos
561 1562 603 1584 ῥ-
626 1544 664 1575 13
687 1554 756 1575 mcm
780 1543 907 1574 tandem
928 1562 969 1566 —

125 1699 196 1731 Cum
217 1700 324 1731 Fabio.
351 1700 400 1733 De
422 1701 484 1732 1100
507 1702 650 1740 homine,
675 1702 810 1734 Clodiae
832 1708 869 1734 ut
892 1703 936 1733 vi-

82 1755 175 1785 detur
196 1754 352 1790 adultero,
375 1754 459 1784 nihil
482 1760 619 1786 constat.

126 1806 215 1847 Quod
234 1817 286 1838 eos
308 1807 341 1837 z'n
364 1807 421 1837 hoc
443 1817 510 1838 esse
533 1809 661 1839 moleste
673 1808 757 1849 fert.
780 1809 835 1840 Sic
849 1809 938 1840 Med.

83 1865 178 1891 recte.
204 1859 244 1890 In
267 1860 324 1890 hoc
347 1869 413 1890 esse
436 1865 485 1891 est
507 1861 564 1891 lcoe
584 1872 686 1902 were,
702 1872 834 1902 operam
850 1863 936 1899 dare,

84 1922 124 1943 116
147 1912 184 1943 P.
208 1911 344 1943 Clodius
367 1913 520 1944 tribunus
542 1914 609 1945 fiat.
640 1914 699 1945 Cff.
723 1915 805 1945 Hor.
828 1915 888 1955 Ep.
910 1915 937 1945 I.

85 1965 111 2001 1,
136 1965 172 1995 11
195 1965 294 1995 omnis
315 1965 349 1995 in
372 1965 429 1995 hoc
450 1975 527 1997 sum.
558 1966 625 1998 Sat.
648 1968 675 1998 I.
699 1968 726 2004 9,
751 1968 770 1998 2
792 1969 876 1997 totus
906 1967 940 1997 z'n

83 2017 160 2049 illis.
183 2017 298 2049 Cicero
321 2023 430 2050 autem
452 2029 518 2050 non
535 2021 661 2051 addidit
675 2023 766 2057 toto&
783 2021 940 2061 quoniam

83 2071 133 2102 illi
156 2071 288 2111 quidem
309 2072 371 2103 hoc
394 2073 544 2112 agebant,
575 2074 632 2104 sed
662 2084 728 2104 11011
760 2074 818 2104 toti
848 2080 941 2105 erant

84 2123 118 2154 iu
141 2133 179 2154 ea
199 2134 243 2155 re.
287 2124 408 2155 Bosius
428 2126 515 2157 male
538 2126 786 2167 interpretatur:
811 2136 941 2157 mecum

85 2176 213 2213 sentire,
237 2176 294 2207 hoc
316 2172 490 2214 δεικτικῶς
512 2179 635 2209 dictum
650 2185 779 2219 putans.
803 2179 941 2209 Veteres

85 2231 223 2262 editores
259 2232 461 2263 locutionem
495 2244 562 2264 non
600 2231 836 2273 intelligentes,
875 2244 941 2264 cor-

82 2290 255 2316 rexerunt:
285 2286 367 2326 quod
394 2296 445 2316 eos
475 2286 550 2316 nzz'lzz'
582 2297 649 2317 esse
677 2287 793 2318 amieos
815 2287 943 2318 moleste

76 2340 157 2381 fert,
180 2342 269 2381 quod.
289 2342 390 2373 miror
412 2343 554 2374 Ernesto
576 2343 715 2383 aliisque
736 2343 907 2384 placuisse.

125 2396 194 2435 §6.
216 2396 264 2427 De
287 2396 418 2438 aqrarz'a
449 2398 525 2438 leye.
556 2397 605 2429 Cf.
636 2398 662 2428 Ι.
690 2399 738 2434 18,
776 2398 804 2428 6.
835 2399 882 2434 19,
913 2399 942 2428 4.

84 2448 148 2479 Pro
170 2459 248 2480 sane
270 2449 331 2480 iam
355 2451 383 2480 Ι.
406 2450 444 2481 F.
468 2450 655 2481 Gronovius
686 2451 831 2481 malebat
853 2461 943 2481 Sane-

82 2512 180 2543 quam,
203 2507 394 2543 comparans
417 2503 510 2534 Fam.
532 2504 594 2534 IV.
619 2506 646 2541 5,
671 2505 699 2534 1.
730 2504 828 2535 VIII.
854 2505 901 2541 10,
925 2505 941 2534 1

84 2555 171 2595 (add.
206 2556 306 2587 VIII.
342 2557 390 2594 14,
422 2558 464 2597 1),
499 2567 582 2598 quae
619 2562 695 2588 sunt
734 2557 841 2588 Servii
871 2558 943 2589 Sul-

85 2607 160 2648 picii
191 2613 222 2639 et
245 2608 359 2641 Caelii.
391 2610 513 2651 Aptius
541 2610 733 2641 contulisset
766 2611 805 2640 ad
836 2610 876 2648 Q.
905 2610 944 2641 fr.

84 2663 129 2693 11.
151 2663 178 2700 6,
203 2665 219 2694 5
242 2664 324 2705 quod
344 2664 382 2695 de
405 2665 551 2705 Pompeio
577 2665 729 2696 Caninius
753 2665 830 2706 ayif,
853 2676 942 2696 sane-

84 2725 172 2755 quam
193 2715 332 2755 refrimz't.
356 2717 421 2748 Sed
442 2723 618 2758 utrumque
642 2722 728 2748 recte
751 2718 881 2748 dicitur.

130 2768 267 2809 Quodam
288 2770 376 2801 modo
398 2771 484 2801 molli
514 2771 652 2802 brachio.
697 2771 788 2801 Molli
818 2772 944 2802 brachio
966 2770 968 2785 ⁵

85 2826 116 2852 et
137 2822 199 2853 levi
221 2823 349 2854 brachio
363 2825 424 2855 IV.
440 2826 488 2862 16,
505 2825 532 2862 6,
556 2830 631 2856 sunt
649 2826 831 2856 locutiones
854 2826 944 2856 fami-
967 2838 968 2845 ¹

85 2875 180 2907 liares
202 2887 261 2917 pro
284 2878 410 2915 leniter,
426 2879 553 2909 leviter.
570 2878 722 2910 Couferri
738 2884 844 2919 potest
858 2879 944 2909 molli
967 2873 968 2879 ¹

85 2928 219 2959 articulo
241 2931 384 2961 tractare
406 2931 540 2971 aliquem
563 2932 648 2971 apud
684 2931 817 2969 Quinct.
849 2932 875 2962 Ι.
906 2931 944 2963 Ο.

86 2979 148 3011 XI.
171 2982 198 3018 1,
223 2982 261 3014 70
284 2988 314 3014 et
330 2983 479 3021 remedia,
498 2994 577 3025 quae
594 2986 712 3013 aalma
730 2986 803 3014 sunl
821 2994 944 3023 aspera,

87 3036 173 3066 molli
202 3049 295 3068 manzo
324 3039 434 3076 lenire,
465 3039 542 3070 ibid.
571 3039 616 3070 II.
639 3041 668 3076 4,
701 3040 749 3069 12.

88 3088 183 3126 modo,
209 3091 296 3131 quod
318 3091 478 3123 Ernestus
501 3102 520 3122 a
542 3092 722 3132 glossatore
745 3091 945 3132 adscriptum

87 3142 217 3182 iudicat,
240 3145 281 3177 ab
302 3145 373 3189 ipso
395 3146 551 3190 scriptore
579 3146 727 3179 additum
747 3150 836 3188 puto,
857 3147 946 3189 quod
968 3179 970 3184 ,

795 3038 944 3079 chodam-
968 3045 969 3055 ¹

986 1704 1071 1734 molli
1100 1703 1226 1734 brachio
1261 1704 1429 1744 aliquanto
1458 1703 1612 1735 audacius
1641 1713 1716 1734 cum
1743 1704 1844 1735 verbo

986 1758 1132 1798 ohim-qus
1153 1758 1376 1798 coniungitur.

1030 1811 1084 1841 Ila
1107 1820 1158 1841 res
1180 1813 1250 1841 erat
1273 1811 1422 1841 instituta
1445 1821 1478 1842 o:
1503 1812 1548 1842 ita
1570 1821 1620 1842 res
1643 1820 1676 1843 se
1694 1811 1845 1842 habebat.

989 1864 1037 1896 Cf.
1060 1865 1152 1895 Fam.
1176 1865 1219 1895 V.
1243 1864 1290 1901 17,
1314 1866 1343 1895 2.

1030 1917 1238 1948 Praeeautum
1261 1919 1354 1958 atque
1376 1936 1416 1939 —
1434 1917 1601 1957 provisum.
1629 1917 1745 1949 Solent
1765 1919 1845 1950 11660

988 1974 1087 2005 verba
1110 1974 1155 2004 ita
1177 1973 1345 2013 coniungi,
1369 1978 1405 2003 ut
1420 1973 1601 2013 providere,
1614 1975 1703 2014 quod
1717 1975 1845 2014 proprie

989 2028 1024 2057 in
1047 2026 1221 2067 cogitando
1243 2032 1399 2062 versatur,
1422 2027 1602 2067 praecedat.
1638 2027 1714 2058 Vid.
1738 2037 1845 2058 exem-

989 2083 1053 2123 pla,
1084 2091 1167 2122 quae
1200 2082 1335 2121 collegit
1364 2082 1391 2111 I.
1421 2081 1459 2111 F.
1489 2080 1674 2112 Gronovius
1704 2083 1744 2112 ad
1771 2082 1846 2113 Liv.

991 2134 1161 2165 XXXVI.
1185 2134 1233 2170 17,
1258 2135 1306 2164 12.
1329 2133 1394 2165 Sed
1417 2144 1517 2174 quum
1540 2134 1733 2174 providendi
1756 2135 1847 2165 notio

990 2187 1090 2218 etiam
1119 2187 1159 2216 ad
1188 2187 1332 2217 actiones
1355 2187 1557 2223 extendatur,
1588 2187 1730 2217 inversio
1762 2187 1847 2217 nihil

991 2240 1182 2271 offensionis
1204 2240 1311 2270 habet.
1336 2239 1384 2270 Cf.
1407 2240 1481 2270 Liv.
1505 2240 1641 2270 XXIII
1664 2241 1713 2278 43,
1738 2240 1765 2277 7,
1789 2250 1846 2270 0122-

990 2292 1045 2323 m‘a
1067 2310 1109 2314 —-
1130 2294 1225 2322 cauta
1240 2292 1429 2333 prmzisaque
1442 2291 1588 2331 fuerunt.

1031 2345 1079 2375 De
1102 2345 1216 2385 optima
1237 2345 1297 2375 zlla
1314 2355 1380 2375 mea
1394 2344 1527 2375 ratione.
1551 2345 1689 2376 Temere
1704 2344 1847 2377 Orellius

991 2400 1114 2440 probat,
1138 2400 1224 2440 quod
1244 2400 1362 2430 Lamb.
1384 2400 1516 2430 dederat
1545 2399 1696 2439 optimati.
1739 2401 1847 2432 Immo

992 2455 1080 2494 quod
1107 2453 1185 2484 dicit
1220 2463 1254 2484 se
1290 2453 1488 2493 Pompeium
1523 2455 1657 2485 reddere
1694 2454 1847 2485 meliorem

992 2506 1113 2537 evincit
1134 2506 1219 2536 nihil
1248 2506 1441 2536 mutandum
1470 2515 1548 2543 esse,
1578 2516 1743 2547 quumque
1772 2508 1848 2547 opti-

991 2561 1089 2589 mates
1119 2559 1293 2599 aliquoties
1323 2558 1431 2598 optimi
1465 2560 1670 2600 appellentur
1698 2570 1728 2591 v.
1751 2571 1778 2591 c.
1808 2562 1848 2592 de

991 2613 1072 2652 Leg.
1095 2613 1160 2643 ΙΙΙ.
1183 2612 1232 2649 37,
1257 2612 1371 2652 quidni
1394 2622 1505 2643 eorum
1534 2613 1617 2644 ratio
1647 2613 1773 2644 dicatur
1800 2624 1848 2654 op-

991 2665 1096 2695 tima?
1119 2665 1168 2696 Cf.
1193 2675 1288 2695 causa
1310 2665 1424 2705 optima
1447 2676 1495 2706 ep.
1520 2667 1567 2703 16,
1591 2668 1611 2696 4
1632 2667 1664 2697 h.
1687 2667 1708 2697 l.
1724 2667 1800 2697 civ-is
1815 2667 1846 2698 2⁴72

991 2718 1080 2748 rebus
1102 2717 1226 2757 optimi-s·
1248 2718 1518 2748 constantissimus
1540 2719 1633 2749 Brut.
1657 2720 1705 2749 95.

1034 2769 1127 2799 Cuius
1149 2780 1231 2799 nunc
1252 2769 1336 2800 venti
1358 2770 1450 2800 valde
1472 2773 1544 2800 sunt
1573 2771 1703 2801 secunde?
1732 2782 1764 2802 o:
1795 2772 1848 2803 cui

992 2834 1080 2855 nunc
1103 2823 1251 2855 fortunae
1267 2834 1345 2855 aura
1361 2825 1511 2865 adspirat.
1535 2825 1599 2856 Sed
1615 2836 1715 2866 quum
1730 2825 1848 2857 Latine

991 2878 1118 2909 dicatur
1147 2880 1255 2907 ventos
1284 2878 1380 2908 habeo
1408 2878 1560 2909 secundos
1593 2884 1623 2909 et
1659 2881 1767 2909 ventus
1802 2882 1848 2910 est

992 2930 1068 2961 mihi
1088 2930 1243 2960 secundus
1265 2940 1331 2961 non
1355 2931 1477 2967 dubito,
1501 2931 1580 2971 quin
1600 2941 1657 2971 pro
1673 2931 1760 2961 cuius
1774 2932 1847 2962 seri-

993 2985 1135 3015 bendum
1159 2984 1200 3014 sit
1222 2983 1281 3014 emt.
1326 2985 1366 3015 In
1390 2985 1550 3025 proximis
1579 2985 1661 3016 redii
1690 2987 1731 3016 ad
1760 2986 1848 3018 Med.

992 3037 1184 3077 scripturam
1206 3038 1328 3066 lantum
1351 3046 1381 3067 o.
1409 3042 1499 3068 tanto
1521 3046 1627 3078 opere.

1035 3089 1053 3128 ξ
1076 3088 1105 3121 7.
1126 3087 1303 3130 qucz‘tatas.
1339 3103 1353 3115 u
1365 3088 1420 3120 Sic
1442 3089 1521 3121 dicit
1543 3089 1737 3121 insolentius
1766 3091 1847 3122 ordi-

993 3150 1069 3173 nem
1091 3145 1283 3183 equestrem,
1307 3140 1424 3183 opinor
1445 3141 1522 3184 quia
1537 3143 1577 3173 de
1592 3142 1740 3185 equitum
1751 3152 1849 3185 opera

1861 959 1897 985 10

1860 1322 1893 1347 15
