2117 3533
1072 48 1089 56 .-

255 143 338 182 los

650 143 733 183 ΕΡ.
768 142 844 182 AD
877 143 922 182 T.
958 141 1306 184 POMPONIUM
1340 139 1601 181 ATTICUM.

254 278 317 330 [ut
350 276 467 330 soles]
504 273 636 317 κατὰ
668 274 726 318 τὸ
759 271 1088 333 κηδεμονικὸν
1121 282 1161 318 et
1194 278 1243 318 ad
1277 292 1338 318 me
1373 277 1422 317 ab
1457 292 1502 317 eo
1529 277 1642 330 quasi
1666 273 1928 327 ὑποθήκας
1952 276 2005 315 af-

252 349 364 398 feres,
400 348 735 402 quemadmodum
768 364 830 390 me
864 364 1012 404 geram.
1049 349 1214 405 Aliquid
1248 366 1294 391 ex
1329 350 1415 391 eius
1448 364 1626 390 sermone
1661 347 1878 403 poterimus
1903 344 2005 404 περὶ

256 421 353 462 τῶν
386 416 512 463 ὅλων
546 420 753 475 suspicari.

296 578 310 607 l
336 579 370 607 ut
392 577 473 607 soles
498 583 655 618 tanquam
678 579 833 618 genuina.
856 597 896 600 —

256 741 304 764 tos
328 733 361 764 in
386 733 533 764 fraudem
556 734 698 765 induxit.
724 753 762 756 —
786 735 996 775 Significatur
1020 736 1114 766 Pom·
1142 751 1143 770 ;

257 788 360 829 peius.

817 896 989 937 XVIII.
1058 898 1121 948 (A.

1208 735 1247 774 Πίι
1268 735 1348 765 soles
1371 746 1386 766 e
1410 736 1502 766 codd.
1526 735 1677 766 Bosianis
1700 733 1809 764 addita
1836 737 1921 764 recte
1943 743 2011 773 pro-

1141 781 1143 824 l
1161 790 1288 830 scripsit
1310 789 1475 820 Bucheler
1496 789 1583 820 Mus.
1604 788 1711 820 Rhen.
1735 787 1798 818 XI.
1820 797 1850 827 p.
1874 786 1943 817 526.

1165 896 1208 936 U.
1247 896 1288 935 C.
1324 895 1444 948 695.)

321 1012 359 1049 l.
394 1009 542 1063 Accepi
577 1009 730 1062 aliquot
763 1010 950 1064 epistolas
983 1016 1088 1059 tuas,
1134 1024 1181 1050 ex
1226 1008 1373 1064 quibus
1417 1009 1611 1058 intellexi,
1657 1023 1777 1063 quam
1822 1022 2013 1062 suspenso

257 1083 388 1124 animo
422 1086 461 1122 et
494 1082 664 1123 sollicito
698 1083 796 1123 scire
830 1099 977 1134 averes,
1013 1083 1110 1138 quid

1144 1088 1248 1123 esset
1280 1083 1387 1123 novi.
1429 1084 1626 1124 Tenemur
1658 1081 1851 1135 undique,
1885 1094 2014 1134 neque

256 1156 335 1196 iam
370 1170 448 1209 quo
480 1155 613 1195 minus
647 1155 863 1196 serviamus
896 1171 1140 1206 recusamUS,
1175 1155 1244 1195 sed
1278 1160 1445 1196 mortem
1478 1159 1518 1195 et
1540 1154 1774 1195 eiectionem
1799 1152 1912 1206 quasi
1934 1167 2013 1193 ma-

257 1228 340 1269 iora
372 1228 573 1278 timemus,
609 1243 709 1282 quae
742 1228 869 1269 multo
904 1233 998 1269 sunt
1030 1229 1198 1269 minora.
1249 1230 1383 1282 Atque
1425 1228 1491 1268 1118
1535 1232 1596 1268 est
1636 1232 1777 1276 status,
1823 1226 1892 1280 qui
1934 1241 2015 1267 una

258 1316 351 1342 voce
386 1301 565 1341 omnium
597 1300 770 1354 gemitur
804 1316 932 1354 neque
966 1300 1085 1341 verbo
1120 1301 1355 1354 cuiusquam
1401 1299 1645 1341 sublevatur.
1691 1296 1896 1349 Σκοπὸς
1940 1304 2014 1349 est,

258 1380 304 1416 ut
337 1375 529 1429 suspicor,
564 1374 643 1414 illis
677 1374 746 1428 qui
779 1379 932 1425 tenent,
965 1374 1118 1415 nullam

1142 1375 1328 1428 cuiquam
1352 1373 1605 1428 largitionem
1628 1372 1864 1426 relinquere.
1900 1372 2016 1412 Unus

258 1448 436 1503 loquitur
469 1451 508 1487 et
541 1446 671 1501 palam
705 1446 936 1487 adversatur
970 1447 1198 1487 adolescens
1232 1446 1368 1487 Curio.
1403 1446 1512 1486 Huic
1536 1445 1699 1500 plausus
1722 1444 1899 1494 maximi,
1925 1459 2016 1485 con-

260 1520 447 1562 salutatio
482 1519 648 1559 forensis
682 1518 984 1573 perhonorifica,
1021 1519 1134 1573 signa
1168 1524 1369 1573 praeterea
1414 1518 1713 1559 benevolentiae
1758 1517 1956 1573 permulta
1997 1534 2015 1558 a

260 1592 376 1634 bonis
408 1591 715 1646 impertiuntur3
752 1591 911 1631 Fufium
946 1591 1186 1632 clamoribus
1220 1597 1259 1632 et
1300 1591 1490 1631 conviciis
1534 1595 1574 1631 et
1617 1589 1744 1631 sibilis
1789 1594 2018 1631 consectan-

260 1672 340 1708 tur.
385 1665 462 1706 His
495 1680 543 1705 ex
576 1663 694 1704 rebus
728 1679 808 1704 11011
843 1680 930 1719 spes
965 1664 1033 1704 sed
1068 1664 1179 1704 dolor
1213 1668 1272 1704 est
1313 1663 1450 1713 maior,
1497 1678 1621 1717 quum
1667 1662 1800 1703 videas
1844 1662 2018 1704 civitatis

261 1739 508 1781 voluntatem
542 1737 726 1787 solutam,
762 1737 951 1777 virtutem
986 1737 1203 1792 alligatam.

1263 1740 1301 1777 2.
1337 1738 1396 1776 Ac
1441 1751 1490 1776 ne
1534 1735 1633 1776 forte
1678 1750 1844 1790 quaeras
1888 1733 2019 1778 κατὰ

261 1809 433 1854 λεπτὸν
467 1810 515 1850 (18
549 1809 718 1863 singulis
752 1808 883 1859 rebus,
918 1809 1105 1850 universa
1138 1825 1198 1850 res
1233 1824 1278 1849 eo
1312 1813 1372 1849 est
1405 1808 1591 1858 deducta,
1627 1824 1715 1863 spes
1749 1812 1794 1848 ut
1826 1808 1938 1849 nulla
1967 1809 2020 1850 sit

259 1884 473 1939 aliquando
506 1897 587 1923 11011
620 1881 738 1923 modo
771 1882 946 1937 privatos
980 1898 1115 1923 verum

1151 1883 1271 1923 etiam
1304 1882 1562 1936 magistratus
1594 1880 1741 1921 liberos
1775 1881 1871 1922 fore.
1928 1882 2017 1923 Hac

258 1963 393 1998 tamen
425 1957 467 1996 in
501 1955 754 2010 oppressione
790 1971 916 1996 sermo
950 1956 992 1997 in
1027 1956 1187 1996 circulis
1221 1955 1431 1996 dumtaxat
1464 1959 1503 1994 et
1535 1954 1578 1995 111
1612 1954 1804 1995 conviviis
1839 1958 1898 1995 est
1920 1953 2017 1995 libe-

258 2031 351 2080 rior,
387 2045 505 2083 quam
539 2029 630 2069 fuit.
664 2029 835 2070 Vincere
869 2029 1013 2084 incipit
1052 2029 1236 2070 timorem
1281 2028 1405 2076 dolor,
1451 2026 1519 2067 sed
1560 2027 1631 2077 ita,
1676 2032 1723 2067 ut
1763 2027 1896 2068 omnia
1938 2027 2020 2068 sint

303 2211 319 2239 5
344 2208 394 2238 lez'c
415 2209 518 2238 status
541 2209 587 2238 est
611 2226 651 2229 —

302 2355 320 2392 ξ
343 2354 371 2383 1.
394 2353 486 2383 Haec
510 2352 647 2392 epistola
670 2358 701 2382 et
724 2359 898 2392 sequentes
921 2354 1018 2384 huius
1044 2354 1119 2384 libri

259 2406 397 2446 scriptae
420 2411 494 2435 sunt
525 2405 648 2435 Romae
679 2405 719 2434 ad
748 2405 910 2442 Atticum,
942 2406 998 2446 qui
1028 2406 1119 2437 brevi

260 2465 332 2500 post
356 2459 524 2490 Ciceronis
548 2458 690 2489 reditum
712 2458 746 2488 in
770 2459 895 2495 urbem,
920 2459 953 2489 in
980 2459 1118 2499 Epirum

260 2513 423 2554 profectus
446 2518 524 2543 erat.
549 2511 599 2543 Cf.
624 2521 672 2551 ep.
697 2512 744 2548 20,
769 2512 797 2542 2.
821 2512 869 2548 21,
895 2513 912 2542 6
936 2519 1020 2543 extr.

301 2565 501 2596 Eieclionem.
526 2561 623 2603 ἅπαξ
652 2562 826 2609 εἰρημένον
851 2564 890 2595 (18
914 2564 1044 2595 exsilio.

304 2621 403 2661 Atque
425 2620 475 2650 lm·
498 2622 543 2650 est
566 2622 679 2650 status.
716 2621 874 2651 Ernestus
903 2630 1005 2660 quum
1034 2625 1121 2650 recte

261 2679 411 2714 negasset
434 2684 464 2703 v.
487 2676 533 2703 est
556 2673 664 2704 omitti
688 2682 791 2713 posse,
816 2672 961 2704 Orellius
984 2672 1068 2702 illud
1085 2671 1118 2701 in

261 2727 442 2759 orationem
465 2727 585 2767 recepit
607 2732 680 2767 post
702 2736 732 2756 v.
756 2728 869 2755 Μαίης.
901 2725 966 2756 Sed
990 2724 1119 2754 facilius

261 2781 383 2812 excidit
406 2785 481 2811 ante
503 2780 586 2810 illud
602 2780 810 2810 vocabulum.
833 2778 937 2810 Verbi
955 2777 1117 2818 defectum

261 2835 323 2864 alia
346 2835 473 2865 ratione
495 2833 721 2874 compensavit
739 2833 920 2869 Manutius,
936 2832 982 2863 ita
999 2832 1115 2862 edens:

262 2885 363 2926 Atque
394 2885 444 2914 hie
480 2887 593 2921 status,
623 2884 677 2925 qui
706 2902 747 2907 ——
773 2884 964 2920 sublevatur,
995 2879 1119 2920 σκοπὸς

262 2943 316 2977 est,
340 2943 373 2970 ul
395 2940 544 2980 suspicor,
574 2940 641 2970 illis
669 2940 721 2981 qui
751 2939 859 2970 liment
889 2940 985 2969 vllam
1018 2939 1118 2969 euius-

260 3006 349 3035 quanc
372 2995 453 3035 larg).
477 2994 662 3035 reIIanIere.
685 2995 725 3024 In
749 3004 814 3034 quo
836 2994 898 3024 1108
914 2993 1057 3024 maxime
1072 3002 1118 3023 re-

262 3048 540 3087 prehendendum,
570 3048 658 3088 quod
695 3053 810 3078 eontra
846 3047 1118 3078 consuetudinem

262 3101 450 3131 Tullianam
474 3102 580 3131 limare
602 3112 676 3132 cum
706 3101 870 3132 infinitivo
898 3100 1055 3140 iungitur.
1078 3119 1118 3122 —

264 3153 418 3185 Ceterum
461 3165 511 3185 res

555 3155 622 3195 ipsa
665 3156 878 3186 confirmatur
913 3165 929 3183 a
960 3151 1142 3185 Suetoniol

1145 2391 1146 2403 ἵ
1171 2352 1262 2383 Caes.
1287 2352 1326 2382 20
1349 2353 1453 2382 celera
1476 2361 1599 2392 quoque,
1629 2360 1707 2391 quae
1731 2350 1838 2391 cuique
1859 2349 2020 2380 libuissent

1145 2407 1146 2412 ’
1169 2406 1339 2445 dibu-[silus
1361 2408 1417 2442 est,
1440 2405 1676 2436 contradicente
1704 2404 1791 2434 mello
1820 2414 1867 2440 ac,
1900 2403 1928 2433 si
1958 2403 2026 2444 quis

1168 2460 1345 2494 conaretur,
1369 2457 1544 2488 abslerrz'to.

1209 2511 1291 2547 Illis,
1321 2511 1372 2552 qm?
1401 2513 1517 2541 feneret.
1555 2512 1681 2542 Iterum
1711 2510 1859 2541 absolute
1891 2510 2023 2550 ponitur

1168 2567 1248 2596 VII.
1273 2566 1320 2602 12,
1344 2568 1362 2596 3
1387 2566 1437 2595 An
1459 2565 1499 2595 iis
1520 2575 1566 2595 me
1588 2564 1665 2601 (lem,
1689 2563 1741 2605 qai
1764 2565 1882 2600 tenent,
1905 2563 2023 2603 quipo-

1142 2625 1143 2630 ’
1167 2619 1320 2649 liuntur?
1343 2618 1426 2649 infra
1459 2619 1506 2655 22,
1537 2619 1554 2648 6
1584 2618 1679 2658 plene
1710 2617 1852 2657 appellat
1881 2625 1942 2653 803,
1970 2616 2023 2657 qui

1165 2673 1271 2702 tenent
1293 2671 1406 2702 onmia.

1207 2724 1333 2754 Nullam
1358 2724 1495 2764 cuiquam
1521 2723 1716 2763 lamisionem
1741 2721 1925 2762 relinquere.
1948 2720 2021 2751 Flo-

1164 2788 1219 2808 rus
1249 2778 1313 2808 111.
1345 2777 1382 2809 17
1425 2776 1567 2808 servavit
1604 2775 1746 2806 similem
1782 2783 1897 2804 vocem
1934 2773 2020 2804 Livii

1163 2831 1271 2867 Drusi,
1296 2829 1378 2859 nihil
1399 2840 1432 2859 Se
1460 2828 1504 2859 ad
1530 2828 1730 2869 lamisionem
1760 2826 1820 2856 ulli
1848 2825 2020 2866 reliqmsse,

1163 2884 1227 2914 nisi
1254 2883 1283 2913 si
1311 2883 1378 2924 quis
1406 2884 1461 2913 aut
1497 2892 1623 2913 caenum
1660 2880 1801 2911 [lividere
1835 2879 1930 2909 vellet
1965 2881 2020 2908 aut

1165 2936 1294 2966 caelum.

1206 2989 1334 3029 Fufium.
1357 2988 1527 3019 Manutius
1543 2987 1734 3027 suspicatur,
1751 2986 1839 3015 1111118
1854 2984 1910 3024 qni
1930 2983 2018 3014 bien-

1166 3045 1221 3075 nio
1245 3050 1319 3075 ante
1343 3044 1414 3074 trib.
1431 3044 1473 3084 pl.
1488 3043 1595 3073 fuerat
1617 3041 1658 3081 (1.
1676 3042 1724 3077 14,
1743 3041 1784 3079 1),
1800 3040 1861 3070 hoe
1875 3044 2020 3079 tempore

1166 3098 1304 3129 aedilem
1329 3097 1437 3128 fuisse.
1462 3096 1576 3127 Potius
1598 3100 1781 3135 praetorem
1798 3093 1896 3123 fuisse
1914 3093 2020 3124 credo.

1211 3152 1307 3192 Quum
1338 3151 1446 3181 videas
1471 3168 1506 3173 -—-
1539 3149 1715 3191 αίΙίφιίιιῐη.
1752 3147 1913 3179 Disertius
1942 3146 2022 3178 haec
