2117 3533
670 176 778 218 LIB.
814 177 889 219 VI.
922 178 1007 220 EP.
1043 179 1085 219 3.
1122 180 1162 220 4.
1711 179 1796 220 277

36 314 231 369 primum,-
267 312 300 353 si
333 312 435 353 nihil
469 313 494 357 †
526 313 609 355 fieri
644 312 706 354 vel
739 328 807 368 per
840 318 956 355 tuum
990 313 1259 356 tabellarium.
1306 314 1431 356 Piliae
1466 319 1506 356 et
1549 314 1653 356 filiae
1694 314 1798 356 salu-

36 390 131 428 tem.
166 386 273 427 Cura
305 390 351 426 ut
383 385 529 428 Valeas.

80 563 95 593 1
119 562 148 593 si
170 562 268 593 nihil.-
292 562 375 593 nihil
386 562 476 603 fieri,
502 561 552 593 vel
573 579 615 585 -—

80 720 114 751 Si
151 719 232 751 nihil
260 722 277 759 †
295 719 374 762 fieri
404 720 454 750 vel
478 730 539 760 per
566 721 651 751 luam
688 720 898 754 tabellarium.
945 723 1015 761 erit,
1039 724 1088 755 vel
1103 734 1164 765 per
1186 726 1270 755 tuum
1293 722 1493 754 tabellarium
1517 731 1550 753 o:
1581 723 1609 753 si
1639 732 1706 753 non
1730 723 1800 761 erit,

39 775 66 807 E
108 774 333 816 geminatione
368 784 440 805 voc.
476 773 559 805 m'lzz'l
593 775 696 805 oritur
736 777 899 807 sententia
943 779 1030 818 quod
1060 779 1191 815 scribas,
1223 778 1346 810 nuncia
1374 778 1437 809 hoc
1469 777 1551 809 mihi
1582 777 1653 809 sine
1688 777 1801 815 literis,

38 829 135 871 paulo
163 829 284 861 durior.
322 828 441 860 Malim
468 828 515 860 sic
545 829 725 869 corrigere:
755 829 783 859 δι’
816 829 899 861 nihil
944 831 970 862 si
993 831 1054 862 tibi
1075 832 1216 864 videtur.

654 971 738 1013 JV.
803 972 869 1026 (A.
912 972 957 1013 U.
992 970 1034 1013 0.
1073 971 1191 1026 704.)

105 1099 144 1140 1.
179 1099 346 1140 Tarsum
379 1097 561 1139 venimus
594 1098 725 1139 Nonis
760 1099 906 1141 Iuniis.
948 1098 1013 1140 Ibi
1054 1114 1117 1140 me
1161 1098 1288 1139 multa
1332 1102 1566 1140 moverunt:
1610 1111 1804 1151 magnum

39 1173 82 1215 in
116 1172 228 1227 Syria
261 1171 424 1221 bellum,
459 1186 604 1226 magna
635 1172 678 1212 in
723 1172 865 1213 Cilicia
908 1172 1133 1223 latrocinia,
1178 1172 1279 1213 mihi
1323 1171 1497 1212 difficilis
1538 1171 1641 1212 ratio
1683 1169 1808 1211 admi-

41 1245 254 1295 nistrandi,
289 1244 396 1299 quod
430 1259 578 1299 paucos
615 1244 699 1285 dies
733 1244 931 1286 habebam
964 1245 1139 1300 reliquos
1173 1245 1299 1286 annui
1332 1244 1524 1296 muneris,
1548 1243 1650 1285 illud
1674 1247 1810 1284 autem

42 1318 345 1360 difficillimum:
394 1316 683 1372 relinquendus
717 1322 802 1359 erat
835 1333 884 1359 ex
918 1322 1081 1359 senatus
1115 1317 1299 1358 consulto
1333 1317 1404 1372 qui
1436 1322 1649 1373 praeesset.
1694 1316 1812 1358 Nihil
1852 1327 1866 1352 5

41 1392 175 1434 minus
208 1391 368 1447 probari
411 1396 569 1447 poterat
611 1406 730 1445 quam
771 1396 957 1446 quaestor
1001 1391 1238 1433 Mescinius.
1294 1391 1403 1432 Nam
1446 1390 1495 1431 de
1540 1390 1675 1432 Caelio
1708 1389 1813 1431 nihil

42 1463 316 1505 audiebamus.
357 1463 643 1505 Rectissimum
676 1463 890 1506 videbatur
923 1464 1087 1506 fratrem
1131 1479 1222 1505 cum
1262 1463 1430 1519 imperio
1473 1463 1698 1519 relinquere
1712 1482 1723 1515 3
1769 1463 1814 1505 in

43 1553 121 1592 quo
153 1537 281 1578 multa
313 1537 492 1586 molesta,
528 1537 727 1579 discessus
760 1542 909 1589 noster,
945 1537 1040 1579 belli
1073 1538 1312 1594 periculum,
1346 1537 1524 1579 militum
1557 1536 1813 1593 improbitas,

46 1615 232 1654 sexcenta
264 1615 480 1666 praeterea.
516 1611 552 1653 O
585 1626 669 1652 rem
701 1616 828 1653 totam
861 1611 1061 1653 odiosam!
1099 1610 1176 1669 Sed
1210 1610 1308 1652 haec
1342 1610 1504 1652 fortuna
1532 1610 1692 1661 viderit,
1718 1625 1814 1664 quo-

46 1685 156 1727 niam
190 1684 357 1726 consilio
391 1700 472 1726 non
506 1684 679 1726 multum
712 1685 774 1726 uti
807 1685 915 1727 licet.
963 1689 1003 1727 2.
1037 1686 1112 1735 Tu,
1156 1684 1317 1740 quando
1362 1684 1531 1726 Romam
1575 1683 1724 1735 salvus,
1769 1687 1817 1725 ut
1836 1697 1871 1723 10

48 1773 176 1813 spero,
212 1758 374 1808 venisti,
411 1757 567 1798 videbis
612 1762 658 1799 ut
699 1758 800 1799 soles
843 1758 991 1808 omnia,
1038 1773 1141 1812 quae
1186 1757 1387 1813 intelliges
1427 1762 1564 1799 nostra
1608 1757 1816 1811 interesse,

46 1831 243 1886 imprimis
277 1830 325 1872 de
358 1830 491 1873 Tullia
523 1847 611 1873 mea
620 1850 631 1883 3
683 1832 797 1872 cuius
831 1831 880 1873 de
924 1831 1155 1873 conditione
1190 1831 1287 1886 quid
1320 1830 1420 1872 mihi
1453 1831 1641 1887 placeret,
1677 1832 1818 1887 scripsi

47 1905 97 1947 ad
129 1904 370 1953 Terentiam,
406 1919 531 1958 quum
563 1910 609 1946 tu
642 1905 685 1946 in
719 1905 888 1947 Graecia
922 1921 1026 1947 esses
1036 1924 1047 1957 ,-
1083 1905 1228 1947 deinde
1253 1905 1301 1946 de
1324 1905 1475 1946 honore
1499 1909 1653 1946 nostro.
1691 1904 1819 1957 Quod

47 1979 153 2020 enim
186 1983 232 2019 tu
265 1977 415 2028 afuisti,
450 1993 599 2030 vereor,
635 1983 680 2019 ut
713 1979 809 2020 satis
843 1979 1058 2034 diligenter
1092 1983 1227 2020 actum
1259 1978 1302 2020 in
1336 1982 1479 2020 senatu
1512 1978 1565 2019 sit
1599 1977 1647 2018 de
1689 1978 1817 2019 literis

48 2052 160 2092 meis.
197 2054 237 2091 3.
273 2051 381 2092 Illud
415 2057 617 2106 praeterea
650 2050 1021 2111 Λαὐστικώῑέρον
1055 2052 1104 2093 ad
1137 2057 1176 2093 te
1211 2052 1397 2103 scribam,
1431 2056 1478 2093 tu
1511 2051 1694 2106 sagacius
1723 2051 1817 2092 odo·
1839 2066 1870 2091 15

49 2124 204 2165 rabere:
251 2128 334 2177 τῆς
369 2118 631 2183 δάμαρτός
664 2140 762 2182 μου
799 2122 825 2168 ὁ
859 2122 1180 2184 ἀπελεύθερος
1216 2150 1272 2155 —
1307 2119 1469 2168 οἶσθα
1505 2122 1564 2168 ὃν
1598 2120 1722 2183 λέγω
1760 2149 1816 2155 —

49 2190 191 2248 ἔδοξέ
219 2211 306 2253 μοι
343 2194 523 2255 πρώην,
559 2195 611 2250 ἐξ
645 2186 715 2241 ὧν
755 2194 1115 2256 οὲλογευόμενος
1161 2197 1556 2256 παρεφθέγγετο,
1603 2212 1816 2256 πεφυρα-

49 2269 194 2314 κίναι
227 2267 320 2321 τὰς
355 2269 553 2326 ψήφους
588 2268 641 2314 ἐκ
674 2276 762 2325 τῆς
795 2275 925 2325 ωνῆς
968 2272 1070 2315 τῶν
1113 2268 1450 2330 ὑπαρχόντων
1492 2273 1578 2313 τοῦ
1621 2271 1815 2330 Κροτω-

91 2495 109 2533 ξ
132 2495 160 2524 l.
187 2493 314 2524 Tarsum
339 2494 486 2524 venimus.
510 2494 638 2535 Scripta
662 2495 741 2525 hacc
759 2495 906 2535 epistola,
955 2494 1078 2526 Fabiae
1101 2504 1222 2526 nomen
1246 2494 1346 2526 fuisse
1368 2504 1386 2525 e
1410 2494 1552 2533 Quintil.
1584 2495 1610 2525 1.
1635 2493 1674 2526 Ο.
1699 2494 1761 2525 VI.
1791 2496 1820 2531 3,

50 2559 150 2590 quum
180 2549 342 2581 Laodicea
372 2551 413 2581 ad
442 2555 545 2581 castra
575 2550 836 2591 proficisceretur
866 2556 907 2587 et,
957 2547 995 2580 73
1018 2548 1175 2588 suspicari
1199 2548 1284 2585 licet,
1308 2547 1399 2579 brevi
1417 2552 1492 2579 ante
1506 2547 1709 2585 discesserat,
1725 2547 1819 2579 Fam.

41 2600 85 2632 ‘ut
107 2611 124 2633 e
146 2602 254 2633 verbis
278 2602 296 2642 ξ
320 2604 338 2633 3
360 2602 472 2643 scripsi
493 2603 527 2633 in
549 2603 663 2634 itinere
680 2605 773 2645 alque
787 2603 910 2645 aymine
958 2601 1056 2632 VIII.
1081 2602 1109 2638 6,
1134 2602 1162 2631 1.

51 2660 191 2696 apparet,
215 2656 318 2687 Tarso
340 2656 407 2687 iam
432 2657 556 2688 relicta.
597 2658 769 2698 Temporis
795 2658 910 2689 ordine
999 2654 1047 2685 De
1068 2655 1184 2685 honore
1206 2657 1312 2685 nostro
1335 2664 1368 2685 o:
1400 2655 1440 2686 de
1468 2655 1708 2696 supplicatione
1738 2654 1821 2686 mihi

52 2709 217 2749 praecedit
250 2709 390 2746 tertiam,
428 2719 511 2750 quae
546 2720 563 2741 e
596 2711 709 2742 castris
741 2711 816 2742 data
853 2716 911 2743 est.
958 2708 1175 2739 decernenda.
1213 2707 1263 2740 Cf.
1287 2707 1378 2748 epist.
1402 2707 1546 2745 Catonis,
1580 2707 1673 2738 Fam.
1696 2706 1776 2738 XV.
1803 2708 1820 2737 5

53 2761 131 2793 Vid.
153 2762 181 2800 3,
205 2762 234 2793 6.
960 2769 991 2795 et
1014 2763 1117 2795 Caelii
1141 2764 1242 2795 VIII.
1266 2764 1315 2794 11.

98 2814 252 2856 Quaestor
269 2815 450 2848 Mescinius,
475 2831 487 2842 u
499 2816 716 2855 Quaestorem
730 2828 828 2850 nemo
843 2819 911 2859 dig·
1003 2818 1020 2857 ξ
1044 2818 1073 2847 3.
1101 2818 1161 2854 τῆς
1191 2812 1366 2861 δάμαρτος
1394 2827 1427 2848 κ.
1458 2827 1492 2851 τ.
1524 2811 1558 2845 λ.
1596 2815 1708 2846 Uxoris
1738 2823 1824 2845 ‘meae

53 2880 135 2901 num
157 2875 248 2911 putat
271 2871 342 2912 (qui
368 2871 557 2912 provinciae
589 2872 735 2912 praesit).
779 2873 912 2905 Etenim
960 2873 1090 2903 libertus
1116 2891 1157 2895 —
1187 2872 1271 2903 nosti
1293 2882 1379 2912 quem
1402 2870 1505 2901 dicam
1527 2889 1568 2893 —
1591 2869 1823 2911 (Philotimus)

54 2926 102 2954 est
123 2923 215 2961 levis,
238 2923 444 2961 libidinosus,
467 2925 602 2964 tagax.”
623 2925 684 2965 Ep.
707 2926 735 2962 3,
760 2926 788 2956 1.
960 2925 1044 2955 visus
1066 2927 1113 2955 est
1135 2924 1211 2955 mihi
1233 2923 1348 2954 dadum
1370 2933 1409 2955 err
1430 2923 1480 2961 iis,
1497 2912 1575 2964 qaae
1590 2921 1824 2953 inconsiderate

96 2975 144 3006 De
168 2975 283 3006 Caelio.
308 2975 358 3007 Cf.
382 2985 430 3017 ep.
454 2977 482 3013 2,
513 2977 562 3007 10.
599 2976 700 3008 Hunc
721 2982 831 3009 tamen
859 2980 912 3010 de·
960 2976 1133 3019 effutiebat,
1157 2977 1359 3008 conturbasse
1381 2976 1522 3007 rationes
1544 2976 1647 3015 (unde
1662 2975 1788 3012 V11.1‚
1804 2975 1824 3004 8

54 3030 173 3060 cedens
196 3030 386 3070 provinciae
409 3031 605 3071 praeposuit.
629 3030 723 3062 Fam.
747 3032 793 3062 II.
818 3032 866 3069 15,
882 3033 912 3062 4.
961 3027 1109 3074 φυράτης
1131 3029 1328 3070 appellatur)
1359 3039 1397 3059 ea·
1427 3027 1577 3067 emptione
1604 3027 1750 3057 bonoram
1778 3028 1823 3067 ty-

95 3083 113 3122 §
136 3083 164 3114 2.
187 3083 236 3114 De
262 3083 366 3114 Tullia
390 3092 470 3114 mea.
507 3085 556 3115 Ea
578 3085 640 3115 hoc
671 3084 738 3116 fere
767 3089 913 3125 tempore
962 3086 1150 3117 ranm'cz'dae
1178 3085 1382 3117 Crotoniatae
1406 3084 1454 3124 (oz
1485 3084 1632 3120 Milonis,
1664 3083 1721 3123 qui
1751 3081 1824 3115 Clo-

53 3135 212 3176 desponsa
234 3141 282 3168 est
312 3136 348 3167 P.
380 3136 537 3169 Cornelio
568 3136 771 3174 Dolabellae,
805 3136 912 3173 (Fam.
962 3140 1053 3169 dium
1075 3137 1243 3170 interfecit
1266 3143 1298 3169 et
1319 3147 1418 3179 quem
1440 3142 1506 3168 tam
1529 3137 1571 3167 ob
1599 3136 1825 3168 fortitudinem

54 3187 154 3219 VIII.
180 3189 227 3226 13,
252 3190 278 3221 1.
304 3190 373 3221 Att.
397 3190 457 3221 VI.
482 3190 510 3227 6,
535 3190 578 3231 1),
603 3201 619 3220 a
643 3200 709 3231 quo
733 3200 827 3227 uxor,
861 3190 913 3222 cui
964 3202 1062 3232 quam
1087 3192 1130 3222 ob
1154 3191 1298 3223 nominis
1320 3190 1574 3222 similitudinem
1590 3189 1826 3221 010111110οω-
