2117 3533
822 181 1150 223 PRAEFATIO.
1823 193 1869 220 XI

107 353 345 393 coniecturis
378 353 531 393 facilior
565 354 637 403 fui,
684 368 802 407 quam
844 354 886 393 in
932 352 1043 402 meis,
1089 366 1187 406 quas
1232 353 1273 392 in
1319 351 1650 393 adnotationibus
1696 352 1869 405 proferre

108 436 228 477 malui
263 451 382 490 quam
414 437 457 477 in
491 436 670 491 epistolis
705 436 932 477 admittere.

168 521 217 562 In
251 521 499 562 enarratione
526 526 681 577 praeter
711 521 958 576 antiquiores
990 523 1248 576 interpretes,
1272 535 1439 575 quorum
1465 519 1743 560 adnotationes
1764 519 1873 560 inie-

107 606 273 647 niuntur
290 606 333 646 in
348 606 526 647 editione
544 608 789 657 Graeviana,
809 622 910 661 quae
934 607 1083 663 prodiit
1096 604 1384 647 Amstelodami
1403 619 1507 645 anno
1519 603 1875 652 MDCLXXXIV,

107 706 186 732 non
219 691 304 731 sine
338 690 471 731 fructu
492 691 679 732 consului
703 692 989 746 Mongaltium,
1019 688 1290 738 Wielandum,
1318 687 1567 737 Schutziuin,
1594 686 1692 727 alios
1713 701 1870 741 quoque

106 777 175 832 qui
209 776 337 817 obiter
370 791 431 817 res
466 791 487 816 a
520 776 712 817 Cicerone
746 782 926 817 narratas
953 775 1224 816 illustrarunt.
1290 775 1423 827 Atque
1458 772 1530 812 hac
1580 772 1623 813 in
1669 776 1778 826 parte
1820 772 1874 813 la-

108 863 213 904 boris
246 863 362 903 licuit
394 863 494 904 mihi
527 863 589 904 uti
623 864 910 904 commentario
944 861 1098 903 inedito
1133 861 1192 901 Io.
1229 859 1295 900 Fr.
1330 857 1540 899 Gronovii.
1586 859 1691 897 Ante
1726 870 1873 911 paucos

106 948 211 989 enim
247 960 371 988 annos
404 947 447 988 in
480 947 672 988 librorum
709 947 827 988 MSS.
862 946 1049 988 auctione
1083 944 1261 999 amplum
1286 943 1471 983 volumen
1497 940 1739 996 comparavi,
1765 940 1871 994 quod

107 1032 286 1073 continet
318 1031 470 1072 dictata
501 1032 544 1072 in
578 1031 766 1086 epistolas
800 1031 850 1072 ad
886 1031 1082 1079 Atticum,
1117 1043 1217 1083 quae
1264 1027 1491 1068 Gronovius
1535 1026 1599 1066 die
1646 1026 1755 1067 XIII
1802 1025 1874 1065 Fe-

107 1116 257 1157 bruarii
291 1116 549 1157 MDCLXIV
585 1117 793 1172 discipulis
828 1117 979 1157 dictare
1014 1115 1145 1170 coepit
1179 1119 1218 1155 et
1247 1114 1310 1154 die
1335 1113 1460 1154 XVII
1484 1114 1582 1167 Apr.
1607 1110 1868 1152 MDCLXVI

107 1201 291 1243 absolvit.
357 1201 653 1242 Adnotationes
686 1206 782 1242 sunt
815 1201 1026 1257 pleraeque
1064 1201 1215 1250 breves,
1263 1200 1401 1255 captui
1445 1198 1674 1240 auditorum
1719 1211 1872 1238 accom-

108 1285 304 1335 modatae,
341 1284 409 1325 sed
443 1285 648 1326 Gronovio
682 1285 789 1326 haud
824 1285 1031 1339 indignae.
1077 1287 1226 1329 Iisdem
1261 1292 1352 1327 ante
1388 1301 1449 1326 me
1484 1285 1543 1326 Io.
1578 1286 1725 1338 Georg.
1751 1284 1874 1325 Grae-

108 1371 195 1413 vius
228 1386 326 1412 usus
360 1376 433 1421 est,
470 1370 538 1424 qui
572 1371 657 1426 ipse
694 1371 767 1411 hoc
811 1372 1019 1425 profitetur
1066 1372 1108 1412 in
1153 1371 1405 1412 Praefatione
1449 1369 1640 1411 editionis
1673 1370 1872 1420 laudatae,

107 1458 176 1499 sed
208 1457 392 1513 parcius;
426 1456 533 1511 quod
568 1457 653 1512 ipse
687 1457 897 1511 agnovisse
929 1456 1087 1497 videtur
1122 1457 1235 1512 plura
1280 1455 1374 1496 inde
1417 1455 1654 1510 depromens
1698 1453 1741 1494 in
1792 1453 1873 1493 Ad-

107 1542 249 1583 dendis
282 1547 372 1597 post
406 1543 448 1583 P.
483 1542 660 1583 Manutii
694 1542 1025 1583 commentarium
1058 1542 1103 1582 T.
1150 1542 1204 1582 II.
1249 1556 1287 1596 p.
1336 1542 1421 1580 305
1468 1554 1577 1594 seqq.
1645 1539 1731 1593 Ego
1776 1537 1871 1578 dum

107 1643 239 1669 meum
274 1629 605 1669 commentarium
641 1628 832 1685 perpolio,
868 1628 1013 1669 summi
1048 1626 1121 1667 viri
1166 1625 1446 1667 adnotationes
1491 1639 1627 1666 omnes
1669 1624 1749 1678 legi
1799 1638 1872 1664 nec

110 1728 235 1768 pauca
267 1728 313 1753 ex
347 1713 416 1754 illo
450 1712 558 1754 fonte
592 1714 690 1754 meis
726 1712 918 1768 adspersi,
954 1729 1056 1769 quae
1090 1714 1218 1754 rarius
1253 1713 1301 1755 ad
1336 1714 1473 1763 crisin,
1509 1712 1668 1767 saepius
1712 1711 1761 1752 ad
1807 1726 1871 1751 ex-

110 1798 365 1852 plicationem
399 1798 656 1853 epistolarum
690 1798 864 1851 aliquam
889 1799 1108 1840 utilitatem
1128 1796 1273 1839 habere
1294 1797 1548 1838 videbantur.
1583 1796 1701 1839 Nihil
1721 1800 1872 1852 sumpsi

109 1898 130 1923 a
164 1882 368 1923 Gronovio
403 1898 614 1938 suppresso
649 1885 822 1925 auctoris
857 1885 1029 1926 nomine.
1082 1883 1177 1924 Non
1208 1883 1477 1924 necessarium
1512 1881 1609 1923 duxi
1644 1882 1782 1924 eadem
1816 1899 1874 1925 re-

109 1966 255 2021 ligione
302 1968 450 2009 versari
496 1968 538 2009 in
582 1967 783 2019 omnibus,
833 1984 934 2024 quae
980 1968 1047 2009 alii
1091 1973 1183 2009 ante
1224 1983 1286 2008 me
1321 1968 1509 2008 viderunt
1543 1972 1583 2008 et
1616 1974 1875 2010 monuerunt.

108 2051 189 2103 Qui
224 2052 553 2092 commentarium
587 2053 855 2094 Graevianum
892 2053 1107 2094 aliorumve
1155 2051 1434 2092 adnotationes
1467 2051 1595 2093 editas
1640 2067 1731 2092 cum
1774 2054 1872 2094 meis

108 2135 368 2190 comparabit,
404 2136 519 2177 facile
553 2138 744 2188 inveniet,
781 2138 877 2192 quid
913 2138 1015 2189 aliis,
1053 2139 1149 2193 quid
1185 2138 1283 2180 mihi
1318 2138 1524 2179 debeatur.
1570 2139 1655 2193 Ego
1685 2153 1758 2180 nec
1791 2144 1872 2181 tam

109 2235 258 2274 pauper
293 2235 395 2270 sum,
430 2226 476 2261 ut
509 2221 650 2261 alienis
685 2223 827 2276 pannis
863 2238 1015 2277 egeam,
1052 2239 1124 2265 nec
1157 2229 1239 2264 tam
1275 2223 1472 2278 superbus
1508 2228 1552 2264 ut
1586 2223 1727 2265 alienis
1761 2225 1873 2266 auxi-

109 2304 174 2344 liis
208 2305 268 2344 uti
303 2304 440 2344 nolim.
506 2305 627 2345 Volui
662 2305 776 2346 edere
813 2307 881 2347 has
916 2308 1103 2363 epistolas
1138 2310 1292 2363 purius,
1329 2322 1447 2362 quam
1483 2308 1551 2350 alii
1585 2314 1678 2350 ante
1712 2325 1774 2351 me
1820 2310 1873 2351 fe-

108 2394 262 2439 cerunt,
299 2394 339 2430 et
372 2404 494 2444 quum
530 2390 649 2431 verba
682 2396 768 2432 tum
802 2407 863 2433 res
899 2393 955 2435 ita
989 2395 1201 2449 explicare,
1236 2400 1282 2435 ut
1317 2395 1384 2448 qui
1429 2409 1495 2435 eas
1536 2395 1672 2449 legant
1717 2396 1872 2437 facilius

108 2473 351 2527 intelligant.
420 2474 644 2529 Utrumque
673 2481 872 2530 quatenus
908 2485 1114 2521 assecutus
1151 2481 1239 2530 sim,
1275 2481 1342 2522 alii
1378 2480 1554 2522 videant.

174 2558 307 2599 Erunt
340 2560 409 2613 qui
442 2574 503 2600 me
539 2560 780 2615 vituperent,
817 2564 922 2617 quod
957 2565 1000 2604 in
1036 2563 1239 2605 vocabulis
1274 2564 1495 2605 scribendis
1520 2565 1723 2619 vulgarem
1746 2580 1863 2607 usum

110 2642 356 2683 retinuerim.
424 2644 479 2684 Iis
514 2646 760 2699 respondebo
795 2663 855 2689 me
891 2664 970 2689 non
1021 2651 1203 2704 ignorare
1247 2650 1459 2691 recentiori
1499 2655 1676 2705 tempore
1722 2652 1868 2693 multas

110 2727 361 2780 quaestiones
396 2729 722 2784 orthographicas
756 2733 882 2774 videri
915 2735 1158 2789 profligatas,
1194 2735 1262 2776 sed
1296 2750 1377 2776 non
1410 2740 1569 2776 tantum
1592 2734 1767 2776 tribuere
1803 2752 1866 2777 co-

109 2810 280 2859 dicibus,
316 2811 383 2865 qui
417 2812 532 2866 plura
565 2815 722 2856 saecula
754 2822 844 2870 post
878 2822 1047 2859 aetatem
1081 2818 1286 2860 Ciceronis
1320 2820 1466 2874 scripta
1507 2825 1615 2870 sunt,
1661 2825 1707 2861 ut
1740 2836 1787 2862 ex
1821 2822 1872 2863 iis

109 2896 317 2937 nominum
351 2896 489 2947 forma,
525 2913 642 2952 quam
678 2900 759 2951 ille,
794 2917 867 2942 nec
901 2902 1065 2943 fortasse
1107 2908 1350 2954 constanter,
1396 2909 1557 2945 secutus
1598 2905 1651 2945 sit
1686 2930 1741 2935 —
1777 2921 1869 2947 nam

110 2980 200 3034 quis
233 2980 274 3021 in
308 2980 457 3022 talibus
492 2997 560 3035 per
593 2987 717 3024 totam
762 2985 882 3026 vitam
932 2987 1099 3028 eandem
1141 3002 1318 3028 normam
1364 2989 1523 3029 servat?
1559 3013 1615 3018 ——-
1650 2995 1756 3032 certo
1800 2992 1868 3033 de-

109 3066 321 3106 monstrari
355 3067 495 3121 possit.
565 3068 648 3108 Etsi
685 3069 807 3122 igitur
846 3071 1066 3112 Enchelei-0
1102 3071 1248 3126 largior
1284 3073 1431 3127 quoius.
1477 3073 1577 3127 κριοί,
1618 3075 1735 3125 wolffo,
1778 3092 1870 3131 quo—
