2117 3533
743 161 849 201 LIB.
886 161 959 202 VI.
994 161 1077 201 ΕΡ.
1116 163 1154 200 1.
1745 161 1828 200 257

73 309 191 347 quam
225 293 266 333 id
301 299 451 334 rectum
499 294 564 343 sit,
609 299 654 334 tu
695 294 916 343 iudicabis;
962 310 1010 335 ne
1055 295 1105 336 ad
1147 295 1340 336 Catonem
1385 294 1546 350 quidem
1592 293 1829 348 provocabo.

76 372 114 405 8.
149 365 225 406 Sed
260 366 342 406 noli
376 382 437 406 me
470 371 610 421 putare
646 363 1009 425 ἐγκελεύσματα
1043 367 1112 407 illa
1145 372 1216 407 tua
1250 366 1456 418 abiecisse,
1502 381 1603 421 quae
1648 365 1748 406 mihi
1789 367 1832 406 in

73 436 290 479 visceribus
325 438 504 479 haerent.
539 439 660 480 Flens
692 439 793 479 mihi
826 455 955 480 meam
989 440 1134 481 famam
1169 440 1473 481 commendasti.
1518 439 1631 490 Quae
1665 439 1833 495 epistola

71 516 141 551 tua
175 516 247 560 est,
282 511 325 551 in
360 526 438 565 qua
472 512 717 553 mentionem
750 527 832 552 non
867 512 1015 553 facias?
1065 512 1209 567 Itaque
1242 512 1451 563 irascatur,
1487 513 1555 566 qui
1597 513 1702 553 volet
1711 531 1722 564 3
1765 528 1832 567 pa-

70 583 160 623 tiar.
200 581 269 625 Τὸ
301 580 397 642 γάρ
429 573 479 625 εὖ
511 581 615 640 μετ’
652 581 790 641 ἐμοῦ,
826 584 1058 638 praesertim
1093 599 1218 638 quum
1253 599 1320 624 sex
1358 583 1472 625 libris
1494 589 1699 639 tamquam
1722 600 1832 640 prae·
1876 599 1888 622 2:

71 655 188 697 dibus
222 672 284 697 me
316 656 450 711 ipsum
495 656 794 707 obstrinxerim,
836 672 935 712 quos
984 656 1060 698 tibi
1103 662 1186 697 tam
1232 657 1344 697 valde
1388 656 1548 713 probari
1590 656 1767 711 gaudeo3
1813 674 1832 697 e

70 728 217 783 quibus
250 745 377 770 unum
423 729 680 788 ἱστορικὸν
720 731 889 784 requiris
931 730 979 771 de
1029 731 1104 771 Cn.
1151 730 1305 780 Flavio,
1353 730 1479 771 Annii
1525 731 1571 771 F.
1624 730 1696 771 Ille
1740 746 1833 771 vero

70 806 161 841 ante
196 801 439 843 decemviros
473 818 553 843 non
587 803 684 853 fuit3
721 803 868 857 quippe
903 803 972 857 qui
1006 802 1146 843 aedilis
1180 802 1330 843 curulis
1363 801 1497 852 fuerit,
1534 803 1603 857 qui
1626 803 1833 858 magistra-

70 878 135 913 tus
168 874 306 915 multis
340 875 455 915 annis
488 880 579 929 post
612 875 856 915 decemviros
890 876 1104 916 institutus
1139 880 1213 915 est.
1247 874 1356 926 Quid
1391 890 1484 928 ergo
1518 877 1701 930 profecit,
1726 877 1833 931 quod

71 945 238 999 protulit
271 946 423 988 fastos?
468 947 721 989 Occultatam
757 954 902 1004 putant
947 948 1119 1003 quodam
1164 954 1340 1003 tempore
1382 949 1501 989 istam
1545 949 1739 1001 tabulam,
1790 954 1835 990 ut

70 1017 154 1059 dies
188 1018 333 1072 agendi
368 1025 600 1075 peterentur
634 1037 656 1062 a
690 1022 841 1076 paucis.
893 1022 979 1062 Nec
1014 1037 1106 1062 vero
1138 1021 1257 1076 pauci
1291 1027 1386 1063 sunt
1419 1027 1601 1063 auctores
1636 1023 1711 1064 Cn.
1746 1024 1834 1064 Fla-

71 1091 179 1131 vium
213 1091 381 1133 scribam
417 1093 538 1134 fastos
572 1094 783 1149 protulisse
818 1094 1076 1148 actionesque
1111 1095 1395 1149 composuisse,
1449 1111 1498 1136 ne
1543 1112 1604 1136 me
1650 1097 1725 1137 hoc
1773 1097 1834 1137 vel

70 1164 202 1218 potius
236 1164 470 1206 Africanum
507 1192 562 1195 —-—
588 1167 621 1207 is
655 1167 762 1208 enim
796 1167 974 1221 loquitur
1010 1192 1066 1196 —
1092 1173 1363 1209 commentum
1388 1174 1519 1223 putes.
1557 1165 1662 1212 Οὐκ
1686 1164 1838 1211 ἔλαθε

71 1234 123 1278 σὲ
157 1236 258 1277 fflud
292 1237 340 1279 de
374 1244 491 1293 gestu
524 1239 734 1280 histrionis
745 1258 755 1290 3
790 1245 837 1281 tu
871 1240 1034 1281 sceleste
1070 1241 1300 1295 suspicaris,
1337 1256 1409 1295 ego
1444 1238 1640 1296 ἀφελῶς
1680 1243 1836 1297 scripsi.

73 1312 110 1349 9.
149 1310 205 1350 De
238 1325 300 1351 me
334 1311 570 1366 imperatore
605 1312 745 1353 scribis
778 1317 818 1353 te
852 1328 898 1352 ex
934 1312 1144 1353 Philotimi
1178 1313 1305 1353 literis
1340 1328 1548 1367 cognosse.

71 1388 123 1432 te,
159 1383 238 1424 iam
272 1384 313 1424 in
348 1386 471 1440 Epiro
505 1400 629 1440 quum
665 1401 784 1437 esses,
821 1385 936 1427 binas
981 1401 1089 1427 meas
1134 1386 1182 1426 de
1228 1386 1414 1427 omnibus
1456 1386 1575 1428 rebus
1622 1388 1834 1443 accepisse,

71 1472 170 1497 unas
204 1474 226 1498 a
261 1457 499 1499 Pindenisso
534 1463 663 1512 capte,
700 1459 843 1499 alteras
879 1476 899 1500 a
934 1459 1146 1509 Laodicea,
1193 1465 1382 1515 utrasque
1417 1462 1499 1502 tuis
1534 1463 1666 1516 pueris
1710 1462 1835 1504 datas.

70 1763 130 1801 cio,
165 1764 249 1795 sitne
279 1764 313 1795 id
340 1770 483 1803 rectum;
515 1768 555 1798 de
584 1772 640 1798 tuo
671 1775 782 1799 autem
813 1769 934 1799 iudicio
983 1774 1032 1798 ter
1053 1769 1139 1799 dixit
1160 1780 1191 1810 p.
1220 1770 1307 1800 Mur.
1336 1771 1386 1801 25.
1416 1771 1528 1803 Posset
1557 1773 1610 1814 aqi
1639 1773 1707 1815 leye
1736 1784 1840 1811 necne,

71 1823 138 1847 tam
160 1822 268 1848 certus
291 1828 373 1855 sum,
398 1824 433 1849 ut
457 1820 542 1851 nihil
572 1831 704 1853 neeesse
733 1823 774 1852 sit
804 1824 844 1853 ad
874 1823 933 1853 Ca·
975 1820 1075 1859 pauci
1095 1822 1248 1861 quondam
1273 1823 1422 1861 sciebant,
1446 1835 1465 1854 α
1488 1825 1597 1865 quibus
1609 1826 1785 1857 eliamdies
1802 1846 1842 1849 -—

70 1874 191 1906 tonem,
221 1871 356 1911 antiqua
384 1872 448 1902 fide
478 1878 509 1903 et
539 1875 711 1905 severitate
752 1875 932 1912 hominem,
955 1872 956 1883 ³
973 1873 1173 1912 petebantur.
1210 1875 1314 1905 Erant
1337 1882 1447 1907 autem
1469 1879 1565 1917 pauci
1588 1879 1638 1909 illi
1662 1880 1842 1920 1)ontificeS‚

71 1926 281 1964 })l'OVOCfl=1'e.”
305 1925 372 1963 Qui
388 1927 593 1966 superiorum
612 1928 830 1968 interpretum
847 1939 934 1959 0011]-
954 1936 956 1960 ζ
980 1925 1036 1964 qui
1073 1925 1172 1956 faStOS
1209 1928 1407 1958 ordinabant
1441 1935 1472 1959 et
1502 1930 1573 1961 Sine
1604 1941 1717 1962 eOl'Um
1745 1942 1844 1973 opel'ss

71 1984 182 2009 menta
210 1980 450 2011 examinaverit
480 1986 511 2012 et
546 1983 768 2013 necessarium
805 1988 932 2014 senten·
979 1979 1054 2018 lege
1077 1980 1131 2019 agi
1155 1990 1220 2010 non
1244 1986 1382 2021 POtel‘flt·
1411 1983 1487 2013 Non
1511 1994 1592 2024 opus
1616 1995 1694 2023 esse,
1718 1991 1754 2017 ut
1777 1996 1844 2017 cor-

1606 1314 1683 1355 Sed
1719 1314 1835 1355 credo
1879 1337 1891 1359 ,-,

72 2033 192 2064 ‘siarum
215 2043 339 2064 nexum
362 2040 484 2067 attente
507 2037 774 2074 consideraverit,
811 2039 931 2078 gratias
953 2026 955 2036 ¹

74 2086 207 2116 Klotzio
230 2087 377 2127 mihique
401 2093 484 2125 aget,
509 2090 596 2128 quod
620 2091 837 2120 certissimam
855 2090 931 2121 We-

75 2140 241 2180 senbergii
264 2142 528 2172 emendationem
553 2144 782 2183 receperimus.

71 2247 154 2288 pidis
178 2249 289 2289 aliqua
312 2250 424 2280 fabula
446 2252 558 2291 petita,
584 2252 624 2281 ab
647 2252 872 2291 Aristophane
896 2252 929 2282 in

70 2300 341 2333 Achai-nensibus
364 2314 394 2333 v.
419 2303 478 2333 659
501 2313 590 2344 seqq.
615 2304 648 2334 in
674 2303 834 2334 Cleonem
856 2314 931 2334 con-

71 2362 174 2390 versa,
197 2354 366 2394 aliquanto
389 2356 518 2395 plenius
542 2357 686 2387 citantur
716 2356 801 2387 infra
832 2357 930 2387 VIII.

72 2406 100 2442 8,
120 2405 149 2442 2,
166 2410 236 2436 tum
258 2408 343 2447 apud
359 2408 567 2439 Clementem
583 2409 684 2440 Alex.
702 2413 733 2439 et
747 2408 885 2439 Suidam
901 2420 931 2439 v.

70 2454 323 2503 παλαμᾶσθαι.

112 2513 160 2543 De
195 2514 250 2545 Cn.
289 2515 409 2553 Flavio,
445 2518 545 2548 Annii
568 2518 653 2558 filio.
689 2517 796 2554 Pater,
833 2518 933 2548 homo

74 2565 257 2604 libertinus,
288 2578 489 2608 praenomen
526 2571 668 2601 Annum
698 2571 750 2601 vel
781 2571 934 2601 Annium

71 2619 169 2650 habet
198 2630 327 2661 quoque
351 2622 384 2652 in
405 2623 510 2653 Plinii
533 2623 578 2654 H.
600 2624 641 2654 N.
665 2624 841 2655 XXXIII.
860 2625 877 2664 ξ
896 2623 933 2655 17

72 2677 103 2703 et
125 2674 210 2713 apud
232 2673 379 2705 Gellium
410 2676 472 2707 VI.
504 2678 532 2707 9.
571 2677 670 2708 Falso
703 2679 811 2708 codex
834 2677 935 2709 Gellii

73 2735 90 2754 a
120 2724 264 2756 Com-ado
299 2727 465 2768 inspectus
500 2729 584 2759 Anci
609 2729 716 2770 filium
756 2730 843 2761 facit.
885 2730 935 2761 Cf.

73 2779 272 2817 Mommsen,
297 2782 380 2812 rom.
403 2782 538 2813 Forsch.
562 2784 589 2814 I.
615 2784 664 2814 98.
688 2784 737 2814 De
766 2794 801 2815 re
830 2785 936 2825 dispu-

73 2836 144 2862 tant
178 2833 350 2873 scriptores
383 2834 538 2865 historiae
577 2836 657 2866 iuris
696 2837 848 2874 Romani,
878 2837 937 2867 im-

73 2884 187 2923 primis
210 2885 430 2926 Schillingius
454 2888 494 2917 ad
517 2887 699 2927 Hugonem
722 2890 830 2929 p.124
848 2899 937 2930 seqq.

73 2936 204 2967 Aedilis
227 2938 332 2969 factus
354 2940 494 2976 videtur,
518 2945 691 2981 postquam
714 2941 814 2972 fastos
849 2942 936 2973 evul-

76 2995 209 3029 gaverat
233 3001 259 3021 a.
290 3001 323 3021 u.
353 2992 424 3022 449.
463 2992 601 3023 Aediles
632 2993 763 3024 curules
793 2993 938 3033 primum

74 3043 177 3072 creari
199 3044 306 3084 coepti
329 3049 407 3074 sunt
429 3054 459 3074 a.
483 3045 553 3075 384.
588 3044 638 3076 Cf.
664 3046 826 3084 Niebuhr,
849 3046 937 3078 Hist.

77 3093 138 3124 Ro.
160 3094 228 3125 ΙΙΙ.
251 3106 281 3136 p.
306 3096 345 3126 39
367 3105 456 3137 seqq.

122 3145 159 3175 Ut
182 3146 250 3177 dies
275 3148 390 3188 ayendz'
407 3151 594 3188 peterentur
617 3161 635 3180 a
654 3151 778 3190 paucis.
817 3151 938 3182 Simili-

138 3202 175 3243 I.

980 2032 1106 2072 rigatur
1128 2045 1148 2063 ιι
1171 2034 1323 2074 patriciis
1352 2041 1438 2067 reete
1470 2047 1487 2068 e
1517 2039 1626 2069 verbis
1655 2040 1763 2071 citatis
1792 2041 1845 2071 de-

979 2086 1083 2117 fendit
1107 2088 1328 2129 Schillingius
1352 2091 1372 2121 l.
1396 2101 1440 2127 c.;
1465 2098 1580 2123 contra
1603 2094 1636 2124 in
1660 2104 1752 2135 seqq.
1776 2106 1842 2125 non

952 2167 954 2176 ,
977 2140 1175 2181 aclionesque
1199 2143 1411 2182 composuisse,
1435 2146 1492 2175 sed
1526 2147 1704 2186 emo-ruisse
1733 2148 1844 2187 legen-

114 2194 131 2231 ξ
154 2194 183 2223 S.
205 2188 244 2224 τὸ
271 2190 339 2236 ’γὰρ
368 2187 404 2225 εὖ
433 2186 505 2238 μετ’
533 2192 633 2238 ἐμοῦ.
651 2196 763 2226 Verba
783 2205 825 2226 ex
837 2196 930 2227 Euri-
952 2192 954 2213 ἶ

977 2193 1056 2222 dum
1079 2202 1149 2224 esse
1172 2204 1188 2225 e
1213 2195 1372 2227 Cicerone
1396 2198 1436 2228 de
1459 2197 1549 2230 Orat.
1573 2200 1600 2230 I.
1626 2200 1685 2230 186
1709 2201 1845 2240 (θαφθεῖ-

978 2244 1021 2274 tis
1046 2256 1064 2274 a
1092 2245 1144 2276 Cn.
1170 2246 1281 2278 Flavio
1303 2249 1439 2288 primum
1470 2251 1661 2293 actionibus)
1692 2253 1844 2283 aliorum-

977 2308 1041 2338 que
1078 2300 1276 2331 testimoniis
1320 2304 1470 2335 affirmat.
1514 2305 1653 2336 Librum
1683 2307 1774 2337 enim
1803 2308 1843 2338 de

979 2354 1162 2386 actionibus
1185 2356 1314 2397 Appius
1338 2357 1498 2390 Claudius
1522 2361 1701 2400 composuit,
1717 2363 1775 2393 sed
1790 2372 1843 2403 po-

979 2407 1058 2447 pulo
1082 2408 1224 2445 tradidit,
1249 2411 1427 2451 evulgavit,
1452 2413 1595 2453 exposuit
1619 2414 1679 2446 Cn.
1695 2414 1843 2447 Flavius.

1025 2456 1097 2490 Οὐκ
1125 2454 1231 2493 ἔλαθε
1259 2458 1298 2493 σὲ
1318 2464 1403 2495 illud
1422 2466 1461 2496 cle
1478 2469 1571 2507 qesta
1587 2468 1762 2507 histrionis,
1783 2475 1844 2501 cet.

981 2525 1014 2546 o:
1045 2516 1122 2546 Non
1153 2516 1237 2557 fugit
1267 2523 1308 2555 te,
1346 2520 1435 2559 quod
1463 2520 1497 2550 in
1532 2521 1590 2551 illo
1620 2532 1717 2563 opere
1747 2524 1843 2555 dere

981 2569 1114 2609 publica
1136 2571 1249 2611 scripsi
1273 2572 1312 2602 de
1335 2577 1429 2612 gestu
1451 2574 1620 2606 histrionis
1644 2581 1676 2607 et
1696 2578 1843 2617 maligne

982 2629 1076 2664 putas
1099 2626 1191 2665 tangi
1215 2636 1253 2656 ea-
1276 2636 1310 2657 re
1332 2627 1552 2660 Hortensium
1576 2629 1680 2670 (euius
1701 2634 1800 2663 motus
1815 2635 1844 2663 et

979 2678 1088 2716 (festu-5
1118 2677 1210 2707 eliam
1242 2679 1319 2718 plus
1353 2680 1435 2711 artis
1470 2682 1613 2720 habebat,
1650 2695 1740 2725 quam
1775 2689 1845 2716 erat

983 2729 1104 2759 oratori
1126 2730 1216 2768 satis,
1240 2737 1277 2762 ut
1299 2737 1347 2763 est
1370 2733 1403 2763 in
1436 2734 1550 2772 Bruto,
1581 2737 1673 2777 303);
1711 2746 1772 2777 ego
1802 2743 1845 2768 ta-

985 2791 1062 2811 men
1086 2791 1153 2812 non
1177 2784 1365 2824 cogitabam
1388 2786 1494 2823 illum,
1524 2798 1627 2828 quum
1658 2789 1743 2820 illud
1771 2792 1846 2821 scri-

985 2836 1106 2866 berem.
1151 2836 1206 2867 Sic
1238 2839 1319 2870 haec
1349 2842 1473 2881 accepit
1502 2842 1718 2882 Mongahius,
1748 2854 1847 2884 quem

985 2888 1131 2927 sequitur
1160 2889 1367 2928 Wielandus,
1398 2893 1533 2934 interpr.
1550 2893 1673 2926 Germ.
1706 2896 1750 2926 V.
1780 2898 1846 2928 III.

984 2950 1015 2980 p.
1050 2941 1120 2971 509.
1160 2942 1280 2973 reiecta
1309 2944 1401 2974 Bosii
1433 2946 1600 2985 opinione,
1642 2948 1700 2987 qui
1730 2949 1847 2989 respici

984 2994 1117 3033 putabat
1139 2995 1180 3024 ad
1202 2995 1384 3036 Liyurimcm
1408 3008 1533 3028 momum
1557 2999 1590 3029 in
1615 3009 1663 3039 ep.
1687 3001 1729 3031 V.
1753 3002 1802 3039 20,
1829 3003 1847 3032 6

985 3052 1218 3078 memoratum.
1240 3048 1328 3079 Nam
1352 3059 1394 3080 ex
1417 3050 1456 3080 iis
1479 3061 1562 3091 quae
1584 3053 1695 3083 statim
1709 3063 1847 3095 sequun-

986 3107 1040 3131 tur
1061 3101 1213 3132 videmus
1237 3103 1389 3134 Atticum
1412 3105 1452 3135 ad
1475 3114 1547 3136 eam
1570 3107 1742 3146 epistolam
1767 3120 1847 3140 non-

986 3156 1066 3185 dum
1089 3155 1303 3196 rescripsisse.
1343 3157 1392 3188 De
1415 3164 1509 3198 gestu
1532 3159 1702 3193 histrionis
1723 3164 1848 3195 mentio

1607 3217 1658 3256 17

1858 965 1891 990 10
