2117 3533
832 343 978 384 XVII.

1044 344 1109 397 (A.

661 162 737 203 nP.
773 161 848 201 AD
880 160 926 200 T.
962 158 1309 201 POMPONIUM
1344 161 1607 201 AT'NCUM.

1152 345 1197 384 U.
1231 342 1274 384 0.
1313 345 1428 398 705.)

320 461 360 500 1.
392 459 500 499 Tuae
533 458 670 498 literae
702 457 802 498 inihi
835 462 970 511 gratae
1003 457 1283 511 iucundaeque
1318 463 1426 498 sunt.
1461 458 1520 498 De
1554 459 1688 513 pueris
1721 460 1763 500 in
1797 461 2006 502 Graeciam

254 532 570 588 transportandis
603 537 689 572 tum
723 530 963 585 cogitabam,
998 545 1122 584 quum
1157 530 1251 585 fuga
1286 546 1333 571 ex
1362 531 1480 572 Italia
1504 532 1640 584 quaeri
1662 532 1887 574 videbatur.
1921 535 2007 575 Nos

254 607 359 647 enim
394 605 633 660 Hispaniam
666 608 904 659 peteremus,
938 603 1018 643 illis
1052 603 1127 643 hoc
1161 618 1285 657 aeque
1319 604 1572 645 commodum
1605 620 1686 645 non
1710 611 1807 646 erat.
1840 607 1902 647 Tu
1923 607 2007 661 ipse

221 695 235 721 5
255 694 345 720 cum
379 680 498 720 Sexto
532 677 761 718 etiamnunc
795 676 895 716 mihi
928 675 1074 716 videris
1106 676 1254 717 Romae
1287 681 1392 717 recte
1426 692 1510 718 esse
1551 693 1680 732 posse.
1730 678 1890 719 Etenim
1937 678 2008 718 mi-

255 752 361 793 nime
395 751 512 792 amici
546 750 736 805 Pompeio
770 754 906 790 nostro
940 764 1024 790 esse
1059 748 1228 790 debetis.
1263 750 1393 790 Nemo
1428 750 1533 790 enim
1568 766 1745 805 unquam
1778 755 1937 791 tantum
1960 750 2009 791 de

255 823 418 865 urba-nis
451 822 624 878 praediis
657 821 843 862 detraxit.
879 821 1054 862 Videsne
1087 836 1149 862 me
1182 822 1300 863 etiam
1336 822 1483 863 iocari?
1519 825 1559 863 2.
1594 823 1702 864 Scire
1730 824 1809 864 iam
1833 827 1872 863 te
1896 838 2008 878 opor-

255 901 313 937 tet
346 896 394 937 L.
427 895 570 936 Caesar
603 909 703 949 quae
737 909 925 949 responsa
957 893 1101 934 referat
1135 909 1157 934 a
1190 895 1394 949 Pompeio,
1441 910 1537 949 quas
1572 894 1621 935 ab
1656 894 1795 935 eodem
1829 894 1879 935 ad
1912 894 2009 935 Cae-

255 983 381 1010 sarem
413 967 513 1008 ferat
544 966 693 1007 literas.
729 966 907 1021 Scriptae
940 966 1048 1006 enim
1080 970 1120 1006 et
1153 966 1268 1007 datae
1302 966 1359 1007 ita
1391 971 1499 1015 sunt,
1538 972 1580 1007 ut
1612 971 1929 1021 proponerentur
1963 967 2005 1007 in

202 1061 238 1087 10
255 1040 438 1097 publico3
472 1041 514 1080 111
548 1054 627 1094 quo
661 1039 844 1080 accusavi
876 1053 1032 1079 mecum
1065 1038 1148 1092 ipse
1183 1039 1433 1093 Pompeium,
1458 1039 1541 1091 qui,
1561 1053 1687 1093 quum
1705 1039 1873 1093 scriptor
1895 1038 2009 1079 lucu-

254 1114 387 1155 lentus
420 1117 537 1163 esset,
571 1116 703 1153 tantas
736 1126 797 1152 res
831 1116 950 1166 atque
984 1126 1062 1161 eas,
1109 1126 1209 1164 quae
1242 1111 1285 1151 in
1320 1111 1499 1151 omnium
1534 1125 1676 1151 manus
1719 1114 1910 1151 venturae
1951 1125 2009 1151 es-

256 1192 357 1237 sent,
393 1186 521 1227 Sestio
554 1189 690 1226 nostro
724 1183 953 1225 scribendas
988 1183 1156 1224 dederit.
1191 1184 1335 1238 Itaque
1368 1183 1471 1224 nihil
1503 1197 1682 1236 unquam
1713 1182 1792 1236 legi
1818 1183 2009 1237 scriptum

255 1252 680 1317 σηστιωδέστερον.
721 1257 898 1312 Perspici
931 1261 1065 1297 tamen
1099 1272 1145 1297 ex
1179 1256 1306 1297 literis
1341 1256 1522 1311 Pompeii
1555 1259 1687 1311 potest
1720 1255 1821 1296 nihil
1851 1255 2009 1296 Caesari

253 1333 390 1387 negari
423 1332 634 1386 omniaque
667 1331 703 1372 ei
737 1330 951 1381 cumulate,
987 1345 1087 1384 quae
1121 1330 1311 1385 postulet,
1347 1329 1446 1380 dari,
1482 1344 1582 1383 quae
1616 1328 1682 1369 ille
1714 1327 2010 1368 amentissimus

200 1426 232 1451 15
253 1406 388 1457 fuerit,
420 1406 500 1447 nisi
533 1405 742 1460 acceperit,
777 1403 1008 1459 praesertim
1044 1419 1166 1457 quum
1200 1402 1547 1458 impudentissime
1582 1401 1857 1457 postulaverit.
1909 1400 2010 1451 Quis

199 1794 234 1820 90

252 1479 358 1520 enim
390 1484 437 1519 tu
469 1494 524 1529 es,
559 1478 627 1531 qui
660 1477 790 1518 dicas:
833 1504 853 1527 n
866 1477 907 1517 Si
939 1476 981 1516 in
1016 1476 1255 1531 Hispaniam
1288 1476 1489 1531 profectus
1522 1475 1611 1524 erit,
1647 1474 1680 1514 si
1712 1473 1912 1528 praesidia
1946 1473 2007 1513 di-

253 1550 462 1592 miserit?”
494 1555 629 1591 tamen
663 1548 916 1590 conceditur:
959 1548 1092 1589 minus
1125 1548 1290 1589 honeste
1322 1562 1431 1588 nunc
1465 1546 1640 1600 quidem,
1668 1546 1816 1586 violata
1847 1546 1926 1586 iam
1961 1545 2010 1586 ab

252 1625 321 1666 illo
353 1640 394 1665 re
427 1622 589 1679 publica
621 1621 812 1675 illatoque
846 1620 964 1671 bello,
1006 1635 1125 1675 quam
1160 1621 1193 1660 si
1238 1620 1333 1661 olim
1374 1619 1422 1660 de
1466 1619 1618 1660 ratione
1659 1616 1844 1659 habenda
1886 1618 2010 1673 impe-

251 1704 409 1749 trasset,
449 1702 489 1738 et
521 1701 655 1737 tamen
689 1709 837 1744 vereor,
871 1699 918 1735 ut
950 1694 1013 1734 his
1046 1693 1144 1749 ipsis
1178 1697 1390 1734 contentus
1424 1693 1490 1733 sit.
1525 1692 1631 1732 Nam
1655 1705 1777 1744 quum
1799 1690 1877 1731 ista
1900 1705 2010 1730 man-

253 1771 347 1814 data
379 1770 556 1812 dedisset
588 1768 632 1810 L.
666 1767 840 1817 Caesari,
876 1766 1016 1807 debuit
1049 1782 1132 1807 esse
1168 1766 1300 1821 paullo
1335 1765 1520 1820 quietior,
1555 1764 1650 1805 dum
1680 1777 1865 1817 responsa
1892 1762 2008 1802 refer-

295 1936 335 1965 14
355 1932 517 1975 omniaque
538 1934 568 1963 et
591 1931 747 1963 cumulate
768 1948 809 1952 —
833 1930 871 1959 16
893 1929 1082 1960 dimiserit.”
1105 1948 1145 1951 ——
1172 1928 1283 1960 Tamen
1307 1928 1518 1960 conceditur?

295 2091 313 2130 ξ
337 2091 365 2121 1.
391 2089 475 2119 Tuae
496 2088 612 2119 literae
632 2107 673 2110 —
695 2090 779 2118 sunt.
802 2087 881 2118 Ern.
904 2086 1022 2117 merito
1054 2086 1108 2115 ob-

254 2149 361 2175 servat
382 2143 446 2181 hic,
469 2142 525 2173 ubi
548 2152 615 2173 11011
639 2142 680 2173 de
702 2141 806 2172 literis
828 2140 934 2171 Attici
957 2139 1109 2169 universe

254 2198 372 2237 agitur,
396 2198 452 2228 sed
475 2197 515 2227 de
539 2196 587 2233 iis,
611 2205 691 2236 quas
715 2195 830 2226 Cicero
852 2193 1003 2235 proxime
1023 2202 1110 2223 acce-

254 2256 353 2291 perat,
377 2251 486 2291 potius
514 2250 691 2280 dicendum
714 2249 814 2279 fuisse
827 2247 976 2288 fuerunt.

296 2303 391 2334 Nemo
413 2322 454 2325 —
475 2301 626 2333 detranat.
666 2302 758 2332 Urbe
780 2301 850 2331 sine
873 2299 1035 2340 praesidio
1064 2308 1110 2330 re-

257 2357 343 2394 licta,
364 2355 521 2396 quamdiu
544 2354 746 2391 metuebant,
778 2362 818 2384 ne
849 2352 969 2384 Caesar
996 2351 1109 2382 hostili

256 2408 366 2438 animo
403 2408 443 2438 ad
479 2392 551 2438 611111
588 2407 755 2437 accederet
793 2404 1112 2446 proscriptionesque
1134 2404 1136 2434 ἒ

256 2461 411 2493 Sullanas
446 2462 649 2498 instauraret,
678 2460 885 2501 praediorum
913 2459 1113 2489 urbanorum
1135 2477 1136 2501 3

258 2514 362 2554 pretia
383 2513 558 2553 insigniter
580 2512 679 2543 fuisse
702 2512 882 2549 deminuta,
905 2511 1001 2541 facile
1019 2510 1113 2540 intel·
1135 2506 1137 2556 i

258 2567 381 2607 ligitur.
411 2566 485 2596 Hoc
508 2575 597 2596 1111110
626 2565 784 2605 Pompeio
815 2564 896 2595 vitio
927 2563 1036 2593 vertit.
1073 2558 1137 2592 [nl

1136 2627 1138 2666 3
1159 2625 1194 2647 se
1216 2615 1435 2646 discessurum
1457 2614 1661 2655 promiserat.
1696 2613 1748 2644 En
1772 2612 1875 2653 ipsius
1898 2612 2016 2643 verba:

259 2619 346 2650 Med.
369 2618 455 2649 male
477 2618 633 2658 scriptum
648 2617 835 2656 praesidiis.

300 2675 318 2713 ς
341 2673 370 2703 2.
393 2671 512 2702 Mecum
535 2681 567 2701 a:
592 2671 677 2711 apud
698 2680 760 2707 me,
785 2671 891 2706 tacite,
915 2679 983 2700 non
1005 2678 1114 2700 coram

259 2726 342 2757 aliis.
376 2726 417 2756 In
442 2724 602 2756 eiusmodi
626 2724 847 2755 locutionibus
870 2733 963 2764 saepe
986 2723 1116 2754 additur

258 2779 333 2818 ipse,
356 2778 443 2818 quod
465 2782 575 2808 tamen
597 2776 651 2806 hic
680 2785 756 2806 cum
785 2777 925 2807 Ernesto
957 2786 1025 2806 non
1056 2785 1115 2805 suo
1137 2788 1138 2792 ¹

259 2831 331 2862 loco
352 2830 494 2871 positum
517 2829 664 2866 arbitror,
688 2829 981 2868 scribendumque:
1005 2827 1037 2857 iu.
1054 2837 1113 2867 quo
1136 2852 1138 2865 Α

1136 2868 1138 2892 1
1161 2879 1321 2917 Orellius;
1347 2879 1439 2919 peius
1463 2888 1479 2909 6
1501 2878 1661 2918 scriptura
1675 2877 1745 2907 cod.
1764 2876 1853 2906 Med.
1866 2875 2017 2905 nondum

1136 2942 1138 2967 ζ
1160 2940 1305 2965 correcta
1327 2944 1347 2964 a
1370 2943 1415 2964 me
1438 2943 1499 2963 non
1521 2931 1702 2963 conceditur
1731 2930 1880 2961 Kochius
1911 2928 2017 2959 conie-

1136 3000 1137 3023 1
1160 2987 1219 3017 cit:
1252 2985 1382 3017 Omnino
1416 2984 1598 3017 conceditur
1635 2983 1735 3014 mnus
1771 2982 1898 3013 honeste
1935 2989 2018 3009 mene

258 2883 406 2915 accusavi
417 2892 529 2913 mecum
542 2881 724 2921 Pompeium,
747 2881 808 2922 qui,
832 2891 922 2921 quum
940 2880 1005 2920 ipse
1020 2880 1114 2919 serip-

258 2939 308 2967 {07-
330 2937 390 2967 luc.
414 2938 504 2972 esset,
527 2940 587 2966 cet.
611 2954 651 2957 —
673 2935 721 2965 De
744 2944 814 2965 voc.
837 2934 1018 2964 luculentus
1047 2943 1113 2963 mo-

261 2989 319 3019 nui
343 2990 383 3019 ad
405 2989 452 3019 11.
476 2988 526 3026 12,
548 2989 577 3017 4.

302 3035 604 3083 σηστιωὸέστερον,
644 3039 750 3079 magis
793 3038 993 3075 Sestianum,
1027 3037 1115 3078 quod

259 3097 364 3138 magis
387 3096 487 3128 Sestii
510 3095 681 3136 ingenium
706 3094 831 3125 referat.
865 3094 974 3132 Quem
1005 3099 1115 3125 autem

259 3152 400 3191 appellat
417 3150 546 3180 Sestimn
573 3151 717 3180 nostrvm.
734 3148 901 3178 neminem
917 3148 1019 3177 aliurn
1036 3157 1113 3183 esse,

1155 2086 1219 2116 nisi
1242 2085 1278 2116 P.
1309 2085 1462 2123 Sestium,
1492 2086 1531 2116 L.
1562 2085 1609 2123 F„
1639 2085 1731 2115 cuius
1759 2083 1865 2114 multa
1895 2083 1929 2113 in
1959 2082 2009 2113 his

1132 2134 1133 2170 J
1156 2140 1302 2181 epistolis
1325 2140 1451 2170 mentio
1475 2145 1522 2170 est
1545 2144 1577 2170 et
1598 2148 1697 2179 quem
1721 2137 1837 2169 Cicero
1859 2147 1888 2168 a.
1904 2137 1964 2167 698
1982 2137 2014 2166 in

1158 2193 1279 2224 iudicio
1301 2192 1502 2230 defenderat,
1527 2197 1663 2223 constat.
1686 2191 1801 2222 Fuerit
1824 2190 1923 2231 paulo
1939 2195 2015 2220 ante

1158 2244 1191 2274 in
1216 2244 1342 2280 Cilicia,
1367 2250 1404 2275 ut
1426 2244 1564 2274 efficitur
1587 2253 1629 2274 ex
1652 2252 1701 2283 ep.
1725 2243 1774 2279 20,
1798 2242 1818 2273 l.
1850 2242 1893 2272 V.
1922 2241 2014 2271 Fam.

1159 2298 1177 2337 ξ
1200 2299 1234 2334 5;
1259 2307 1348 2327 1111110
1371 2298 1411 2327 ad
1434 2296 1629 2337 Pompeium
1662 2299 1856 2332 accurrerat,
1887 2299 1918 2326 et
1948 2303 2013 2324 cum

1157 2350 1285 2391 imperio
1308 2355 1376 2381 erat
1399 2351 1432 2381 in
1457 2351 1565 2381 Italia.
1588 2350 1666 2380 Vid.
1688 2349 1759 2380 Att.
1784 2348 1883 2379 VIII.
1909 2347 1957 2385 15,
1982 2348 2010 2377 3.

1203 2402 1371 2444 Omniaque
1393 2402 1423 2433 ei
1444 2402 1600 2433 cumulate
1621 2419 1663 2425 -
1677 2400 1759 2431 dari.
1783 2400 1898 2440 Vulgo
1914 2402 1943 2430 et
1958 2409 2016 2439 pro

1159 2456 1198 2486 ei.
1222 2455 1377 2487 Correxit
1398 2455 1548 2486 Kochius
1572 2455 1592 2484 l.
1616 2464 1642 2484 c.
1666 2464 1697 2494 p.
1720 2452 1791 2485 274.

1200 2509 1235 2539 Si
1253 2510 1287 2539 in
1309 2508 1497 2549 Hispaniam
1514 2508 1678 2548 profectus
1701 2507 1771 2544 erit,
1800 2506 1828 2536 si
1849 2505 2017 2546 praesidia

1162 2562 1328 2593 dimiserit.
1358 2562 1421 2592 His
1444 2561 1690 2592 conditionibus
1713 2559 1834 2591 Caesar
1856 2559 1897 2589 ab
1918 2559 2018 2589 armis

1160 2668 1380 2710 Prqficiscatar
1403 2668 1564 2709 Pompeius
1584 2667 1618 2697 in
1641 2676 1716 2697 suas
1731 2665 1925 2706 provincia-5,
1958 2665 2018 2705 ipsi

1160 2721 1315 2752 exercitus
1347 2719 1518 2757 dimittant,
1551 2725 1612 2750 cet.
1641 2720 1681 2750 de
1710 2719 1749 2750 B.
1780 2717 1816 2750 C.
1847 2718 1875 2748 I.
1912 2718 1941 2748 9.
1977 2734 2018 2739 —

1161 2774 1323 2814 Quamvis
1346 2779 1456 2805 autem
1479 2773 1556 2804 illae
1584 2772 1791 2803 conditiones
1824 2771 1923 2801 durae
1951 2770 2019 2801 sint

1161 2831 1192 2858 et
1215 2827 1358 2867 iniquae,
1388 2828 1491 2856 lamen
1521 2823 1710 2855 conceditur.
1753 2822 1843 2854 Male
1866 2821 2019 2852 distinxit

1159 3039 1279 3081 quidem
1301 3045 1363 3071 cet.

1201 3092 1315 3123 Debuit
1338 3101 1403 3122 esse
1420 3102 1454 3131 y).
1476 3090 1610 3132 quielz‘or
1632 3099 1664 3119 o:
1699 3087 1811 3119 debuit
1839 3086 2017 3127 reprimere

1164 3146 1331 3185 impetum,
1355 3145 1519 3185 paulisper
1541 3152 1574 3174 se
1597 3141 1781 3171 continere:
1808 3145 1838 3170 at
1861 3146 1909 3170 cst
1932 3149 2017 3169 arer-
