2117 3533
280 139 364 177 258
674 139 756 179 ΕΡ.
794 139 866 179 ΑΙ)
899 140 944 178 Τ.
980 139 1328 180 POMPONIUM
1362 140 1623 182 ATTICUM.

277 270 434 322 Quibus
468 271 514 311 de
548 270 666 312 rebus
698 277 858 325 propter
891 286 1026 312 casum
1059 272 1276 326 navigandi
1310 288 1378 328 per
1413 273 1527 314 binos
1560 273 1788 316 tabellarios
1822 277 1912 317 misi
1948 278 2024 318 Ro-

276 359 379 384 mam
411 345 545 384 literas
578 343 751 398 publice.
790 345 860 383 10.
895 344 954 384 De
988 345 1119 386 Tullia
1153 361 1240 386 mea
1272 345 1347 386 tibi
1381 347 1577 387 assentior
1612 347 1830 402 scripsique
1865 349 1915 389 ad
1941 364 2025 390 eam

276 426 314 455 et
347 415 397 455 ad
430 415 653 455 Terentiam
688 416 786 456 1111111
818 416 988 470 placere.
1021 418 1082 457 Tu
1116 417 1221 457 enim
1256 417 1305 457 ad
1339 433 1402 458 me
1434 418 1514 459 iam
1547 423 1640 459 ante
1675 420 1908 474 scripseras:
1950 449 1970 471 u
1983 436 2027 462 ac

275 488 414 528 vellem
454 498 492 528 te
536 488 577 528 in
618 492 731 527 tuum
774 495 945 529 veterem
986 504 1146 544 gregem
1189 490 1438 531 retulisses.’'
1494 492 1681 532 correcta
1725 507 1816 532 vero
1861 493 2028 547 epistola

240 574 252 595 ⁵
276 561 517 602 Memmiana
550 562 653 602 nibil
685 563 838 616 negotii
880 563 970 603 fuit.
1018 563 1152 603 Multo
1188 564 1302 604 'enim
1336 564 1440 604 malo
1473 564 1581 605 hunc
1615 580 1637 605 a
1671 565 1874 615 Pontidia,
1910 581 2026 620 quam

220 937 254 962 10

219 1307 248 1331 15

275 634 385 674 illum
422 650 443 675 a
477 634 655 676 Servilia.
707 635 838 685 Quare
886 635 1080 688 adiunges
1124 637 1149 676 †
1183 636 1345 676 Aufium
1389 641 1585 686 nostrum,
1631 637 1832 677 hominem
1877 652 2028 692 semper

275 712 472 747 uiuant-em
505 707 583 746 mei
594 725 604 757 3
651 722 773 756 nunc,
810 707 940 757 credo,
976 722 1021 747 eo
1066 708 1206 761 magis,
1252 708 1357 761 quod
1403 708 1522 750 debet
1565 710 1683 750 etiam
1728 710 1862 750 fratris
1906 711 2027 765 Appii

275 794 444 820 amorem
479 794 571 833 erga
604 794 665 819 me
699 795 790 819 cum
824 779 976 833 reliqua
1026 779 1246 820 hereditate
1288 781 1470 831 crevisse,
1517 781 1585 835 qui
1630 781 1845 822 declaravit
1889 783 2028 836 quanti

274 868 335 893 me
369 852 527 902 faceret,
563 868 685 906 quum
719 867 847 906 saepe,
882 858 969 892 tum
1002 853 1043 892 in
1078 853 1219 893 Bursa.
1265 854 1328 893 Ne
1379 858 1425 894 tu
1470 868 1531 893 me
1575 854 1844 895 sollicitudine
1886 869 2028 908 magna

273 925 465 965 liberaris.
504 927 573 965 11.
610 926 749 965 Furnii
783 926 962 980 exceptio
996 925 1096 966 mihi
1128 941 1209 966 non
1242 926 1388 980 placet.
1422 927 1509 966 Nec
1543 927 1649 967 enim
1670 942 1742 981 ego
1765 928 1892 968 ullum
1917 927 2026 968 aliud

273 1007 429 1053 tempus
462 999 596 1047 timeo,
631 998 709 1038 nisi
744 997 849 1051 quod
883 998 949 1038 1116
984 998 1112 1038 50111111
1145 998 1308 1052 excipit.
1354 998 1431 1039 Sed
1465 997 1679 1039 scriberem
1713 1000 1762 1040 ad
1796 1006 1835 1040 te
1870 1000 1918 1041 de
1952 1000 2026 1040 1106

273 1072 400 1126 plura,
435 1072 467 1110 si
501 1071 649 1110 Romae
684 1086 802 1111 esses.
837 1070 885 1110 111
920 1071 1111 1125 Pompeio
1144 1076 1183 1111 te
1218 1086 1327 1125 spem
1361 1085 1519 1110 omnem
1554 1071 1626 1111 otii
1658 1086 1806 1126 ponere
1840 1087 1921 1113 non
1951 1074 2023 1114 mi-

1950 1146 2026 1187 Sed

271 1217 390 1267 enim,
436 1213 703 1273 οἰκονομία
751 1217 783 1257 51
827 1216 1098 1271 perturbatior
1141 1222 1214 1266 est,
1259 1216 1336 1257 tibi
1381 1217 1604 1270 assignato,
1649 1222 1689 1257 te
1734 1218 1839 1257 enim
1885 1233 2028 1272 sequor

272 1160 353 1195 ror,
404 1145 460 1184 ita
504 1159 565 1184 res
610 1153 669 1184 est
683 1162 694 1194 3
740 1143 1103 1197 removendumque
1149 1159 1289 1184 censeo
1333 1143 1434 1184 illud
1486 1143 1884 1193 [sdissimulantemf'

271 1284 622 1348 σχᾱὸιάζοντα.
667 1293 735 1331 12.
771 1290 982 1331 Cicerones
1014 1291 1129 1344 pueri
1163 1295 1299 1330 amant
1331 1291 1436 1331 inter
1470 1305 1524 1340 se,
1560 1290 1735 1341 discunt,
1770 1295 2004 1331 exercentur
2014 1309 2025 1341 ;

270 1362 338 1403 sed
373 1363 483 1412 alter,
519 1363 579 1403 uti
613 1363 717 1403 dixit
750 1363 947 1403 Isocrates
981 1363 1024 1403 in
1058 1362 1220 1417 Ephoro
1254 1368 1293 1403 et
1325 1362 1596 1418 Theopompo,
1632 1363 1753 1404 frenis
1788 1368 1892 1417 eget,
1929 1364 2027 1405 alter

269 1434 503 1475 calcaribus.
549 1435 702 1485 Quinto
737 1443 871 1488 togam
905 1449 1047 1489 puram
1092 1434 1347 1476 Liberalibus
1391 1434 1615 1489 cogitabam
1652 1435 1758 1476 dare.

1816 1436 2028 1477 Mandavit

268 1508 373 1547 enim
407 1517 532 1562 pater.
566 1508 625 1547 Ea.
658 1508 713 1547 sic
749 1506 981 1556 observabo,
1017 1507 1129 1561 quasi
1164 1508 1444 1548 intercalatum
1477 1523 1558 1548 non
1584 1508 1649 1548 sit.
1684 1508 1902 1562 Dionysius
1926 1509 2027 1549 mihi

269 1580 430 1634 quidem
464 1581 505 1620 in
539 1579 740 1620 amoribus
785 1584 858 1619 est.
904 1580 1026 1620 Pueri
1069 1585 1201 1620 autem
1245 1581 1359 1621 aiunt
1405 1595 1495 1620 eum
1538 1580 1714 1621 furenter
1756 1581 1888 1621 irasci.

268 1792 337 1822 fieri
364 1792 469 1832 potuit
498 1792 531 1821 in
562 1791 645 1820 libro
675 1790 736 1827 IV,
767 1800 783 1821 e
814 1800 879 1830 quo
909 1790 1120 1829 Augustinus

267 1845 409 1875 servavit
444 1845 605 1884 quaedam
642 1844 835 1883 fragmenta,
865 1852 948 1883 quae
980 1843 1020 1873 ad
1050 1852 1120 1873 rem

267 1899 429 1929 scenicam
450 1897 624 1937 pertinent.

309 1953 325 1991 ἐ
350 1955 377 1981 9.
400 1952 433 1980 st.
448 1954 534 1990 <pter
556 1961 659 1980 casum
682 1950 863 1990 wctvz'yandi.
901 1965 913 1975 υ
926 1950 1029 1988 Quasi
1052 1960 1119 1980 non

267 2013 393 2044 semper
414 2004 524 2044 plures
545 2013 638 2033 casus
661 2003 830 2042 navigatio
854 2008 886 2033 et
908 2002 1052 2042 pericula
1065 2002 1119 2032 ha-

267 2058 349 2088 beat.
373 2056 476 2087 Scrib.
499 2057 622 2087 casus?
653 2055 807 2086 YVesenb.
840 2056 979 2086 Emend.
1008 2066 1038 2096 p.
1069 2056 1119 2085 24.

266 2110 400 2141 Retinui
422 2119 524 2140 casum
553 2110 599 2140 sic
632 2120 649 2139 a
678 2109 813 2139 Klotzio
842 2109 1055 2145 vindicatum,
1084 2113 1144 2155 ut'g

266 2163 307 2194 sit
321 2165 452 2203 propter
472 2172 584 2199 casum,
600 2162 651 2203 qui
666 2161 844 2192 dominatur
859 2161 892 2190 in
908 2160 1119 2206 naciqatz'oae.
1142 2166 1145 2198 ς

308 2220 325 2258 ξ
350 2219 397 2248 10.
420 2218 468 2248 De
494 2218 617 2248 Tullia:
646 2218 695 2248 Cf.
719 2218 760 2247 ad
783 2217 825 2247 V.
848 2219 876 2254 4,
902 2218 916 2247 l
942 2223 974 2248 et
997 2218 1045 2253 21,
1069 2217 1119 2247 14.
1142 2215 1144 2222 '

311 2275 455 2304 carrecta.
478 2284 548 2303 vero
570 2273 703 2313 epistola
729 2272 772 2303 JI.
797 2273 878 2303 nihil
899 2273 1017 2313 myolii
1038 2272 1120 2312 fuit.

265 2326 452 2356 Verborum
475 2326 636 2356 sententia
659 2326 717 2356 uni
739 2326 852 2356 Attico
876 2326 991 2365 patuit.
1030 2325 1119 2356 Wie-
1143 2366 1144 2369 Ἰ

266 2380 381 2410 landus
403 2380 483 2409 haec
505 2380 550 2409 ita
565 2380 631 2410 fere
648 2380 808 2419 explicat:
835 2393 848 2403 ν
861 2378 974 2417 Quum
995 2380 1034 2410 de
1049 2379 1118 2415 illo,

266 2443 363 2473 quem
390 2433 525 2473 epistola
554 2442 612 2473 per
648 2433 845 2463 Memmium
878 2433 959 2463 mihi
995 2433 1118 2463 reddita

266 2486 345 2516 olim
367 2486 449 2516 mihi
471 2487 727 2522 commendaras,
750 2486 947 2517 sententiam
965 2487 1033 2526 ipse
1050 2496 1118 2516 mu-

267 2538 349 2574 tasti,
373 2548 439 2568 non
463 2548 543 2578 opus
567 2542 642 2575 erat,
666 2543 700 2568 ut
723 2539 763 2568 de
786 2539 888 2568 altero
919 2539 1000 2568 adeo
1030 2538 1118 2568 labo-

267 2601 367 2627 rares3
392 2601 469 2621 nam
491 2591 572 2620 hmze
599 2591 742 2630 equitem
771 2592 868 2628 malo,
900 2602 999 2631 quam
1029 2591 1117 2621 illum

266 2643 469 2683 pat1·icium.”
492 2643 631 2673 Meliora
654 2653 719 2673 11011
742 2643 894 2674 vidimus.

310 2695 414 2734 Quare
443 2695 593 2735 adiunyes
621 2697 636 2728 ’1-
666 2696 786 2735 Αἰιβόιηῑ
826 2698 976 2726 nostrum.
1018 2696 1118 2726 Deest

265 2749 390 2788 aliquid
412 2749 452 2778 ad
474 2748 694 2787 integritatem
716 2748 909 2778 sententiae.
933 2748 999 2778 Pro
1015 2749 1116 2778 Aufio

264 2801 472 2831 scribendum
493 2810 562 2830 esse
585 2799 742 2839 blzzzshivm
760 2801 969 2831 concedimus
991 2801 1115 2831 Buche-

267 2854 341 2884 lero.
364 2854 473 2892 Quem
500 2863 577 2884 vero
606 2853 735 2893 Appium
765 2854 860 2890 dicat,
883 2864 949 2884 non
979 2860 1115 2884 constat.

304 2906 344 2935 In
368 2905 472 2935 Bursa
495 2916 528 2935 o:
554 2906 586 2935 in
611 2906 731 2936 iudicio
755 2906 889 2941 Bursae,
913 2907 952 2936 de
970 2915 1034 2945 quo
1050 2906 1114 2935 vid.

264 2959 354 2990 Fam.
379 2960 456 2990 VH.
481 2961 508 2996 2,
532 2961 558 2990 2.

306 3013 323 3051 ξ
348 3013 394 3042 ll.
421 3012 530 3042 Furni?
553 3012 692 3051 και-θρίω
715 3019 774 3043 cet.
809 3012 844 3043 C.
866 3012 1010 3042 Furnius
1040 3013 1113 3042 trib.

265 3064 306 3103 pl.
331 3065 496 3095 Ciceronis
520 3065 680 3095 studiosus
704 3064 760 3104 (V.
786 3066 832 3101 18,
858 3066 890 3105 3)
914 3065 1044 3096 videtur
1065 3075 1114 3094 ro-

265 3117 431 3155 gationem
461 3118 582 3154 tulisse,
620 3126 653 3148 ut
683 3124 844 3157 praetores
875 3119 914 3148 de
937 3117 1114 3157 provinciis

1948 1581 2025 1622 Sed

1167 1793 1370 1830 decederent,
1393 1794 1457 1823 nisi
1480 1793 1594 1824 Parthi
1616 1794 1701 1824 intra
1724 1802 1871 1824 mensem
1893 1792 2024 1831 Quinti-

1168 1845 1233 1874 lem
1262 1845 1450 1876 movissent.
1494 1846 1585 1877 Haec
1615 1846 1766 1886 exceptio
1797 1845 1949 1876 Ciceroni
1977 1854 2024 1875 re-

1167 1897 1273 1927 ditum
1296 1898 1504 1929 vehementer
1526 1898 1671 1939 cupienti
1692 1908 1760 1929 non
1782 1899 1940 1938 placebat.

1208 1949 1248 1978 In
1265 1949 1418 1990 Pompeio.
1440 1951 1637 1981 Ablativum
1653 1950 1687 1980 in
1703 1951 1764 1980 hac
1781 1950 2022 1981 constructione

1167 2003 1349 2033 solemnem
1371 2004 1476 2034 codex
1498 2004 1586 2035 Med.
1610 2008 1695 2034 recte
1718 2009 1835 2034 servat.
1879 2004 1919 2033 In
1949 2003 2022 2034 aliis

1166 2055 1199 2084 in
1222 2055 1398 2095 Pompeium
1421 2057 1578 2097 scriptum
1599 2057 1738 2092 videtur,
1761 2061 1797 2086 ut
1825 2065 1919 2095 casus
1949 2066 2023 2087 con-

1167 2108 1293 2139 veniret
1316 2119 1390 2139 cum
1413 2109 1584 2149 participio
1606 2108 1866 2139 dissimulantem.
1890 2107 1957 2139 Sed
1974 2119 2028 2149 po-

1168 2160 1228 2190 tuit
1249 2161 1380 2192 Atticus
1405 2161 1450 2191 sie
1474 2161 1540 2192 fere
1556 2161 1715 2191 scribere:
1732 2160 1929 2200 Pompeium
1945 2161 2026 2191 alias

1166 2213 1428 2245 dissimulantem
1460 2224 1548 2244 nunc
1579 2214 1663 2244 serio
1693 2223 1791 2254 agere
1823 2213 1964 2244 arbitror
1992 2214 2026 2244 in

1142 2257 1144 2298 1
1168 2276 1271 2307 eoque
1293 2277 1384 2307 spem
1405 2277 1539 2298 omnem
1561 2268 1620 2298 otii
1642 2277 1739 2308 pono.

1212 2315 1445 2363 σχεδιάζοντα
1467 2329 1500 2349 o:
1525 2319 1723 2349 scribentem
1740 2318 1897 2359 quicquid
1916 2328 2025 2350 occur-

1166 2376 1217 2413 rit,
1239 2377 1333 2407 nullo
1356 2377 1480 2407 ordine.

1208 2430 1224 2468 ξ
1251 2430 1297 2460 12.
1325 2430 1439 2459 Amant
1460 2431 1543 2460 inler
1564 2439 1597 2460 se
1620 2439 1651 2459 o:
1677 2430 1759 2460 alter
1772 2429 1914 2460 alterum
1925 2434 2022 2460 amat.

1166 2486 1296 2516 Usitata
1318 2486 1459 2516 formula
1489 2486 1600 2522 colere,
1634 2495 1749 2522 amare,
1780 2485 1914 2526 diliyere
1941 2485 2025 2515 inter

1165 2547 1208 2574 se,
1231 2548 1289 2577 pro
1312 2548 1375 2578 qua
1400 2548 1433 2568 se
1466 2538 1550 2568 inter
1581 2547 1614 2567 se
1642 2547 1684 2567 ne
1713 2537 1778 2568 dici
1808 2537 1942 2577 quidem
1969 2545 2023 2576 po-

1167 2590 1239 2626 tuit,
1266 2590 1370 2620 serior
1393 2595 1479 2620 aetas
1502 2589 1631 2619 invicem
1653 2599 1760 2619 amare
1775 2589 1870 2626 dixit,
1884 2589 2023 2620 illustra-

1166 2648 1218 2672 tur
1239 2642 1280 2672 ab
1302 2642 1437 2672 Haudio
1459 2642 1494 2672 iu
1517 2642 1613 2672 Turs.
1635 2642 1700 2672 III.
1724 2652 1754 2682 p.
1778 2642 1837 2674 397
1862 2651 1948 2682 seqq.

1210 2693 1260 2723 Uli
1282 2693 1364 2724 dixit
1388 2693 1546 2724 Isocrates
1565 2699 1625 2724 cet.
1649 2694 1698 2724 Cf.
1712 2694 1855 2725 Ellendt.
1873 2694 1913 2724 ad
1929 2692 2022 2724 Orat.

1164 2746 1228 2776 ΠΙ.
1252 2746 1300 2776 36.

1206 2799 1398 2829 Liberalibus
1422 2809 1453 2829 o:
1478 2799 1634 2839 postridie
1657 2800 1734 2830 Idus
1747 2799 1893 2830 Martias.
1915 2798 2016 2829 Anno

1164 2853 1277 2883 aetatis
1299 2853 1428 2883 decimo
1450 2859 1545 2883 sexto
1567 2852 1676 2892 pueris
1696 2858 1807 2892 togam
1822 2861 1936 2892 puram
1951 2850 2020 2881 dari

1164 2915 1201 2936 eo
1225 2906 1276 2936 die
1299 2906 1399 2936 moris
1427 2905 1537 2942 fuisse,
1568 2910 1683 2935 notum
1715 2911 1771 2936 est.
1816 2905 1947 2936 Poterat
1975 2910 2020 2934 tae

1163 2969 1238 2990 men
1261 2959 1318 2989 ille
1340 2959 1422 2989 ritus
1442 2959 1542 2999 patris
1566 2958 1688 2989 iudicio
1706 2958 1839 2989 differri.
1863 2957 1911 2989 Cf.
1924 2957 2019 2988 Boet-

1162 3013 1257 3052 tigeri
1281 3012 1398 3053 Opusc.
1420 3023 1449 3053 p.
1473 3013 1534 3043 212
1556 3021 1644 3052 seqq.
1670 3012 1810 3043 Beckeri
1832 3010 1946 3042 Gallus
1968 3009 2016 3040 II.

1162 3076 1191 3105 p.
1216 3065 1255 3097 74
1278 3075 1347 3105 sqq.
1375 3066 1449 3096 edit.
1474 3066 1530 3096 alt.

1205 3118 1383 3158 Dionysius,
1414 3118 1568 3158 magister
1598 3118 1804 3154 Ciceronum,
1835 3117 1926 3148 cuius
1956 3116 2016 3146 fre-
