2117 3533
303 157 387 193 :502
703 155 786 195 ΕΡ.
821 155 896 194 ΑΙ)
929 155 974 194 Τ.
1010 154 1307 194 POMPONHJ
1314 155 1357 194 M
1391 156 1652 196 ATTIOUM.

303 286 447 326 sectum
482 301 565 326 esse
599 286 648 326 ad
683 288 905 326 Caesarem.
962 288 1050 327 Hoc
1084 286 1143 326 1111
1177 284 1503 344 τεκμηριῶδες
1537 288 1746 331 videbatur
1780 307 1863 332 esse
1904 292 2049 334 aliena-

299 359 433 398 tionis.
486 360 527 398 3.
559 358 668 409 Quid
702 358 858 398 multa?
908 358 1023 399 Nihil
1058 374 1119 398 me
1153 359 1263 399 aliud
1297 360 1536 410 consolatur,
1572 361 1649 401 nisi
1684 363 1789 417 quod
1823 364 1950 415 illum,
1986 368 2049 407 cui

299 431 417 471 etiam
459 431 613 471 inimici
659 430 827 471 alterum
874 432 1139 481 consulatum,
1186 431 1345 472 fortuna
1391 448 1583 473 summam
1628 436 1847 488 potentiam
1882 437 2048 488 dederit,

298 518 377 543 11011
411 502 580 543 arbitror
614 504 694 544 fore
728 509 809 544 tam
851 509 1061 553 amentem,
1108 510 1152 545 ut
1196 505 1291 546 haec
1336 506 1378 546 in
1412 506 1625 547 discrimen
1659 507 1846 548 adducat.
1896 509 2049 560 Quodsi

260 591 408 616 51'1161'9
442 576 629 630 coeperit,
665 592 713 616 ne
748 592 820 631 ego
855 577 980 618 multa
1012 578 1148 627 timeo,
1184 593 1284 632 quae
1334 594 1413 619 non
1458 579 1584 620 audeo
1629 580 1812 621 scribere.
1869 582 1960 632 Sed,
2009 589 2049 624 ut

296 662 400 688 nunc
436 652 509 697 est,
545 665 579 689 a.
615 649 654 688 d.
691 663 759 691 111.
794 650 934 690 Nonas
968 651 1055 691 lan.
1091 650 1138 690 ad
1174 650 1311 692 urbem
1347 652 1492 705 cogito.

335 811 352 840 3
375 810 507 842 dederat
531 830 569 834 —

291 958 359 988 (Hit.
397 958 486 988 Hinc
520 957 698 998 Pompeius
721 958 882 988 efficiebat
905 968 995 998 spem
1019 969 1147 999 compo·
1194 960 1269 990 ferri
1294 971 1361 991 non
1375 967 1490 1001 potest.
1514 962 1752 993 Coniunctivus
1768 964 1900 1003 perfecti
1916 965 2047 1004 ponitur

290 1010 416 1040 sitionis
438 1010 565 1040 nullam
589 1020 668 1041 esse.
1193 1018 1266 1053 post
1287 1013 1376 1044 illum
1399 1024 1430 1045 u:
1455 1016 1565 1047 talem.

333 1066 350 1103 ᾖ·
373 1066 400 1094 3.
425 1064 565 1095 Dederit.
583 1064 637 1095 Sic
655 1064 734 1095 Pius
746 1066 892 1095 correxit
906 1065 1048 1101 dederat,
1061 1066 1148 1104 quod
1236 1066 1337 1097 liuere
1362 1066 1411 1098 Cf.
1436 1068 1475 1098 ad
1502 1068 1548 1098 ΙΙ.
1573 1069 1620 1104 14,
1646 1070 1673 1098 l.

923 1184 968 1223 V.
1036 1185 1100 1236 (A.
1143 1183 1186 1223 U.
1226 1185 1266 1223 C.
1307 1184 1422 1238 704.)

354 1311 388 1350 1.
423 1309 573 1350 Multas
608 1324 686 1349 uno
719 1314 895 1363 tempore
937 1309 1071 1363 accepi
1116 1310 1303 1364 epistolas
1349 1316 1453 1361 tuas,
1499 1326 1600 1365 quae
1645 1312 1758 1363 mihi,
1805 1328 2043 1367 quamquam

288 1383 505 1423 recentiora
539 1380 748 1422 audiebam
783 1397 831 1422 ex
862 1382 926 1432 iis,
962 1382 1031 1436 qui
1065 1382 1114 1422 ad
1147 1397 1209 1422 me
1245 1382 1471 1434 veniebant,
1508 1388 1641 1424 tamen
1675 1390 1788 1425 erant
1821 1385 2042 1437 1060111166,-

288 1456 467 1496 studium
501 1455 607 1496 enim
640 1460 679 1496 et
712 1455 1028 1496 benevolentiam
1075 1456 1344 1497 declarabant.
1404 1457 1647 1498 Valetudine
1692 1463 1761 1498 tua
1806 1474 1963 1500 moveor
2006 1463 2046 1499 et

251 1538 264 1561 ὑ
288 1530 431 1570 Piliam
464 1530 507 1569 in
540 1529 646 1569 idem
679 1544 806 1583 genus
839 1529 967 1569 morbi
1002 1529 1202 1584 delapsam
1238 1545 1374 1570 curam
1407 1530 1483 1571 tibi
1517 1532 1653 1571 afferre
1687 1532 1875 1572 maiorem
1901 1530 2042 1571 sentio.

288 1603 389 1643 >Date
422 1602 546 1656 igitur
580 1616 739 1656 operam
773 1606 819 1641 ut
852 1601 1031 1642 valeatiS.
1068 1604 1108 1642 2.
1142 1602 1202 1641 De
1236 1602 1394 1652 Tirone,
1426 1602 1540 1643 video
1563 1602 1640 1643 tibi
1664 1618 1780 1644 curae
1803 1618 1900 1653 esse,
1926 1618 2042 1657 quem

287 1675 449 1729 quidem
481 1689 567 1728 ego,
603 1674 677 1714 etsi
710 1674 912 1714 mirabiles
946 1675 1142 1715 utilitates
1176 1675 1275 1715 mihi
1309 1675 1486 1730 praebet,
1533 1691 1657 1730 quum
1691 1677 1809 1727 valet,
1859 1677 1902 1716 in
1934 1676 2042 1716 0111111

285 1762 427 1801 genere
461 1749 522 1789 vel
556 1746 807 1800 negotiorum
841 1747 902 1787 vel
936 1746 1160 1787 studiorum
1200 1763 1392 1798 meorum,
1439 1753 1573 1789 tamen
1613 1754 1773 1804 propter
1816 1749 2041 1790 humanita-

285 1823 364 1857 tem
399 1824 438 1859 et
471 1819 704 1860 modestiam
740 1820 843 1860 malo
877 1820 1031 1860 salvum
1065 1835 1184 1875 quam
1218 1826 1379 1875 propter
1411 1836 1528 1861 usum
1552 1837 1699 1862 meum.
1737 1824 1759 1862 3
1770 1811 1782 1862 ⁸.
1802 1821 2041 1875 Philogenes

236 1899 439 1931 lomecum
472 1892 573 1934 nihil
606 1908 783 1947 unquam
818 1893 866 1933 de
910 1893 1109 1934 Luscenio
1149 1893 1308 1934 locutus
1355 1898 1415 1934 est
1424 1913 1435 1944 3
1487 1893 1534 1934 de
1577 1895 1716 1935 ceteris
1758 1894 1877 1936 rebus
1920 1893 2042 1935 habes

284 1963 534 2019 Dionysium.
571 1967 750 2007 Sororem
785 1971 896 2006 tuam
929 1981 1010 2006 11011
1043 1966 1197 2006 venisse
1230 1966 1273 2006 in
1308 1968 1511 2006 Arcanum
1544 1966 1675 2007 miror.
1711 1967 1770 2007 De
1805 1966 2041 2022 Chrysippo,

284 2052 416 2077 meum
451 2039 665 2079 consilium
700 2038 859 2093 probari
892 2037 968 2079 tibi
1001 2053 1083 2079 non
1115 2038 1278 2078 moleste
1313 2038 1408 2079 sero.
1443 2039 1529 2092 Ego
1562 2039 1604 2078 in
1637 2039 1907 2079 Tusculanum
1940 2038 2043 2079 nihil

285 2125 377 2150 sane
412 2111 487 2151 hoc
520 2116 711 2165 tempore.
770 2112 940 2152 Devium
984 2117 1044 2152 est
1084 2116 1192 2161 τοῖς
1235 2108 1532 2154 ἀπαντῶσιν
1572 2118 1612 2152 et
1651 2111 1771 2152 habet
1811 2111 1887 2153 alia
1931 2105 2041 2161 δύς-

283 2198 494 2240 χρησῖα.
535 2184 611 2225 Sed
647 2184 694 2225 de
730 2185 941 2233 Formiano
975 2185 1228 2225 Tarracinam
1262 2185 1389 2239 pridie
1423 2185 1515 2225 Kal.
1550 2185 1638 2233 Ian,
1670 2184 1763 2224 inde
1788 2184 2041 2238 Pomptinam

233 2268 265 2294 15
288 2270 497 2307 summam,
542 2257 635 2297 inde
672 2257 873 2298 Albanum
910 2259 1112 2313 Pompeii3
1146 2258 1203 2298 ita
1238 2258 1286 2298 ad
1319 2257 1458 2298 urbem
1493 2270 1562 2297 111.
1598 2258 1750 2306 Nonas,
1784 2256 1908 2297 natali
1939 2270 2040 2296 meo.

296 2331 323 2367 1«.
360 2328 418 2369 De
453 2345 492 2369 re
526 2330 688 2384 publica
729 2331 908 2384 quotidie
942 2332 1070 2385 magis
1104 2331 1226 2371 timeo
1273 2331 1367 2371 Non
1403 2330 1508 2370 enim
1543 2329 1653 2379 boni,
1689 2334 1733 2369 ut
1764 2334 1923 2383 putant,
1950 2344 2041 2369 con-

283 2401 476 2442 sentiunt.
535 2402 645 2453 Quos
681 2418 753 2456 ego
787 2404 941 2457 equites
976 2404 1190 2454 Romanos,
1227 2419 1326 2458 quos
1359 2407 1560 2444 senatores
1601 2402 1697 2452 vidi,
1742 2402 1811 2456 qui
1855 2402 2040 2442 acerrime

282 2488 403 2527 quun]
439 2480 583 2524 cetera,
619 2481 705 2516 tuni
743 2476 815 2516 hoc
850 2477 924 2516 iter
960 2477 1139 2531 Pompeii
1174 2477 1466 2529 vituperarent!
1504 2476 1605 2515 Pace
1640 2489 1738 2528 opus
1771 2479 1843 2514 est.
1878 2475 1939 2514 Ex
1963 2475 2040 2514 vic-

324 2626 360 2655 16
383 2628 416 2656 vl
439 2628 589 2666 †putant
612 2645 652 2648 —

322 2770 339 2808 «ξ
363 2771 391 2799 3.
427 2768 476 2798 De
505 2768 666 2799 Luscenio.
701 2769 888 2800 Probabilis
918 2775 965 2801 est
1001 2771 1160 2814 Corradi1
1183 2770 1349 2801 conferam
1380 2771 1420 2801 ad
1450 2771 1603 2811 paludem
1634 2770 1844 2811 Pomptinam
1874 2776 1906 2801 et
1934 2770 1968 2801 in
1991 2780 2038 2801 re-

283 2822 423 2862 suspieio
447 2831 632 2852 sermonem
656 2831 725 2852 esse
747 2822 787 2852 de
814 2821 848 2861 Q.
880 2822 1014 2853 Lucieno
1045 2834 1135 2854 sena-
1159 2856 1160 2859 ,
1184 2824 1282 2863 gione
1321 2825 1360 2854 ad
1390 2834 1551 2854 summam
1581 2825 1650 2855 eius
1679 2830 1803 2864 partem
1834 2824 2039 2864 pernoctabo.

281 2881 358 2911 rore,
383 2874 439 2914 qui
464 2875 496 2904 in
522 2874 681 2904 Varronis
704 2875 743 2904 de
767 2884 800 2905 re
824 2882 901 2905 rust.
935 2877 981 2906 11.
1006 2879 1022 2906 5
1046 2886 1136 2916 seqq.
1183 2877 1313 2914 Swmam,
1337 2879 1425 2918 quod
1449 2879 1481 2908 in
1506 2879 1595 2909 Med.
1618 2883 1674 2915 est,
1697 2889 1764 2908 non
1780 2884 1885 2918 potest
1897 2877 2037 2912 defendi,

279 2938 353 2958 vum
375 2928 489 2959 Attico
512 2928 649 2968 aliisque
680 2928 817 2967 loquens
847 2929 1023 2960 inducitur.
1158 2952 1159 2983 ἶ
1182 2943 1217 2962 ae
1243 2933 1269 2963 si
1293 2933 1452 2964 indicaret
1468 2936 1586 2973 pelam.
1617 2934 1707 2964 Male
1729 2932 1860 2963 Alanus
1883 2942 1940 2972 pro
1962 2942 2038 2962 sum-

321 2982 368 3011 De
395 2981 573 3022 Chrysippo.
597 2981 646 3013 Cf.
670 2981 700 3012 h.
726 2982 745 3012 l.
770 2983 797 3019 2,
821 2984 849 3012 8.
1157 3015 1159 3024 7
1182 2995 1260 3015 mam
1282 2984 1422 3015 coniecit
1443 2984 1737 3015 inamoenis-simam.

325 3034 383 3074 Εζᾳο
405 3054 445 3058 —-
474 3035 556 3065 mln'l
582 3045 658 3065 sane
686 3045 718 3065 a:
751 3036 895 3075 profecto
929 3046 989 3075 ego
1018 3047 1135 3078 nequa·
1157 3029 1158 3033 ¹
1225 3039 1243 3076 ξ
1264 3040 1293 3069 4.
1321 3038 1358 3068 Ut
1373 3041 1492 3079 putant
1515 3049 1547 3068 o:
1576 3043 1611 3069 ut
1634 3039 1735 3078 vulgo
1757 3042 1882 3078 putant.
1905 3037 1980 3067 Non
1994 3036 2038 3066 vi·

279 3097 377 3125 quam
400 3089 463 3119 ibo.
1181 3092 1278 3122 detur
1301 3091 1556 3122 sollicitandum.
1593 3090 1629 3121 Si
1653 3091 1731 3131 quid
1753 3091 1956 3121 mutandum.
1982 3099 2038 3129 [ηι-

320 3140 400 3169 smle
427 3140 615 3179 Pomptinam
646 3150 788 3169 summam
814 3151 845 3170 a:
877 3142 1052 3171 'rm-racina
1084 3152 1134 3172 1116
1182 3144 1248 3173 tari
1271 3155 1344 3174 euni
1371 3145 1520 3174 Mamurio
1544 3145 1661 3181 corrigi
1685 3144 1807 3180 malim,
1830 3153 1927 3183 quam
1945 3145 2037 3181 ymm-
