2117 3533
282 142 333 181 16

904 297 976 339 VI.

671 143 755 184 ΕΡ.
790 144 866 184 AD
899 145 944 184 T.
979 144 1329 188 POMPONIUM
1363 148 1625 190 ATTICUM.

1044 297 1109 350 (A.
1151 297 1195 337 U.
1234 298 1276 339 C.
1311 300 1430 354 686.)

343 406 383 445 1.
417 404 512 444 Non
546 403 792 444 committam
824 404 1004 458 posthac,
1038 409 1086 444 ut
1117 419 1180 445 me
1215 420 1400 448 accusare
1434 407 1482 449 de
1516 408 1774 464 epistolarum
1792 412 2038 467 negligentia

276 476 417 532 possis.
450 476 513 516 Tu
544 475 662 517 modo
695 476 843 527 videto,
878 476 921 517 in
954 480 1067 517 tanto
1101 478 1182 518 otio
1215 483 1262 519 ut
1293 494 1365 533 par
1397 480 1497 521 mihi
1530 481 1598 522 sis.
1650 482 1824 524 Domum
1856 484 2037 526 Rabiria—

275 565 369 591 nam
401 548 587 603 Neapoli,
622 564 740 603 quam
781 553 827 589 tu
871 549 948 589 iam
992 549 1212 590 dimensam
1253 556 1293 591 et
1332 552 1629 594 exaedificatam
1675 555 1807 596 animo
1847 556 2036 609 habebas,

245 622 351 663 sM’.
386 622 577 663 Fonteius
611 622 708 662 emit
742 622 826 662 HS.
861 635 1037 664 0001000
1070 621 1164 665 ἷζῖὶῖ.
1209 623 1258 665 Id
1298 629 1338 666 te
1372 626 1471 667 scire
1504 627 1626 678 volui,
1662 628 1696 669 si
1729 628 1826 683 quid
1859 629 1959 671 forte
1991 646 2038 671 ea

274 710 335 736 res
369 694 418 736 ad
453 694 713 749 cogitationes
746 699 837 735 tuas
870 695 1100 749 pertineret.
1139 699 1178 737 2.
1214 697 1264 748 Q.
1299 698 1433 751 frater,
1469 704 1516 740 ut
1548 700 1649 741 mihi
1671 699 1844 753 videtur,
1871 717 1949 756 quo
1970 717 2036 744 vo-

272 768 406 810 lumus
441 768 573 810 animo
607 773 667 809 est
699 768 741 809 in
776 768 1039 823 Pomponiam
1072 774 1111 810 et
1145 785 1236 811 cum
1270 787 1315 812 ea
1347 787 1456 813 nunc
1490 773 1533 814 in
1566 773 1831 829 Arpinatibus
1862 774 2035 829 praediis

273 845 357 882 erat
388 846 428 881 et
461 856 594 882 secum
627 839 802 881 habebat
833 840 1035 881 hominem
1067 845 1404 901 χρηστομαθῆ
1438 845 1490 886 D.
1523 847 1777 887 Turranium.
1811 846 1931 887 Pater
1964 861 2034 888 no-

273 913 335 955 bis
369 914 538 955 decessit
572 929 607 955 a.
642 913 682 954 d.
716 926 806 954 1111.
840 913 933 954 Kal.
968 913 1222 957 Decembres.
1258 917 1369 958 Haec
1403 917 1599 960 habebam
1629 919 1722 970 fere,
1749 934 1848 974 quae
1870 923 1910 960 te
1933 920 2032 961 scire

229 1003 260 1028 ιο
273 987 428 1028 vellem.
461 988 536 1038 Tu,
571 986 703 1037 velim,
738 986 771 1027 si
805 1001 883 1041 qua
916 992 1148 1029 ornamenta
1181 986 1510 1047 γυμνασιώὸη
1542 992 1712 1047 reperire
1745 992 1907 1047 poteris,
1930 1007 2030 1047 quae

314 1169 382 1209 §L
419 1169 482 1201 HS.
514 1164 748 1209 cccmooxx—x,
769 1181 801 1202 0:
832 1175 965 1202 centum
993 1169 1129 1210 triginta
1177 1174 1303 1206 sulatus
1334 1175 1376 1216 (a.
1407 1187 1437 1208 u.
1469 1178 1543 1218 690)
1572 1183 1698 1219 patrem
1733 1179 1889 1217 amisisse,
1919 1179 1953 1210 id
1982 1183 2030 1210 est

275 1222 410 1254 milibus
439 1224 634 1262 sestertium,
658 1234 742 1266 quae
764 1226 963 1266 respondent
985 1224 1051 1255 fere
1068 1228 1127 1253 tre-

268 1278 375 1308 decim
407 1279 542 1310 milibus
564 1280 773 1311 florenorum.
799 1280 935 1311 Summa
958 1288 1036 1310 sane
1059 1277 1125 1308 exi-

267 1341 331 1370 gua
354 1333 380 1363 si
403 1334 585 1373 cogitamus
608 1335 769 1366 immensa
782 1344 979 1375 magnarum
993 1333 1124 1364 aedium

264 1388 376 1428 pretia,
400 1390 439 1421 de
462 1399 528 1430 qua
549 1390 655 1420 dicam
684 1391 725 1421 ad
747 1390 805 1430 Ep,
830 1390 878 1427 13,
903 1390 921 1419 6
943 1389 974 1419 h.
999 1389 1035 1425 l.;
1067 1388 1122 1418 sed

264 1446 433 1474 teneamus
456 1444 590 1475 domum
614 1443 714 1475 fuisse
736 1443 885 1484 Neapoli,
909 1443 942 1473 in
960 1452 1025 1483 qua
1041 1442 1122 1472 urbe

263 1496 395 1527 Atticus
421 1507 487 1527 non
511 1497 636 1528 solebat
657 1497 808 1533 residere,
832 1501 903 1526 tum
932 1496 973 1526 ad
1001 1494 1120 1535 perfec-

262 1550 387 1581 tionem
409 1550 479 1580 eius
501 1550 618 1580 domus
640 1549 746 1580 multa
766 1548 917 1579 defuisse.
955 1548 994 1579 In
1018 1557 1066 1588 ep.
1091 1549 1118 1584 5,

263 1606 318 1637 lib.
336 1605 370 1636 X
386 1606 506 1636 dicitur
515 1605 690 1637 Vettienus
712 1603 937 1635 deversorium
956 1601 1026 1634 HS.
1042 1596 1119 1633 ffi

268 1658 351 1698 (flor.
376 1660 471 1699 3000)
487 1658 613 1690 emisse.
627 1675 669 1680 —-
683 1656 857 1688 Caeterum
871 1655 1028 1687 monendi
1043 1659 1119 1686 sunt

262 1715 397 1746 lectores
428 1724 490 1751 me,
521 1714 711 1753 ubicunque
741 1713 775 1743 in
804 1712 856 1742 his
886 1711 1031 1752 epistolis
1063 1720 1118 1742 eae

262 1774 358 1801 uotae
381 1769 567 1800 numerales
589 1767 815 1803 inveniuntur,
838 1775 921 1806 quae
943 1765 1117 1796 manifesto

260 1832 325 1852 non
349 1822 388 1852 de
420 1821 561 1861 singulis
590 1820 710 1857 numis,
740 1820 796 1850 sed
824 1820 864 1850 de
892 1818 1038 1849 millenis
1068 1828 1116 1848 ca-

258 1875 400 1915 piundae
431 1879 546 1911 essent,
570 1874 604 1905 id
633 1873 794 1904 indicasse
816 1873 905 1904 linea
932 1877 1117 1903 transversa

258 1930 403 1961 numeris
426 1929 585 1970 imposita.

302 1982 413 2014 Animo
442 1982 576 2013 habebas
601 1992 634 2013 o:
673 1990 877 2021 conceperas,
915 1981 1113 2011 decreveras.

255 2037 359 2068 Docte
366 2037 450 2068 hanc
460 2036 661 2067 locutionem
670 2034 847 2065 illustravit
855 2034 881 2065 Ι.
890 2032 1115 2065 F.Gr0n0vius

255 2091 295 2121 ad
316 2090 390 2121 Liv.
413 2089 541 2120 XLIV.
565 2090 613 2125 25,
639 2089 666 2119 1.

295 2145 314 2184 ξ
337 2145 364 2176 2.
394 2143 641 2190 χρηστομαθῆ,
680 2142 737 2182 qui
773 2141 867 2172 utilia
903 2139 1025 2177 didicit,
1050 2140 1111 2170 ele-

252 2208 367 2244 ganter
389 2203 563 2234 eruditum.

291 2257 331 2290 D.
358 2256 551 2287 Turranium.
589 2256 682 2287 Idem
704 2265 780 2286 cum
804 2254 962 2286 Cicerone
992 2254 1025 2284 in
1058 2253 1109 2284 Ci-

252 2310 327 2340 licia
348 2309 448 2340 fuisse
471 2310 601 2340 videtur
623 2312 654 2339 et
669 2308 768 2348 paulo
784 2311 858 2338 ante
878 2316 954 2337 eum
968 2305 1107 2336 Romam

250 2363 392 2393 rediisse.
431 2363 507 2392 Vid.
538 2362 599 2392 VI.
631 2362 658 2391 9.
682 2360 833 2391 Fortasse
863 2363 910 2390 est
939 2357 995 2388 ille
1025 2357 1106 2387 Tur-

249 2415 360 2445 ranius
368 2415 481 2455 Niger,
494 2415 534 2444 ad
549 2423 648 2454 quem
663 2413 770 2443 Varro
786 2411 968 2443 secundum
983 2409 1106 2440 librum

249 2469 288 2499 de
304 2478 337 2499 re
353 2468 474 2498 rustica
488 2466 586 2497 misit.
603 2466 679 2496 Vid.
696 2464 794 2505 praef.
811 2465 830 2495 l.
843 2464 876 2494 ΙΙ
887 2468 918 2494 et
930 2462 991 2493 111.

290 2520 389 2550 Pater
418 2519 503 2550 nobis
532 2517 666 2549 decessit
696 2529 726 2548 α.
757 2517 787 2547 d.
819 2515 904 2545 IIII
930 2514 1004 2545 Kal.
1030 2513 1101 2546 Dec.

249 2576 402 2616 Speciose
423 2575 607 2606 Abekenus
630 2584 679 2614 op.
704 2573 801 2609 laud„
826 2582 855 2612 p.
887 2572 926 2601 33
957 2580 1002 2610 sq.
1034 2570 1103 2600 vul-

249 2635 342 2669 gatae
389 2628 562 2669 opinionis,
607 2637 672 2667 qua
710 2626 809 2666 patris
855 2624 983 2656 obitum
1026 2633 1103 2664 pau-

247 2685 292 2714 cis
315 2684 366 2714 his
395 2683 502 2713 verbis
532 2681 615 2712 tradi
644 2680 766 2717 dicunt,
795 2678 1014 2719 patrocinium
1036 2687 1102 2708 sus-

247 2738 339 2777 cepit.
375 2736 425 2768 Cf.
460 2745 592 2776 quoque
620 2734 729 2765 Klotz.
761 2742 903 2773 prooem.
936 2731 996 2762 IV.
1029 2731 1101 2771 Ego

247 2796 355 2821 tamen
402 2798 575 2829 nunquam
615 2787 757 2817 adducar
801 2791 837 2815 ut
871 2785 1001 2815 credam
1039 2783 1101 2814 hoc

247 2845 342 2874 inodo
367 2843 561 2874 Ciceronem
582 2841 695 2871 Attico
717 2849 777 2870 suo
792 2839 959 2870 nuntiasse
975 2837 1101 2868 obitum

247 2897 354 2936 patris,
377 2895 482 2936 optimi
505 2904 542 2924 [ιο
558 2891 795 2934 prudentissimi
817 2891 886 2927 viri,
909 2890 996 2922 Orat.
1012 2891 1056 2921 11.
1073 2890 1099 2920 1.

246 2951 368 2982 Melius
390 2950 495 2981 sentio
517 2949 557 2979 de
577 2947 723 2978 moribus
740 2945 917 2982 Ciceronis,
934 2954 1033 2985 quem
1048 2944 1100 2975 vel

247 3004 331 3035 servi
361 3007 464 3033 morte
494 3001 637 3041 graviter
672 3002 873 3029 commotum
908 2997 1012 3034 video,
1050 3006 1098 3036 ep.

250 3058 296 3094 12,
320 3058 348 3086 4.
371 3055 509 3086 Accedit
532 3052 763 3094 gravissimum
791 3050 930 3082 Asconii
957 3049 1099 3081 testimo-

249 3112 351 3147 nium,
383 3110 440 3150 qui
470 3109 502 3140 in
533 3117 659 3148 argum.
689 3111 767 3137 orat.
797 3106 829 3136 in
858 3112 933 3145 toga
962 3104 1099 3135 candida

250 3165 294 3206 (p.
319 3165 358 3195 82
381 3163 451 3202 Or.)
473 3162 579 3199 tradit,
597 3161 789 3192 Ciceronem
805 3159 838 3189 in
856 3158 1011 3198 petitione
1026 3167 1099 3188 con-

1176 1229 1432 1267 quadriennium
1453 1236 1525 1272 post
1553 1231 1638 1263 hanc
1667 1233 1838 1273 epistolam
1865 1233 2027 1274 scriptam.

1174 1280 1325 1313 Fuerunt
1346 1284 1413 1315 iam
1426 1285 1516 1323 olim,
1540 1286 1598 1326 qui
1620 1286 1694 1317 ideo
1706 1286 1806 1317 Patro
1819 1286 1907 1317 nobis
1921 1285 2025 1316 deces-

1171 1336 1213 1365 sit
1236 1336 1415 1377 legendum
1436 1344 1602 1379 putarent:
1627 1341 1716 1380 quod
1730 1345 1839 1371 tamen
1854 1339 2026 1371 Manutius

1169 1399 1227 1429 per
1254 1396 1439 1432 temporum
1468 1394 1609 1425 rationes
1644 1405 1710 1425 non
1740 1394 1839 1426 licere
1873 1394 2024 1425 ostendit.

1168 1442 1255 1474 Nam
1284 1444 1382 1476 Patro
1412 1456 1438 1476 a.
1484 1456 1514 1477 0.
1558 1446 1617 1479 703
1661 1447 1756 1478 vivus
1793 1456 2024 1478 commemora-

1167 1500 1228 1533 tur,
1251 1497 1320 1528 Att.
1345 1498 1386 1529 V.
1417 1499 1464 1536 11,
1494 1499 1521 1530 6.
1566 1498 1632 1530 Sed
1660 1500 1824 1531 adsentior
1852 1500 2023 1540 Madvigio

1167 1550 1201 1580 in
1224 1551 1304 1591 disp.
1328 1552 1367 1583 de
1389 1552 1536 1583 Asconio
1557 1563 1587 1593 p.
1612 1552 1660 1591 71,
1689 1553 1721 1584 h.
1752 1554 1772 1584 l.
1803 1563 1869 1584 non
1899 1553 1953 1593 agi
1981 1554 2022 1584 de

1168 1608 1282 1641 morte,
1312 1605 1369 1636 sed
1397 1605 1437 1636 de
1466 1605 1610 1637 discessu
1646 1606 1755 1646 pat-ris,
1792 1607 1931 1646 ideoque
1960 1615 2020 1636 scr.

1166 1659 1321 1692 discessit.
1346 1661 1489 1693 Infinitis
1504 1662 1584 1693 locis
1600 1662 1658 1693 illa
1672 1662 1772 1693 verba
1786 1662 1922 1693 confusa
1936 1666 2022 1693 sunt.

1166 1714 1243 1745 Vid.
1266 1714 1338 1745 intt.
1361 1715 1402 1745 ad
1423 1714 1497 1746 Liv.
1521 1715 1565 1746 11.
1589 1716 1626 1746 31
1652 1719 1732 1746 extr.
1755 1719 1786 1746 et
1805 1714 2020 1754 Wesenberg.

1164 1768 1302 1799 Emend.
1325 1768 1441 1808 Epistt.
1464 1777 1494 1808 p.
1518 1767 1566 1798 93.
1611 1767 1711 1799 Recte
1740 1771 1850 1798 autem
1877 1765 2021 1798 Orellius

1163 1823 1313 1854 observat
1335 1823 1514 1862 legendum
1535 1826 1607 1852 tum
1628 1822 1726 1853 etiam
1753 1832 1773 1851 a
1800 1820 1905 1857 nobis,-
1936 1830 2020 1861 quae

1162 1878 1357 1919 praepositio
1379 1877 1501 1909 excidit
1523 1886 1655 1918 quoque
1677 1876 1768 1908 Fam.
1791 1875 1854 1907 IX.
1878 1877 1926 1913 19,
1950 1877 1966 1906 1
1982 1876 2017 1906 in

1161 1932 1286 1963 verbis:
1313 1931 1426 1962 Tamen
1449 1942 1467 1961 a
1491 1930 1615 1961 malitia
1637 1941 1698 1961 mm
1727 1929 1864 1961 discedis
1893 1934 1924 1961 et
1952 1939 2017 1961 sae-

1162 1985 1295 2026 pissime
1317 1995 1336 2015 a
1357 1984 1499 2015 librariis
1522 1984 1673 2024 neglecta
1694 1988 1750 2015 est.
1774 1983 1852 2015 Vid.
1881 1982 2016 2014 Wesen-

1162 2039 1250 2078 berg,
1273 2049 1304 2079 p.
1327 2039 1375 2069 92.

1205 2092 1278 2122 Tum
1301 2091 1441 2133 denique.
1476 2092 1574 2123 Hanc
1597 2091 1773 2122 formulam
1802 2091 1842 2122 ab
1869 2090 2014 2128 Handio,

1159 2147 1254 2177 Turs.
1280 2146 1324 2176 ΙΙ.
1348 2156 1377 2186 p.
1402 2145 1460 2177 275
1484 2155 1541 2185 sq„
1570 2154 1645 2175 cum
1674 2145 1776 2175 altera
1803 2145 1867 2174 tum
1895 2143 2012 2174 demum

1158 2200 1243 2231 male
1266 2199 1446 2236 confusam,
1470 2198 1595 2230 Bakius
1619 2198 1659 2228 ad
1683 2197 1750 2228 Cic.
1780 2197 1861 2237 Leg.
1891 2206 1921 2237 p.
1951 2195 2013 2228 479

1156 2258 1241 2284 recte
1263 2253 1342 2293 poni
1364 2258 1471 2293 negat,
1494 2252 1559 2283 nisi
1580 2252 1638 2283 ubi
1660 2252 1694 2283 in
1717 2251 1929 2282 conclusione
1957 2250 2012 2281 de·

1155 2306 1247 2347 nique
1268 2310 1409 2346 ponatur
1430 2315 1489 2346 pro
1505 2306 1671 2345 postremo,
1702 2309 1739 2335 ut
1765 2304 1802 2335 fit
1830 2303 1871 2334 V.
1902 2304 1951 2340 20,
1981 2303 2010 2333 8.

1153 2360 1260 2399 Igitur
1281 2369 1323 2391 ex
1346 2359 1436 2390 illius
1458 2359 1614 2400 opinione
1633 2359 1664 2389 h.
1681 2358 1702 2389 1.
1718 2358 1929 2389 scribendum
1943 2361 2011 2388 erat

1153 2415 1215 2442 tm
1238 2412 1365 2443 demum.
1389 2414 1451 2442 frum
1474 2412 1606 2452 denique
1627 2416 1713 2442 recte
1735 2411 1766 2441 h.
1790 2411 1811 2441 1.
1834 2410 1957 2451 legitur
1979 2414 2010 2441 et

1151 2465 1235 2495 infra
1257 2464 1353 2495 XV1.
1378 2466 1394 2494 5
1419 2469 1510 2501 extr„
1534 2474 1594 2495 nec
1616 2463 1861 2494 sollicitandum
1879 2466 1958 2503 puto
1974 2462 2008 2492 in

1149 2518 1257 2548 verbis
1271 2517 1311 2547 de
1327 2516 1414 2548 Orat.
1432 2517 1456 2548 1.
1474 2517 1534 2547 142
1547 2516 1816 2557 praecedentibus
1824 2514 2008 2556 primum-

1148 2568 1271 2599 deinde.
1315 2569 1433 2609 Neque
1462 2569 1577 2606 obstat,
1608 2569 1697 2609 quod
1726 2568 1771 2599 ibi
1806 2568 1914 2600 verbis
1943 2570 2007 2599 tum

1149 2621 1283 2662 denique
1298 2621 1519 2652 subiiciuntur
1526 2623 1601 2661 post
1615 2640 1657 2644 —-
1671 2621 1714 2652 acl
1728 2623 1903 2652 extremum.
1918 2621 2006 2652 Nam

1149 2679 1213 2705 tres
1236 2675 1359 2715 priores
1383 2675 1590 2716 eloquentiae
1620 2680 1725 2716 partes
1756 2675 1913 2713 inventio,
1942 2675 2004 2706 dis-

1148 2728 1275 2768 positio,
1310 2729 1450 2760 elocutio
1480 2729 1524 2759 ita
1553 2729 1736 2766 cohaerent,
1766 2733 1803 2759 ut
1831 2738 1849 2758 a
1877 2728 2003 2759 duabus

1147 2781 1285 2822 reliquis
1316 2783 1474 2814 memoria
1510 2788 1540 2813 et
1578 2783 1704 2814 actione
1742 2782 1837 2813 facile
1872 2781 2002 2821 seiungi

1145 2836 1279 2876 possint.

1194 2888 1278 2928 Quid
1298 2900 1375 2930 aytis
1408 2890 1544 2920 omnibus
1572 2890 1611 2920 de
1636 2889 1735 2926 rebus,
1766 2890 1822 2920 cet.
1856 2887 2001 2920 Observa

1148 2944 1384 2975 abundantiam
1406 2944 1572 2983 quandam
1593 2942 1758 2979 orat-ionis,
1778 2952 1844 2983 qua
1857 2943 1941 2974 duae
1955 2943 2000 2973 10-

1145 2998 1293 3029 cutiones
1316 2998 1350 3027 in
1373 3007 1475 3028 unam
1496 2996 1654 3028 conflatae
1676 2999 1763 3027 sunt.
1793 2996 1933 3027 Brevius
1954 2996 1999 3026 di-

1146 3060 1218 3082 cere
1240 3054 1381 3091 poterat:
1406 3050 1486 3090 quid
1508 3059 1584 3089 agas
1612 3054 1643 3079 et
1672 3048 1752 3089 quid
1785 3052 1915 3079 acturus
1945 3049 1997 3087 sis,

1146 3104 1195 3133 fac
1218 3113 1277 3133 nos
1300 3121 1340 3125 —
1362 3102 1523 3139 certiores,
1547 3102 1609 3138 vel,
1633 3101 1672 3132 de
1695 3100 1792 3132 rebus
1815 3101 1879 3132 tuis
1897 3102 1998 3132 omni-

1146 3156 1205 3186 bus
1230 3155 1278 3185 sac
1302 3166 1359 3184 nos
1383 3174 1422 3177 ——
1444 3155 1604 3185 certiores.
