2117 3533
268 175 352 214 262
665 171 750 212 ΕΡ.
784 170 860 211 AD
893 170 939 209 T.
973 167 1321 209 POMPONIUM
1354 168 1618 209 ATTICUM.

264 324 325 349 me
359 308 489 363 ipsum
523 304 735 345 delectavit
767 303 809 343 in
843 303 924 343 tuis
956 302 1082 342 literis
1118 327 1174 333 ---
1210 301 1275 341 ain
1308 302 1380 342 tu?
1414 302 1547 357 Scipio
1581 302 1645 343 hic
1680 303 1869 353 Metellus
1902 319 2013 359 proa—

266 396 356 420 vum
390 393 505 419 suum
539 376 666 417 nescit
699 389 900 415 censorem
934 389 1013 414 non
1048 372 1199 413 fuisse?
1233 372 1360 426 Atqui
1391 374 1494 414 nihil
1527 373 1671 415 habuit
1704 375 1813 415 aliud
1847 375 2012 431 inscrip-

263 459 362 502 tum,
397 451 472 491 nisi
508 462 670 491 CENSOR
704 463 748 488 ea
783 451 929 497 statua,
966 460 1065 500 quae
1100 444 1149 485 ab
1184 445 1283 500 Opis
1316 450 1427 500 parte
1473 447 1602 502 posita
1645 447 1688 487 in
1731 448 1886 489 excelso
1929 454 2012 500 est,

260 526 301 566 in
334 525 402 565 illa
432 524 544 572 item,
579 536 680 575 quae
715 525 775 561 est
809 519 859 560 ad
894 514 1213 568 ΙῙολυκλέους
1254 518 1483 569 Herculem,
1528 519 1769 574 inscriptum
1813 525 1873 561 est
1916 535 2014 562 CEN-

228 615 242 639 5
261 612 350 648 503,
385 611 504 650 quam
537 609 621 635 esse
655 592 834 633 eiusdem
868 596 1009 642 status,
1045 590 1228 640 amictus,
1264 590 1421 641 anulus,
1455 591 1587 645 imago
1619 592 1706 646 ipsa
1740 592 1926 636 declarat.
1961 597 2016 635 At

260 669 482 710 mehercule
516 682 588 722 ego
623 681 747 720 quum
781 666 824 706 in
850 669 982 705 turma
1004 664 1282 704 inauratarum
1306 664 1552 716 equestrium
1575 680 1672 719 quas
1696 665 1762 706 hic
1788 667 2012 723 [Metellus]

259 744 301 783 111
335 741 532 796 Capitolio
565 740 712 796 posuit,
749 737 1118 780 animadvertissem
1151 737 1195 777 in
1229 737 1456 791 Serapionis
1501 737 1795 793 subscriptione
1837 740 2016 782 Africani

258 814 486 868 imaginem,
522 818 695 854 erratum
729 811 868 853 fabrile
903 810 1056 865 putavi,
1092 824 1199 850 nunc
1223 809 1339 850 video
1363 809 1529 851 Metelli.
1560 806 1632 852 ἘΩ
1655 807 2017 871 ἁνιστορησίαν

259 889 435 942 turpem!
482 889 550 928 18.
584 887 689 926 Nam
722 883 823 924 illud
858 883 906 924 de
940 882 1078 923 Flavio
1113 887 1153 922 et
1185 881 1312 932 fastis,
1348 882 1380 922 si
1415 897 1528 923 secus
1562 888 1635 933 est,
1671 898 1880 925 commune
1914 900 2016 926 erra-

206 980 241 1004 10
259 966 345 1001 tum
387 965 459 1009 est,
495 964 534 999 et
566 964 612 999 tu
646 957 746 998 belle
780 954 1034 1014 ηπόρησας
1067 960 1106 995 et
1139 969 1211 995 1105
1244 953 1446 1009 publicam
1480 970 1601 1010 prope
1635 956 1862 1011 opinionem
1893 958 2019 998 secuti

260 1048 410 1082 sumus,
446 1038 492 1073 ut
524 1032 651 1072 multa
691 1030 797 1085 apud
840 1031 1028 1071 Graecos.
1084 1028 1186 1079 Quis
1231 1027 1337 1068 enim
1381 1043 1463 1069 non
1508 1028 1611 1069 dixit
1652 1027 1885 1084 Εὔπολιν,
1932 1029 2020 1074 τὸν

261 1110 345 1158 τῆς
389 1102 635 1163 ἀρχαίας,
683 1103 733 1144 ab
780 1102 991 1144 Alcibiade
1033 1101 1250 1155 navigante
1296 1100 1339 1141 111
1388 1101 1564 1142 Siciliam
1610 1101 1809 1144 deiectum
1849 1118 1933 1144 esse
1976 1105 2018 1145 111

260 1181 391 1219 mare?
436 1178 658 1232 Redarguit
691 1176 1003 1226 Eratosthenes5
1040 1176 1154 1216 affert
1187 1174 1309 1223 6111111,
1345 1189 1442 1227 quas
1475 1174 1541 1215 ille
1575 1180 1666 1230 post
1697 1176 1740 1217 id
1773 1181 1931 1232 tempus
1964 1178 2019 1218 fa-

260 1251 374 1292 bulas
408 1250 602 1291 docuerit.
649 1250 760 1290 Num
793 1248 943 1289 idcirco
988 1247 1113 1288 Duris
1159 1246 1330 1296 Samius,
1376 1246 1494 1287 homo
1535 1247 1577 1288 in
1622 1247 1789 1290 historia
1833 1250 2018 1305 diligens,

208 1347 242 1372 15
261 1323 366 1378 quod
400 1338 490 1363 611111
521 1323 658 1364 multis
692 1322 851 1372 erravit,
885 1320 1100 1362 irridetur?
1135 1319 1236 1370 Quis
1272 1319 1487 1360 Zaleucum
1520 1319 1627 1374 leges
1653 1321 1791 1363 Locris
1814 1322 2019 1377 scripsisse

260 1413 341 1438 non
375 1397 504 1438 dixit?
537 1397 648 1437 Num
682 1395 807 1450 igitur
841 1394 945 1435 iacet
977 1392 1290 1447 Theophrastus,
1326 1391 1359 1432 si
1392 1391 1433 1431 id
1468 1406 1490 1432 a
1522 1392 1703 1444 Timaeo,
1726 1397 1796 1435 tuo
1819 1395 2019 1446 familiari,

261 1469 543 1524 reprehensum
577 1470 663 1510 est?
709 1468 785 1510 Sed
818 1467 971 1508 nescire
1005 1481 1198 1521 proavum
1233 1480 1350 1505 suum
1385 1480 1587 1506 censorem
1621 1482 1701 1507 non
1735 1467 1871 1518 fuisse,
1904 1473 2021 1523 turpe

261 1547 333 1592 est,
369 1543 599 1597 praesertim
634 1557 757 1597 quum
790 1546 881 1596 post
914 1555 1005 1581 eum
1039 1539 1243 1580 consulem
1276 1554 1392 1579 nemo
1427 1539 1635 1581 Cornelius
1676 1540 1744 1581 illo
1794 1540 1883 1581 vivo
1933 1556 2021 1581 cen-

262 1630 325 1655 sor
368 1616 503 1656 fuerit.
553 1618 624 1656 19.
659 1615 778 1667 Quod
814 1614 862 1655 de
897 1613 1117 1654 Philotimo
1151 1616 1191 1652 et
1224 1611 1271 1652 de
1307 1611 1504 1652 solutione
1549 1612 1624 1654 Hs.
1659 1621 1723 1653 fx.
1756 1627 1826 1653 Dc.
1868 1612 2021 1662 scribis,

207 1707 244 1733 20
262 1688 524 1730 Philotimum
558 1689 715 1730 circiter
761 1687 934 1729 Kalend.
980 1687 1142 1727 Ianuar.
1184 1685 1227 1725 111
1268 1684 1561 1725 Chersonesum
1602 1685 1722 1725 audio
1766 1685 1934 1735 venisse,
1979 1700 2023 1725 ac

262 1762 316 1801 mi
349 1760 398 1801 ab
433 1777 478 1802 eo
511 1763 615 1803 nihil
649 1762 796 1803 adhuc.
831 1761 1002 1813 Reliqua
1035 1774 1122 1800 mea
1156 1757 1348 1799 Camillus
1373 1758 1513 1798 scribit
1537 1774 1576 1798 se
1600 1758 1819 1813 accepisse;
1855 1772 1900 1798 ea
1923 1772 2022 1812 quae

266 1835 360 1884 sint,
394 1835 529 1877 nescio
564 1840 604 1876 et
637 1850 732 1875 aveo
767 1834 881 1874 scire.
925 1834 1076 1873 Verum
1109 1831 1208 1872 haec
1241 1830 1440 1885 posterius
1474 1835 1514 1871 et
1547 1845 1677 1871 coram
1711 1830 1874 1871 fortasse
1920 1845 2023 1870 com-

266 1908 436 1950 modius.
474 1910 545 1949 20.
580 1907 686 1949 Illud
720 1922 796 1957 me,
830 1906 887 1946 mi
920 1905 1069 1954 Attice,
1103 1904 1146 1944 in
1180 1907 1354 1944 extrema
1388 1902 1465 1943 fere
1500 1907 1610 1958 parte
1640 1903 1829 1958 epistolae
1854 1918 2023 1944 commo-

289 2091 306 2119 3
331 2089 392 2119 nisi
419 2088 504 2120 COS.
526 2108 565 2111 —
588 2088 632 2119 ad
655 2088 728 2128 Opis
751 2091 842 2128 ἦμεν
864 2091 894 2119 le
916 2108 956 2112 —
980 2091 999 2118 4
1022 2090 1065 2119 acl
1082 2082 1327 2125 Πολυδεύκους,
1355 2086 1513 2132 [horpale]
1537 2105 1579 2109 —
1605 2088 1687 2118 COS.
1711 2106 1751 2110 —
1774 2088 1792 2118 8
1816 2087 1860 2120 O!
1888 2085 2026 2119 ἀνιστο-

271 2140 392 2185 ρησίαν
416 2159 457 2164 -
479 2141 519 2171 22
543 2151 618 2172 aveo
641 2141 737 2176 δεῖνες
761 2140 867 2171 sed...
899 2140 1006 2171 Verum
1031 2158 1071 2162 ——

270 2301 384 2332 cicero
408 2301 525 2332 iterum
548 2301 600 2331 hic
625 2301 745 2338 scribit,
770 2302 858 2341 quod
874 2301 939 2331 iam
953 2301 1123 2340 scripserat
1145 2313 1149 2347 ἱ
1172 2298 1421 2329 Hullemannus
1456 2300 1488 2329 in
1520 2300 1604 2329 libro
1632 2301 1672 2330 de
1702 2300 1824 2330 Duride
1855 2300 1966 2330 Samio
1996 2311 2025 2340 p.

270 2354 301 2383 iu
327 2358 473 2384 extrema
496 2354 513 2392 ξ
538 2354 573 2383 11
598 2363 631 2384 56
654 2354 745 2394 sequi
768 2354 933 2384 turbatum
962 2353 1122 2389 ordinem,
1146 2350 1149 2419 1
1173 2350 1233 2381 164
1255 2361 1302 2391 sq.

269 2415 367 2445 quem
389 2405 561 2436 invenerat
582 2405 615 2435 in
639 2406 775 2446 epistola
808 2405 922 2442 Attici,
953 2415 1019 2444 quo
1051 2405 1121 2445 ipso
1146 2423 1148 2448 i
1219 2406 1294 2446 Quis
1317 2406 1492 2443 Zaleucum,
1521 2414 1582 2438 cet.
1620 2408 1667 2438 Cf.
1699 2409 1738 2438 116
1767 2408 1871 2448 Legg.
1902 2409 1948 2439 Il.
1978 2409 2024 2444 15,

271 2469 303 2488 se
326 2459 523 2489 delectatum
546 2468 614 2489 esse
638 2460 786 2489 affirmat.
1146 2453 1148 2509 ὲ
1172 2470 1248 2490 cum
1279 2460 1328 2496 iis,
1359 2469 1440 2499 quae
1471 2461 1596 2491 Bakius
1628 2461 1672 2491 ibi
1702 2462 1878 2492 adnotavit.
1923 2463 2025 2493 Lectu

313 2510 349 2539 ln
380 2510 558 2550 Serapionis
589 2511 812 2551 subscriptione
843 2511 989 2552 Africani
1017 2511 1122 2551 imaqi·
1146 2510 1148 2553 j
1172 2512 1273 2552 digna
1297 2518 1383 2548 sunt,
1407 2522 1488 2552 quae
1514 2514 1554 2543 116
1577 2513 1709 2544 Zaleuci
1733 2514 1862 2551 legibus
1881 2524 2026 2545 summus

271 2574 335 2593 nem
368 2573 399 2593 a:
434 2564 613 2601 imaginem
644 2565 795 2595 Africani
825 2565 1012 2605 impositam
1043 2565 1120 2599 basi,
1146 2556 1147 2580 ³
1173 2565 1228 2595 ille
1252 2564 1424 2595 Bentleius
1448 2565 1627 2605 disputavit
1650 2566 1683 2596 in
1713 2567 1790 2597 diss.
1820 2567 1955 2597 Pha-lar.
1984 2567 2025 2597 al-

271 2626 353 2655 quac
366 2616 554 2656 Serapionis
568 2617 677 2657 elogio
692 2624 805 2648 ornata
821 2624 900 2648 erat.
915 2617 963 2648 cf.
980 2618 1120 2648 Momm·
1172 2622 1239 2647 tera
1262 2626 1293 2656 p.
1317 2617 1374 2646 185
1399 2626 1486 2656 seqq.
1510 2618 1559 2647 ed.
1582 2618 1730 2659 Lennep.

271 2678 339 2699 sen.
363 2669 396 2699 in
421 2669 518 2709 Corp.
542 2671 644 2700 Inscr.
670 2671 695 2700 Ι.
719 2681 747 2710 p.
773 2670 842 2702 278.
1145 2694 1146 2697 ,
1212 2669 1239 2698 Λ
1267 2668 1399 2706 Timaeo,
1424 2672 1476 2699 luo
1490 2670 1664 2709 familiari.
1696 2671 1744 2702 Cf.
1770 2672 1815 2702 ΙΙ.
1839 2673 1887 2709 16,
1911 2673 1929 2702 3
1959 2682 2025 2702 con-

312 2723 329 2760 §
354 2723 401 2752 18.
425 2722 502 2752 Nam
528 2723 611 2753 illud
633 2723 671 2753 de
693 2724 803 2753 Flavio
827 2726 856 2753 et
870 2723 984 2763 flesti-r.
1013 2725 1124 2765 Respi-
1169 2721 1325 2752 troversia
1356 2725 1402 2752 es!
1435 2722 1639 2761 Dicaearcho,
1660 2724 1826 2764 familiari
1860 2728 1923 2762 tuo,
1961 2735 2025 2755 cum

269 2775 312 2805 vit
337 2776 377 2805 ad
400 2785 445 2812 ea,
469 2786 551 2816 quae
576 2777 593 2816 ξ
617 2778 634 2807 S
658 2778 812 2808 adversus
830 2777 933 2808 Attici
952 2778 1123 2818 reprehen-
1173 2776 1392 2816 Theophrasm,
1417 2776 1515 2806 amic-0
1538 2788 1611 2808 meo.
1652 2779 1728 2809 Non
1752 2785 1829 2815 erat,
1853 2779 1939 2819 quod
1967 2779 2025 2808 Ba-

268 2826 393 2857 sionem
427 2828 625 2859 defenderat.
674 2828 835 2858 Commune
867 2831 1003 2859 ert-afwa
1034 2830 1121 2866 dicit,
1144 2830 1145 2868 ξ
1168 2830 1252 2866 kius,
1276 2830 1298 2859 1.
1321 2830 1374 2860 cit.
1399 2830 1431 2859 in
1455 2830 1515 2859 hae
1539 2831 1759 2870 appellatione
1781 2832 1937 2862 haereret.

268 2879 376 2917 qualia
399 2880 503 2910 multa
527 2881 745 2912 scribentibus
768 2881 937 2911 excidunt.
1211 2883 1229 2922 ξ
1253 2882 1302 2912 19.
1326 2882 1374 2912 De
1395 2883 1551 2914 solutione
1573 2884 1638 2915 HS.
1665 2879 1745 2915 XX.
1760 2885 1829 2916 DC.
1842 2885 1890 2916 De
1903 2886 2024 2915 hocne.

313 2928 533 2961 Eratosthenes
572 2932 603 2961 in
651 2942 747 2972 opere
791 2929 868 2976 περὶ
923 2929 1119 2977 κωμωδίας,
1142 2946 1144 2982 4¹
1167 2935 1256 2974 gotio
1279 2934 1524 2979 μυστικώτερον
1549 2937 1661 2966 scribit
1684 2937 1717 2966 in
1748 2946 1796 2976 ep.
1827 2939 1854 2973 4,
1885 2939 1913 2967 3.
1945 2939 1972 2973 5,
2007 2937 2020 2966 1

267 2984 359 3014 cuius
395 2985 578 3025 fragmenta
618 2987 753 3027 collegit
797 2988 1047 3019 Bernharndius
1086 2989 1119 3019 in
1167 2997 1197 3021 et
1221 2992 1249 3021 2.
1274 2990 1302 3027 7,
1329 2991 1343 3020 1
1368 2992 1400 3021 h.
1424 2991 1445 3021 l.

268 3035 521 3068 Eratosthenicis
545 3049 574 3078 p.
604 3039 663 3070 ‘203
694 3049 784 3079 seqq.
822 3040 976 3072 Diversas
1012 3051 1119 3071 narra-
1142 3070 1143 3073 ,
1209 3043 1255 3072 Ac
1279 3043 1318 3072 mi
1342 3044 1378 3073 ab
1401 3053 1436 3074 eo
1459 3044 1542 3073 m’hil
1565 3044 1677 3074 adhuc.
1712 3045 1861 3075 Fortasse
1884 3045 2024 3075 scriben-

267 3087 369 3119 tiones
399 3091 438 3120 de
461 3092 632 3131 Eupolidis
656 3098 757 3122 morte
781 3093 1014 3123 examinarunt
1038 3094 1118 3124 Mei-
1165 3095 1260 3124 ‹lumt
1286 3095 1393 3134 accepi
1414 3095 1452 3125 ab
1475 3106 1509 3125 vo
1531 3096 1614 3125 nihil
1636 3096 1746 3125 adhm:

266 3140 392 3177 nekius,
416 3142 501 3173 Hist.
527 3144 604 3173 (ji-it.
630 3144 751 3173 (jonae.
777 3143 831 3174 Gr.
864 3155 891 3184 p.
924 3145 979 3174 105
1012 3157 1056 3185 sq.
1087 3152 1116 3175 et
1210 3147 1310 3178 δεῖν.
1342 3147 1448 3178 Verum
1474 3150 1550 3178 haer:
1567 3149 1725 3187 lto-slerius
1747 3154 1806 3179 cel.
1832 3150 1947 3181 Delevi
1971 3150 2026 3179 sed
