2117 3533
246 145 333 185 174

642 145 727 186 ΕΡ.
762 144 837 185 AD
869 145 916 184 T.
950 144 1299 185 POMPONIUM
1331 145 1594 186 ATTICUM.

242 277 505 334 principibus,
541 282 586 318 ut
618 277 758 317 volunt
791 292 874 318 esse
909 281 949 318 et
981 281 1028 317 ut
1060 282 1205 328 essent,
1240 278 1274 318 si
1303 277 1523 332 quidquam
1545 277 1739 322 haberent
1760 280 1868 321 fidei.
1901 281 1996 322 Sen-

241 367 381 401 seram,
424 365 561 391 noram
614 348 819 399 inductus,
863 349 1039 399 relictus,
1084 350 1284 404 proiectus
1327 349 1395 390 abv
1417 350 1489 401 iis3
1535 355 1668 392 tamen
1708 352 1784 393 1106
1827 357 1912 393 erat
1953 352 1996 393 111

243 423 390 473 animo,
425 427 470 462 ut
503 437 594 462 cum
626 421 677 462 iis
709 422 751 463 in
784 437 826 463 re
859 421 1021 477 publica
1055 421 1334 462 consentirem.
1379 422 1509 463 Iidem
1543 428 1668 474 erant,
1715 425 1783 478 qui
1822 424 1995 465 fuerant.

243 497 322 536 Vix
356 495 573 550 aliquando
606 500 646 536 'te
681 500 842 536 auctore
875 495 1052 550 resipivi.
1107 498 1147 535 2.
1181 495 1301 536 Dices
1341 500 1505 536 eatenus
1538 501 1577 537 te
1611 497 1794 547 suasisse,
1830 512 1908 551 qua
1940 497 1996 538 fa-

205 587 219 610 5
240 583 383 618 cerem,
417 583 499 609 11011
532 568 651 609 etiam
685 573 733 609 ut
766 567 993 609 scriberem.
1039 568 1125 621 Ego
1158 567 1382 609 mehercule
1425 568 1525 609 mihi
1567 570 1845 610 necessitatem
1887 570 1996 610 volui

237 641 439 695 imponere
473 641 594 682 huius
627 656 753 682 novae
799 640 1108 691 coniunctionis,
1150 655 1200 681 ne
1235 655 1312 695 qua
1354 641 1454 682 mihi
1497 642 1634 683 liceret
1672 642 1754 683 labi
1798 643 1847 684 ad
1890 642 1994 694 illos,

237 713 307 767 qui
341 713 461 754 etiam
494 718 595 764 tum,
632 729 755 767 quum
788 713 967 754 misereri
1000 713 1079 753 mei
1120 712 1282 764 debent,
1324 728 1405 754 non
1450 713 1641 755 desinunt
1679 714 1872 755 invidere.
1917 715 1994 755 Sed

234 791 369 827 tamen
402 786 551 827 modici
583 787 733 828 suimus
766 782 1020 840 ὑποθέσει,
1055 791 1102 827 ut
1135 786 1289 841 scripsi.
1345 787 1505 828 Erimus
1538 787 1754 838 uberiores,
1790 788 1824 828 si
1857 793 1897 828 et
1928 788 1995 828 1116

234 858 406 900 libenter
441 859 610 914 accipiet
643 863 683 900 et
713 859 743 899 ii
777 858 1079 913 subringentur,
1114 858 1184 913 qui
1216 858 1351 899 villam
1384 874 1446 900 me
1479 859 1644 900 moleste
1678 859 1812 900 ferunt
1833 859 1993 910 habere,

185 948 218 974 10
236 947 336 986 quae
370 932 504 973 Catuli
537 933 680 982 fuerat,
715 947 737 972 a
772 931 909 972 Vettio
942 946 1004 971 me
1038 931 1179 971 emisse
1212 945 1293 972 non
1327 931 1530 985 cogitant,
1567 932 1637 986 qui
1661 931 1824 973 domum
1845 936 1996 987 negant

235 1006 456 1060 oportuisse
489 1020 552 1045 1116
587 1004 808 1054 aedificare,
842 1003 1012 1044 vendere
1047 1004 1162 1045 aiunt
1195 1003 1430 1058 oportuisse.
1486 1004 1563 1045 Sed
1598 1004 1695 1058 quid
1729 1004 1779 1045 ad
1810 1004 1901 1056 hoc,
1946 1005 1993 1055 si,

235 1077 381 1132 quibus
416 1077 624 1119 sententiis
658 1076 756 1128 dixi,
793 1076 901 1130 quod
935 1081 975 1117 et
1006 1076 1084 1131 ipsi
1116 1075 1344 1131 probarent,
1375 1076 1514 1117 laetati
1537 1081 1632 1117 sunt
1654 1082 1789 1118 tamen
1816 1092 1878 1118 me
1903 1092 1994 1118 6011-

236 1156 299 1192 tra
332 1151 514 1206 Pompeii
547 1150 795 1192 voluntatem
828 1149 1003 1191 dixisse?
1038 1149 1144 1203 (Sed)
1179 1149 1269 1190 finis
1302 1149 1368 1190 sit.
1409 1148 1625 1200 Quoniam,
1668 1150 1737 1204 qui
1770 1148 1873 1190 nihil
1906 1165 1995 1204 pos-

275 1317 295 1346 4
318 1314 435 1355 resipui
457 1332 499 1337 -
520 1314 599 1345 ibid.
622 1324 659 1345 ea
690 1316 720 1344 te
750 1312 914 1353 monuisse,
942 1311 1093 1351 suasisse,
1121 1322 1200 1353 quae
1217 1311 1361 1352 jacerem
1382 1332 1424 1337 —
1447 1314 1484 1344 11
1515 1313 1582 1346 Sed
1611 1313 1685 1355 quid
1714 1313 1759 1345 ad
1785 1313 1870 1345 hoc?
1893 1313 1932 1346 Si
1953 1331 1994 1336 —

233 1370 272 1400 13
294 1367 423 1399 dixisse.
446 1366 546 1398 Finis.
572 1365 639 1399 Sed
658 1365 802 1407 quoniam
822 1383 863 1388 -—

282 1526 320 1557 Ut
342 1526 450 1558 volunt
473 1535 538 1557 esse
560 1527 591 1556 et
620 1526 655 1555 ut
685 1526 800 1556 essent.
834 1524 889 1555 Sic
919 1524 1093 1565 aliquoties

235 1582 350 1614 Cicero
373 1582 406 1611 ut
429 1580 546 1621 posuit,
569 1579 627 1610 ubi
650 1579 758 1620 quates
787 1583 1003 1619 exspectares.
1042 1578 1092 1610 Cf.

233 1635 320 1666 infra
347 1635 428 1666 VII.
458 1635 486 1671 2,
520 1635 548 1671 3,
581 1632 810 1664 adolescentem
841 1634 874 1662 ut
908 1631 999 1662 nosti.
1028 1631 1092 1662 IX.

235 1689 254 1722 7
276 1690 320 1720 A.
344 1690 359 1719 1
382 1689 419 1719 111
442 1687 534 1729 epist.
559 1687 658 1718 Balbi
681 1686 834 1717 hominum
857 1685 1029 1723 humilium,
1058 1688 1091 1716 ut

234 1752 290 1774 uos
312 1752 427 1773 sumus.

276 1795 441 1831 Inductus,
461 1793 602 1831 relictus,
623 1793 786 1833 proiectus
814 1792 853 1823 ab
883 1792 932 1823 its.
970 1791 1021 1824 Cf.
1050 1792 1091 1821 ad

234 1849 299 1879 III.
322 1849 371 1885 15,
395 1847 423 1880 7.
448 1846 603 1878 Ceterum
634 1855 712 1877 cave
745 1850 838 1886 putes
860 1846 942 1876 haee
964 1844 1090 1885 partici-

233 1902 287 1943 pia
308 1902 387 1942 poni
410 1911 448 1932 ea-
470 1901 607 1937 ratione,
631 1909 696 1940 qua
718 1899 890 1939 Vergilius
913 1898 998 1929 dixit
1021 1907 1089 1928 sen-

231 1956 274 1987 sit
295 1954 410 1986 medios
432 1954 579 1993 delapsus
601 1952 634 1982 in
663 1952 779 1989 hostes,
812 1952 1089 1992 quemadmodum

233 2011 341 2041 visum
371 2008 407 2040 C.
437 2007 475 2038 F.
504 2007 710 2043 Hermanno,
746 2006 780 2036 111
818 2005 952 2036 Vindio.
993 2005 1088 2035 Brut.

233 2065 392 2106 epimetro
414 2073 444 2103 p.
467 2063 517 2093 23.
539 2062 647 2092 Immo
670 2070 687 2091 e
702 2060 849 2101 praeced.
868 2059 1029 2090 sententia
1048 2059 1089 2088 ad

234 2130 263 2150 v.
286 2127 454 2153 senseram,
482 2124 590 2145 noram
624 2118 734 2144 mente
763 2112 870 2153 suppl.
899 2121 978 2153 quae
1007 2113 1100 2145 esset,

227 2171 365 2212 persidia
388 2171 421 2201 in
443 2169 514 2199 istis
529 2167 737 2208 principibus.

275 2222 413 2263 Resipivi
442 2232 483 2253 an
513 2219 628 2260 resipui
661 2220 870 2250 scribendum
900 2219 951 2255 sit,
982 2218 1086 2249 incer-

233 2282 313 2309 tum.
348 2276 451 2307 Codd.
474 2275 545 2305 noti
567 2273 656 2305 varie
689 2272 833 2312 corrupti
861 2272 946 2302 illud
975 2276 1086 2302 tamen

233 2331 338 2369 inagis
360 2328 603 2360 commendant.
638 2326 765 2358 Similis
787 2325 947 2357 dubitatio
976 2330 1023 2356 est
1052 2325 1085 2355 in

232 2384 316 2415 Sest.
339 2384 356 2422 ξ
379 2382 429 2412 81.

275 2437 293 2475 ξ
316 2436 345 2466 2.
369 2434 464 2469 Dices
486 2435 616 2463 eatenus
638 2434 669 2462 te
690 2431 837 2468 suasisse,
859 2441 918 2472 qua
932 2430 1085 2470 jacerem,

231 2500 293 2521 non
317 2488 411 2519 etiam
432 2490 467 2518 ut
489 2486 663 2517 scriberem.
699 2486 809 2516 Acute
831 2484 984 2515 Klotzius
1006 2483 1086 2514 haec

233 2543 319 2574 eruit
348 2551 364 2572 e
403 2541 562 2581 scriptura
593 2540 661 2569 cod.
699 2538 788 2569 Med.
817 2556 858 2559 —
885 2547 922 2567 ea
950 2535 1087 2567 tenuisse

232 2594 369 2626 suasisse
392 2612 433 2616 —
455 2602 554 2633 quam
575 2590 735 2622 Graevius
758 2598 888 2630 quoque
910 2589 944 2619 in
969 2588 1036 2619 suis
1051 2588 1086 2617 li-

237 2649 302 2679 bris
325 2647 463 2683 invenit,
486 2655 588 2686 eaque
610 2644 693 2675 mihi
712 2654 728 2675 6
751 2644 822 2674 cod.
836 2643 931 2683 Hisp.
946 2646 1087 2673 notatur.

235 2703 277 2733 In
299 2701 436 2741 vulgata
453 2699 593 2731 lectione
610 2697 756 2728 maxime
770 2696 922 2737 displicet
934 2695 1088 2726 coniunc-

234 2756 280 2786 tio
303 2754 407 2785 otiosa
427 2752 603 2784 verborum
631 2749 794 2787 monuisse,
825 2749 973 2779 suasisse.
1010 2747 1089 2778 Post

234 2811 364 2840 eatenus
387 2807 470 2839 solet
492 2805 608 2838 Cicero
630 2813 750 2845 ponere
765 2803 877 2844 quoad,
893 2803 960 2834 vid.
976 2802 1088 2833 Hand.

234 2862 332 2893 Turs.
354 2861 401 2892 II.
423 2870 455 2901 p.
473 2859 550 2895 3403
574 2857 631 2889 sed
653 2856 710 2887 alii
733 2866 792 2897 qua
815 2860 846 2886 et
868 2855 1005 2887 fortasse
1021 2855 1089 2896 ipse

235 2914 350 2947 Cicero
372 2914 412 2944 de
434 2911 536 2943 Univ.
559 2920 586 2941 c.
609 2910 659 2940 11.

275 2967 380 2998 Etiam
415 2968 489 2996 tum.
536 2964 616 2995 Ern.
651 2961 877 3002 suspicabatur
912 2961 1091 3000 legendum

234 3021 404 3052 etiamdum
426 3019 479 3050 vel
502 3017 679 3053 etiamnum,
701 3015 854 3046 Handius
883 3014 968 3045 illud
995 3013 1093 3044 male-

237 3076 302 3107 bat.
325 3074 391 3106 Sed
413 3073 497 3105 nihil
520 3072 718 3103 mutandum
736 3075 793 3101 est.
819 3069 901 3106 Tum,
921 3079 1009 3110 quum
1023 3069 1093 3099 iun-

240 3131 362 3168 guntur
383 3130 420 3157 ut
442 3126 476 3157 in
497 3125 531 3157 h.
552 3124 575 3155 1.
597 3124 638 3155 de
661 3123 742 3163 Rep.
764 3122 792 3154 1.
809 3122 864 3154 59:
892 3120 1001 3162 Quid?
1021 3121 1093 3151 tum,

1138 1535 1227 1566 quum
1250 1526 1283 1555 tu
1306 1535 1338 1556 es
1360 1525 1473 1563 iratus,
1489 1526 1652 1567 permittis
1673 1526 1726 1557 illi
1741 1526 1928 1557 iracundiae
1942 1526 1993 1557 do-

1138 1577 1288 1608 minatum
1310 1577 1407 1608 animi
1429 1579 1505 1609 tui?
1527 1579 1688 1610 Praesens
1711 1579 1745 1609 in
1768 1588 1812 1616 re,
1836 1589 1918 1619 quae
1941 1580 1993 1610 ad-

1138 1630 1201 1661 huc
1224 1631 1370 1668 durabat,
1394 1632 1530 1662 omnino
1553 1632 1774 1663 necessarium
1797 1637 1876 1663 erat.

1179 1682 1407 1724 Subriuyentur
1439 1695 1472 1715 o:
1512 1685 1769 1716 subirascentur.
1806 1684 1902 1726 Rinyi
1939 1695 1991 1726 pp.

1137 1735 1292 1766 dicuntur
1313 1746 1410 1768 canes
1433 1742 1544 1777 aperto
1566 1747 1621 1768 ore
1645 1737 1820 1768 minantes.

1178 1789 1206 1819 A
1237 1788 1338 1821 Vettio
1360 1800 1394 1821 o:
1418 1791 1459 1821 ab
1481 1791 1617 1822 homine
1639 1801 1692 1822 me
1714 1791 1814 1832 longe
1834 1791 1993 1823 inferiori.

1135 1841 1260 1882 Agitur
1282 1848 1392 1873 autem
1414 1844 1454 1874 de
1476 1843 1557 1873 villa
1579 1844 1777 1874 Tusculana.

1176 1895 1240 1927 Sed
1265 1896 1340 1937 quid
1365 1896 1409 1927 ad
1437 1897 1504 1934 lios,
1537 1898 1566 1928 si
1586 1897 1651 1928 -Ρ
1682 1908 1716 1928 o:
1746 1898 1803 1929 sed
1834 1898 1995 1938 quantula

1133 1950 1192 1980 illa
1214 1955 1298 1987 suut,
1322 1950 1349 1980 si
1373 1960 1448 1981 cum
1471 1960 1510 1982 eo
1534 1957 1775 1991 comparantur,
1800 1953 1888 1992 quod
1904 1962 1994 1983 nunc

1134 2001 1265 2032 dicam?
1301 2002 1350 2033 De
1380 2012 1442 2033 usu
1472 2013 1581 2043 praep.
1612 2003 1656 2033 ad
1684 2004 1717 2034 in
1750 2004 1993 2044 comparatione

1134 2055 1229 2085 multi
1260 2060 1493 2095 exposuerunt.
1537 2055 1586 2086 Cf.
1619 2056 1745 2087 Handii
1775 2057 1870 2087 Turs.
1903 2057 1930 2087 Ι.
1961 2067 1993 2097 p.

1135 2107 1195 2137 104
1217 2117 1263 2147 sq.
1285 2106 1404 2138 Feldh.
1427 2108 1468 2138 ad
1491 2107 1558 2139 Cic.
1584 2108 1666 2148 Leg.
1680 2109 1741 2148 [ξ
1762 2108 1790 2138 6.
1814 2108 1992 2149 Perperam

1134 2161 1391 2201 Wesenbergius
1415 2161 1509 2194 Obss.
1534 2162 1567 2193 in
1591 2162 1676 2193 Sest.
1705 2173 1735 2203 p.
1765 2163 1805 2193 49
1834 2163 1914 2194 haec
1944 2163 1991 2194 ita

1134 2214 1296 2254 explevit:
1320 2213 1382 2244 Sed
1401 2214 1477 2255 quid
1497 2215 1541 2245 acl
1570 2215 1627 2245 lios
1656 2215 1714 2254 (sc.
1743 2214 1884 2245 invidiae
1912 2215 1991 2246 addi

1126 2269 1257 2308 potest),
1281 2267 1309 2296 si
1331 2286 1372 2290 ——
1393 2268 1494 2299 Recte
1516 2268 1603 2299 idem
1626 2268 1871 2299 distinctionem
1887 2272 1989 2299 muta-

1133 2320 1190 2350 vit.
1214 2318 1264 2350 Cf.
1287 2320 1426 2350 Emend.
1448 2320 1508 2360 Ep.
1532 2330 1562 2360 p.
1586 2321 1635 2350 98.

1174 2372 1207 2402 Si
1228 2391 1270 2395 —
1291 2372 1439 2403 dia-isse?
1462 2372 1698 2404 Commentarii
1713 2374 1819 2404 vicem
1834 2374 1991 2414 praebent

1132 2426 1231 2456 verba
1260 2435 1303 2456 ex
1333 2425 1424 2465 epist.
1455 2426 1495 2455 ad
1523 2425 1705 2456 Lentulum
1741 2426 1768 2456 I.
1804 2426 1832 2463 9,
1864 2427 1919 2456 10:
1949 2425 1989 2456 In

1131 2477 1199 2507 iltis
1222 2477 1296 2507 meis
1318 2477 1493 2507 actionibus
1514 2477 1735 2519 sententiisque
1749 2478 1896 2515 omnibus,
1911 2488 1990 2519 qnae

1134 2530 1305 2570 Pompeium
1339 2529 1524 2560 videbantur
1560 2530 1729 2571 offendere,
1761 2532 1912 2561 certorum
1939 2531 1990 2562 Ιιο-

1133 2583 1256 2620 minum,
1279 2593 1353 2624 quos
1375 2583 1437 2614 iam
1460 2583 1551 2614 debes
1573 2583 1739 2623 suspicari,
1762 2594 1916 2615 sermones
1944 2595 1991 2615 re-

1124 2636 1315 2676 ferebantur
1337 2636 1382 2667 acl
1403 2646 1458 2673 me,
1482 2637 1534 2677 qui
1565 2647 1654 2677 quum
1684 2636 1743 2667 illa
1774 2637 1929 2668 sentirent
1957 2637 1992 2668 in

1134 2701 1168 2721 re
1184 2691 1322 2731 publicu,
1345 2701 1424 2731 quae
1447 2700 1501 2732 eqo
1523 2691 1660 2731 aqebam,
1683 2700 1858 2733 semperque
1878 2691 1992 2723 sensis-

1134 2747 1213 2782 sent,
1235 2754 1282 2775 me
1303 2747 1407 2775 tamen
1428 2754 1490 2775 non
1520 2744 1708 2784 satisfacere
1738 2744 1882 2785 Pompeio
1913 2745 1988 2776 Cae-

1133 2806 1292 2837 saremque
1313 2795 1556 2827 inimicissimum
1578 2797 1654 2827 milti
1677 2796 1826 2837 ficturum
1848 2797 1990 2839 yauclere

1134 2859 1167 2880 se
1189 2849 1326 2879 aiebant.

1176 2903 1266 2944 (Sed)
1277 2903 1359 2944 finis
1381 2904 1432 2936 sit.
1459 2904 1620 2945 Quoniam,
1643 2909 1703 2936 cet.
1726 2905 1847 2946 Recepi
1865 2909 1988 2937 certam

1135 2956 1268 2988 Graevii
1290 2958 1526 2989 correctionem
1538 2958 1620 2998 finis
1642 2957 1683 2987 sit
1691 2971 1701 2994 ;
1723 2971 1761 3000 q„
1785 2969 1826 2990 ex
1859 2969 1924 2999 quo
1952 2960 1986 2990 in

1137 3013 1305 3057 omnibus
1322 3013 1414 3043 libris
1446 3013 1526 3044 Mss.
1557 3012 1677 3044 factum
1709 3018 1756 3044 est
1774 3013 1856 3053 finis
1884 3013 1941 3043 sed
1960 3025 1988 3054 q.

1141 3068 1255 3106 Quum
1277 3072 1386 3099 autem
1398 3068 1480 3110 finis
1502 3068 1544 3098 sit
1566 3067 1665 3098 nimis
1687 3066 1823 3106 abrupte
1846 3066 1988 3106 superio-

1136 3120 1226 3151 ribus
1255 3119 1330 3151 addi
1364 3121 1538 3157 videretur,
1570 3119 1672 3150 adieci
1702 3123 1784 3159 part.
1811 3117 1876 3154 secl,
1905 3127 1988 3158 quae
