2117 3533
244 950 277 975 10

244 1319 275 1345 15

244 1682 279 1707 20

300 150 354 189 50
700 152 784 193 ΕΡ.
820 150 896 191 ΑΒ
929 152 974 192 Τ.
1010 151 1360 193 POMPONIUM
1392 152 1656 194 ATTICUM.

296 282 434 324 literae
476 289 569 326 tuae
613 284 830 336 declarant,
865 300 939 326 1100
971 290 1131 326 tantum
1164 285 1431 340 proficiebam,
1466 291 1662 340 quantum
1685 285 1880 327 volebam.
1918 289 1957 327 2.
1983 285 2060 327 Sed

296 360 431 396 tamen
464 357 539 397 hoc
571 372 634 397 me
674 357 758 412 ipse
800 357 1046 409 consolabar,
1089 357 1195 412 quod
1236 373 1317 398 non
1361 357 1611 409 dubitabam,
1654 359 1751 413 quin
1794 364 1834 400 te
1878 358 1946 399 1110
1990 362 2060 398 aut

297 427 537 482 Dyrrhachii
571 434 641 470 aut
673 430 716 471 in
748 431 836 471 istis
869 431 967 471 10015
1000 431 1157 485 uspiam
1191 431 1348 471 visurus
1382 436 1498 471 esset.
1533 430 1652 481 Quod
1687 446 1811 485 quum
1837 429 2059 479 accidisset,

297 500 543 542 confidebam
577 518 622 543 ac
655 502 754 543 mihi
787 518 1059 558 persuaseram
1092 503 1188 553 fore,
1222 507 1268 543 ut
1301 503 1434 544 omnia
1467 503 1721 558 placarentur
1753 504 1858 544 inter
1883 517 1953 543 vos
1975 517 2057 542 non

298 573 416 614 modo
450 590 628 616 sermone
662 591 707 616 ac
741 576 1027 631 disputatione,
1074 576 1142 617 sed
1186 581 1402 631 conspectu
1446 577 1532 631 ipso
1579 591 1872 630 congressuque
1915 579 2060 615 vestro.

300 647 420 697 Nam,
456 654 605 701 quanta
639 650 691 690 sit
723 650 766 690 in
800 649 953 700 Quinto
988 649 1107 690 fratre
1140 664 1228 690 meo
1263 650 1442 699 comitas,
1479 654 1628 703 quanta
1660 648 1905 698 iucunditas,
1941 661 2061 701 quam

300 719 429 760 mollis
463 721 620 763 animus
654 722 703 763 ad
738 721 1012 777 accipiendam
1046 727 1086 762 et
1118 722 1168 762 ad
1203 721 1478 776 deponendam
1513 721 1784 771 offensionem,
1829 719 1932 761 nihil
1971 719 2063 760 atti-

300 798 369 833 net
402 808 463 834 1110
497 795 546 835 ad
580 799 633 845 te,
670 795 738 849 qui
773 810 818 835 ea
858 794 978 844 nosti,
1023 794 1207 835 scribere.
1265 794 1342 835 Sed
1387 794 1532 835 accidit
1576 793 1910 850 perincommode,
1956 792 2063 846 quod

300 880 390 905 011111
424 882 623 921 nusquam
657 866 808 908 vidisti.
850 867 992 907 Valuit
1025 868 1129 908 enim
1164 867 1268 922 plus,
1304 868 1410 921 quod
1444 872 1528 908 erat
1560 867 1620 908 illi
1652 866 1937 908 nonnullorum
1970 865 2061 906 arti-

299 938 398 978 ficiis
432 938 692 989 inculcatum,
739 954 858 993 quam
892 944 962 980 aut
995 940 1170 980 officium
1203 944 1273 980 aut
1303 940 1556 981 necessitudo
1590 944 1660 981 aut
1693 954 1801 980 amor
1834 942 1962 979 vester
1994 937 2061 978 ille

298 1011 506 1066 pristinus,
542 1012 611 1066 qui
642 1012 860 1067 plurimum
894 1012 1022 1053 valere
1057 1011 1211 1053 debuit.
1270 1014 1310 1052 3.
1346 1014 1478 1066 Atque
1512 1012 1634 1053 huius
1667 1011 1912 1053 incommodi
1945 1011 2062 1066 culpa

297 1084 369 1125 ubi
402 1084 587 1136 resideat,
622 1084 780 1126 facilius
813 1100 974 1141 possum
1009 1085 1235 1126 existimare
1270 1100 1389 1139 quam
1423 1084 1607 1125 scribere.
1658 1086 1805 1126 Vereor
1847 1084 1967 1135 enim,
2013 1098 2062 1124 110

298 1157 394 1197 (111111
428 1157 638 1198 defendam
672 1174 794 1210 meos,
828 1174 909 1199 non
943 1173 1102 1213 parcam
1135 1158 1232 1199 tuis.
1266 1158 1373 1198 Nam
1408 1158 1463 1198 sic
1497 1158 1694 1212 intelligo,
1728 1163 1775 1198 ut
1806 1157 1910 1198 nihil
1943 1172 1965 1197 a
1994 1156 2061 1196 do-

297 1229 473 1271 mesticis
507 1231 683 1272 vulneris
716 1231 868 1272 factum
902 1232 966 1282 sit,
1013 1231 1113 1271 illud
1159 1230 1334 1285 quidem,
1378 1230 1485 1284 quod
1530 1235 1627 1281 erat,
1669 1245 1735 1271 eos
1778 1235 1882 1271 certe
1924 1244 2061 1271 sanare

297 1303 489 1359 potuisse.
540 1303 617 1344 Sed
650 1303 817 1344 huiusce
850 1304 907 1345 rei
939 1304 1065 1345 totius
1099 1303 1256 1355 vitium,
1292 1303 1399 1358 quod
1433 1303 1637 1358 aliquanto
1671 1304 1793 1344 etiam
1833 1303 1954 1344 latius
1994 1317 2062 1358 pa-

297 1380 369 1427 tet,
405 1390 524 1431 quam
558 1376 730 1428 Videtur,
767 1378 964 1432 praesenti
997 1377 1073 1418 tibi
1119 1377 1366 1418 commodius
1411 1392 1620 1434 exponam.
1670 1380 1709 1418 l«.
1744 1377 1805 1418 De
1838 1377 1887 1418 iis
1920 1377 2060 1427 literis,

299 1464 397 1503 quas
431 1449 481 1490 ad
513 1454 552 1491 te
585 1449 867 1491 Thessalonica
900 1451 1023 1501 misit,
1059 1455 1099 1491 et
1132 1450 1180 1491 de
1214 1449 1478 1500 sermonibus,
1521 1465 1620 1504 quos
1654 1450 1703 1491 ab
1736 1450 1805 1491 illo
1839 1455 1879 1491 et
1912 1450 2061 1491 Romae

299 1521 406 1577 apud
440 1522 587 1563 amicos
621 1528 712 1564 tuos
746 1527 786 1563 et
817 1522 861 1564 111
894 1523 1036 1564 itinere
1070 1522 1229 1564 habitos
1262 1527 1395 1578 putas,
1430 1522 1574 1577 ecquid
1607 1527 1767 1564 tantum
1811 1538 1952 1565 causae
1996 1523 2062 1574 sit,

298 1594 438 1648 ignoro
449 1611 467 1655 ;'
496 1594 565 1635 sed
599 1595 728 1636 omnis
761 1595 805 1636 in
837 1600 908 1636 tua
941 1596 1071 1650 posita
1104 1600 1163 1636 est
1195 1595 1446 1637 humanitate
1478 1595 1579 1636 mihi
1613 1611 1700 1651 spes
1728 1595 1849 1638 liuius
1870 1595 2062 1637 levandae

298 1666 519 1708 molestiae.
554 1668 676 1718 Nam,
714 1668 747 1709 si
779 1668 837 1709 ita
871 1669 1072 1720 statueris,
1107 1673 1146 1709 et
1166 1667 1380 1709 irritabiles
1401 1668 1554 1709 animos
1577 1683 1661 1709 esse
1686 1668 1928 1724 optimorum
1947 1682 2062 1723 saepe

299 1739 509 1780 hominum
543 1745 583 1781 et
617 1740 776 1781 eosdem
820 1740 1049 1795 placabiles,
1095 1746 1134 1781 et
1179 1756 1262 1782 0550
1306 1741 1409 1781 hanc
1450 1740 1684 1795 agilitatem,
1729 1746 1776 1782 ut
1818 1741 1874 1782 ita
1918 1740 2061 1790 dicam,

300 1813 590 1867 mollitiamque
623 1818 791 1854 naturae
825 1813 1060 1868 plerumque
1094 1813 1300 1864 bonitatis,
1335 1818 1388 1864 et,
1433 1813 1474 1854 id
1519 1813 1624 1867 quod
1667 1818 1787 1869 caput
1827 1818 1900 1864 est,
1944 1812 2062 1854 nobis

298 1886 403 1927 inter
436 1901 509 1927 1105
544 1892 679 1928 nostra
715 1887 796 1928 sive
830 1887 1083 1927 incommoda
1122 1887 1203 1927 sive
1237 1886 1335 1927 vitia
1369 1886 1449 1927 sive
1482 1885 1650 1926 iniurias
1694 1901 1777 1927 0550
1820 1886 2061 1936 tolerandas,

299 1960 414 2001 facile
447 1960 559 2011 haec,
595 1959 931 2014 quemadmodum
966 1976 1093 2016 spero,
1127 1959 1436 2014 mitigabuntur.
1481 1960 1600 2011 Quod
1645 1976 1730 2015 ego,
1765 1965 1812 2001 ut
1843 1960 1979 2011 facias,
2022 1965 2060 2001 te

244 2050 257 2074 2
299 2048 380 2074 or0.
415 2033 522 2074 Nam
556 2032 605 2073 ad
639 2047 715 2083 me,
752 2033 821 2087 qui
854 2038 892 2074 te
926 2034 1044 2075 unice
1079 2034 1216 2089 diligo,
1243 2034 1413 2075 maxime
1437 2035 1610 2089 pertinet
1632 2036 1833 2076 neminem
1851 2050 1934 2075 esse
1956 2049 2061 2075 meo-

301 2121 402 2157 rum,
438 2106 507 2160 qui
541 2110 611 2146 aut
643 2111 682 2146 te
715 2121 796 2146 11011
831 2111 936 2147 amet
970 2112 1039 2147 aut
1073 2107 1143 2148 abs
1176 2113 1214 2147 te
1248 2122 1329 2148 non
1363 2111 1531 2147 ametur.
1567 2109 1607 2147 5.
1642 2108 1717 2148 Illa
1750 2123 1840 2162 pars
1873 2106 2061 2161 epistolae

300 2185 393 2220 tuae
427 2179 592 2220 minime
627 2178 705 2219 fuit
737 2179 973 2231 necessaria,
1007 2180 1050 2220 in
1085 2195 1163 2234 qua
1196 2180 1374 2235 exponis,
1410 2195 1507 2234 quas
1540 2179 1748 2221 facultates
1791 2184 1862 2221 aut
1903 2179 2061 2234 provin-

302 2252 465 2293 cialium
498 2256 568 2293 aut
601 2250 847 2293 urbanorum
883 2252 1179 2294 connnodorum
1216 2257 1255 2293 et
1288 2251 1375 2292 aliis
1408 2251 1654 2307 temporibus
1688 2258 1728 2294 et
1759 2268 1821 2294 me
1854 2253 1940 2307 ipso
1970 2267 2061 2292 0011-

345 2438 360 2469 1
385 2437 591 2470 declararant
613 2456 655 2462 —2

304 2605 429 2638 insedit.
467 2606 593 2639 Omitto
616 2607 713 2645 locos,
737 2607 771 2639 in
795 2608 913 2650 quibus
938 2608 1076 2640 dubium
1105 2614 1160 2646 est,
1205 2613 1350 2649 naturae,
1375 2618 1405 2642 et
1429 2612 1494 2643 ΙΙΙ.
1518 2613 1546 2649 9,
1572 2613 1598 2642 1.
1632 2610 1796 2650 Quintum
1819 2613 1961 2653 appellat
1984 2612 2059 2644 mol-

305 2673 346 2694 an
376 2663 484 2704 potius
514 2664 726 2704 cogitandum
755 2665 796 2694 sit
825 2666 864 2695 de
894 2675 924 2695 v.
957 2663 1103 2700 insidere,
1128 2674 1161 2695 a:
1181 2674 1183 2677 ⁴
1204 2665 1322 2696 Zissimo
1343 2665 1455 2696 animo.

304 2720 482 2757 occupatum
507 2720 620 2755 tenere,
644 2723 680 2748 ut
703 2727 800 2758 supra-
821 2719 848 2748 1.
872 2719 920 2755 11,
946 2718 973 2748 l.
1181 2711 1183 2747 ἶ
1246 2718 1263 2756 ξ
1292 2721 1320 2749 4.
1361 2717 1481 2759 Ecquid
1507 2720 1627 2748 tantum
1657 2727 1772 2749 causae
1804 2719 1857 2758 sit,
1886 2718 1996 2760 iynoro
2025 2729 2058 2750 o:

350 2770 507 2811 Quantum
530 2772 643 2802 literae
673 2774 746 2802 teme
776 2772 952 2802 declarant.
993 2772 1047 2803 Sic
1069 2771 1163 2812 pleri-
1182 2779 1184 2783 ’
1207 2780 1314 2810 aquae
1336 2771 1369 2801 in
1394 2771 1432 2801 iis
1455 2771 1558 2801 literis
1581 2776 1672 2801 tanta
1707 2781 1803 2801 eausa
1826 2771 1912 2807 insit,
1936 2781 1994 2802 cur
2024 2776 2058 2802 tu

305 2832 367 2864 que
391 2823 480 2854 editt.
502 2834 568 2854 non
591 2825 661 2855 sine
685 2825 778 2854 codd.
801 2825 1003 2861 auctoritate,
1028 2829 1063 2854 ut
1075 2823 1162 2853 vide-
1205 2823 1254 2853 illi
1277 2828 1444 2863 tantopere
1468 2824 1679 2853 succenseas”
1701 2822 1812 2859 Orell„
1828 2833 1891 2863 qua
1906 2823 2060 2864 interpre-

305 2881 366 2907 tur.
383 2875 559 2917 Perperam
572 2876 672 2908 Orell.
687 2887 703 2907 0
716 2878 935 2918 Med.recepit
944 2877 1159 2907 declar-arant.
1181 2886 1183 2946 A
1203 2878 1325 2908 tatione
1349 2874 1556 2917 ‘redarguitur
1576 2877 1743 2914 Eriiestus,
1767 2878 1823 2918 qui
1850 2878 1976 2908 tandem
2002 2888 2061 2918 pro

304 2928 419 2969 Neque
442 2928 530 2959 enim
553 2935 649 2960 antea
674 2931 713 2960 de
748 2940 785 2960 ea
814 2939 848 2960 re
877 2930 1041 2971 scripsisse
1076 2929 1161 2960 Atti·
1182 2951 1184 2984 A
1204 2932 1325 2959 tantum
1348 2929 1445 2960 scribi
1467 2929 1607 2960 volebat.

303 2991 379 3012 cum
391 2992 433 3013 ex
455 2982 504 3020 iis,
528 2992 611 3023 quae
634 2992 721 3013 1111110
744 2983 855 3013 scribit
879 2982 1003 3020 Cicero,
1021 2987 1162 3023 apparet.
1247 2983 1265 3022 ξ
1288 2984 1315 3013 5.
1345 2981 1530 3012 Facultates
1551 2999 1592 3004 —
1612 2981 1836 3012 commodormn
1865 2983 1945 3013 dicit
1972 2991 2060 3013 occa-

346 3038 364 3077 §
387 3039 414 3068 2.
439 3038 549 3069 Mollis
570 3039 693 3069 animus
716 3044 772 3076 est,
796 3038 853 3079 qui
876 3038 972 3069 facile
993 3038 1027 3069 in
1044 3042 1162 3068 utram·
1205 3036 1313 3068 siones
1343 3037 1511 3076 augendae
1539 3036 1593 3067 vel
1620 3036 1789 3076 dignitatis
1818 3037 1872 3067 vel
1899 3037 1947 3068 rei
1970 3036 2060 3068 fami-

304 3100 368 3132 que
390 3097 516 3132 partem
537 3097 696 3130 movetur,
721 3092 850 3124 animus
874 3097 974 3129 tener,
995 3091 1162 3128 flexibilis,
1210 3090 1311 3121 liaris.

303 3144 409 3186 agilis.
454 3145 494 3175 In
519 3145 536 3185 ξ
559 3145 579 3175 4
608 3150 703 3177 vocat
732 3142 911 3187 affililatem
940 3143 1183 3199 mollitiamque&⁴
1252 3142 1448 3174 Voluntatem
1469 3142 1636 3175 institutae
1654 3141 1735 3174 viae.
1758 3142 1858 3175 Recte
1872 3146 2061 3184 comparant
