2117 3533
186 980 217 1004 111

242 181 325 219 326
637 179 723 221 ΕΡ.
757 179 833 220 AD
865 180 912 220 Τ.
947 177 1297 220 POMPONIUM
1332 178 1594 220 ATTICUM.

241 312 367 353 nostri
400 316 614 366 apparatus
646 311 820 352 maximo
851 309 972 352 imbri
1004 311 1184 366 Capuam
1217 311 1310 352 veni
1342 310 1471 366 pridie
1505 311 1659 362 Nonas,
1701 316 1748 353 ut
1779 326 1887 354 eram
1919 313 2001 353 ius-

242 400 321 426 sus.
379 383 445 425 Illi
479 388 611 424 autem
645 382 827 424 nondum
860 386 1065 433 venerant,
1100 381 1168 424 sed
1202 387 1316 424 erant
1346 383 1506 424 venturi
1539 383 1565 426 †
1605 383 1759 434 inanes,
1799 384 2002 439 imparati.

242 458 398 498 Cnaeus
432 460 564 497 autem
598 455 790 496 Luceriae
824 454 1035 496 dicebatur
1067 469 1152 496 esse
1186 459 1226 496 et
1259 454 1369 496 adire
1402 455 1585 496 cohortes
1621 455 1826 510 legionum
1871 455 2002 497 Attia.-

240 544 396 579 narum,
430 543 513 569 non
545 527 875 569 firmissimarum.
909 528 966 568 At
998 527 1114 569 illum
1147 542 1262 569 ruere
1295 527 1489 569 nuntiant
1530 533 1570 568 et
1611 528 1692 568 iam
1734 528 1893 582 iamque
1934 528 2003 569 ad-

241 616 338 651 esse,
372 615 453 641 non
486 603 533 640 ut
565 614 729 640 manum
762 603 945 641 conserat
980 623 1037 630 —-
1072 600 1238 654 quicum
1272 599 1409 641 enim?
1444 624 1501 630 -
1537 599 1607 641 sed
1639 605 1687 641 ut
1719 600 1855 655 fugam
1878 601 2002 642 inter-

240 673 390 714 cludat.
443 676 483 714 2.
517 673 604 727 Ego
639 677 773 713 autem
806 672 849 713 in
882 671 1004 713 Italia
1037 669 1127 714 καὶ
1161 672 1562 727 συναποθανεῖν,
1597 673 1623 716 †
1655 688 1729 714 nec
1761 678 1801 714 te
1833 673 1877 714 id
1910 687 2002 714 con-

240 745 342 786 sulo,
377 746 462 796 Sin,
498 751 622 787 extra.
657 745 767 797 Quid
801 746 903 799 ago?
935 745 1002 786 Ad
1035 745 1280 787 manendum
1313 744 1456 796 hiems,
1489 745 1664 796 lictores,
1705 745 1921 801 improvidi
1963 750 2004 787 et

240 818 489 872 negligentes
522 818 659 868 duces,
693 817 744 858 ad
778 817 914 872 fugam
947 817 1133 859 hortatur
1165 818 1343 859 amicitia
1376 818 1515 868 Gnaei,
1541 833 1661 859 causa
1683 817 1894 869 bonorum,
1917 822 2004 858 tur-

239 890 382 945 pitudo
416 889 689 944 coniungendi
723 905 815 931 cum
847 895 1032 945 tyranno,
1079 890 1149 945 qui
1193 889 1356 945 quidem
1399 890 1600 931 incertum
1645 895 1705 931 est
1747 889 2003 931 Phalarimne

240 978 290 1003 an
324 962 579 1003 Pisistratum
615 963 667 1002 sit
699 962 946 1003 imitaturus.
991 962 1105 1003 Haec

1138 962 1256 1004 velim
1292 962 1466 1017 explices
1500 967 1540 1002 et
1572 977 1634 1003 me
1667 964 1780 1004 iuves
1821 962 2003 1014 consilio,

281 1132 299 1162 2
322 1132 432 1162 inanes
456 1131 526 1162 sine
550 1130 735 1171 suspicione
758 1129 911 1168 νοθείας.
937 1149 978 1154 -
1002 1131 1020 1161 6
1044 1129 1316 1164 συναποθανεῖν.
1350 1131 1415 1163 Neo
1438 1134 1468 1163 te
1490 1133 1526 1163 id
1545 1132 1682 1165 consulo.
1719 1131 1772 1162 Sin
1802 1135 1904 1171 extra,
1932 1131 2009 1173 quid

238 1186 325 1227 ayo?
347 1205 387 1208 -

281 1344 409 1381 Inanes,
431 1343 591 1383 imparati.
614 1343 733 1374 Altero
756 1343 917 1374 vocabulo
940 1342 1037 1374 facile
1052 1334 1116 1373 ca·-

236 1398 397 1434 rebimus3
412 1398 569 1438 temporis
581 1397 767 1438 designatio
779 1407 877 1437 aegre
890 1397 1103 1429 desideratur.

238 1451 352 1483 Scribe
376 1451 495 1491 igitur:
519 1452 577 1482 sea
598 1454 690 1482 erant
721 1452 848 1482 venturi
878 1451 978 1482 Nonis
1008 1451 1103 1492 impa-

238 1506 311 1542 rati,
341 1512 377 1537 ut
407 1506 441 1536 in
470 1506 532 1537 hac
566 1507 634 1547 ipsa
665 1506 757 1547 epist.
787 1507 931 1547 scripsit:
966 1506 1102 1537 aderunt

239 1558 380 1588 eonsules
402 1557 448 1588 ad
465 1568 541 1589 suas
571 1558 691 1589 Nonas.
725 1559 778 1590 Ex
809 1559 820 1587 i
849 1559 940 1590 nonis
974 1559 1101 1590 librarii

238 1610 332 1650 culpa
355 1610 477 1640 factum
499 1610 622 1641 inanes.

280 1662 447 1704 Leyion‘am
482 1663 698 1694 Animarum.
737 1664 827 1695 Fort.
867 1664 1098 1704 Appianarum.

241 1718 290 1749 Cf.
314 1718 389 1748 adn.
412 1719 453 1748 ad
476 1727 525 1758 ep.
550 1718 588 1748 l5
613 1723 696 1749 extr.

283 1769 320 1800 Ut
339 1769 454 1810 fuyam
483 1770 686 1802 intercludat.
725 1770 775 1803 Cf.
806 1771 919 1803 Bentl.
951 1773 990 1802 ad
1022 1771 1105 1802 Ter.

238 1823 323 1853 Eun.
347 1823 375 1853 Ι.
397 1823 426 1860 2,
451 1824 501 1853 83.

280 1875 297 1915 ξ
321 1875 349 1905 2.
373 1873 439 1913 qu
464 1875 567 1904 autem
592 1874 625 1904 ia
649 1873 751 1905 Italia
768 1871 826 1907 καὶ
845 1872 1102 1908 συναποθανεῖν

276 1940 333 1961 neo
355 1932 386 1960 te
407 1929 444 1960 id
465 1930 603 1961 consulo.
632 1930 742 1962 Nemo
765 1931 931 1962 editorum
954 1931 1036 1962 haec
1061 1936 1104 1962 at.

238 1984 322 2024 tigit,
345 1992 430 2024 quae
452 1982 537 2013 mihi
567 1982 702 2024 quidem
731 1984 919 2015 foedissime
953 1989 1105 2024 corrupta

238 2038 404 2069 videntur.
428 2035 576 2069 Offendit
596 2037 741 2077 primum
758 2037 883 2078 ellipsis
897 2038 1000 2074 verbi,
1016 2037 1105 2078 quod

239 2092 279 2122 ad
301 2100 356 2131 eqo
379 2089 547 2126 referatur,
575 2100 636 2120 non
659 2100 768 2120 recuso
792 2091 845 2121 vel
869 2090 977 2121 simile
1006 2090 1102 2131 quid;

240 2154 309 2176 tum
332 2144 459 2175 consulo
482 2153 558 2175 cum
582 2144 706 2185 duplici
729 2145 916 2175 accusativo
946 2154 1103 2185 personae

240 2203 271 2229 et
298 2198 355 2234 rei,
385 2196 479 2227 cuius
515 2196 655 2226 alterum
688 2197 880 2237 exemplum
918 2206 985 2227 non
1024 2197 1103 2228 novi

241 2251 302 2282 nisi
327 2250 521 2281 Plautinum
544 2259 587 2280 ex
609 2250 848 2281 Menaechmis.
871 2251 916 2282 Et
937 2250 1011 2291 quis
1033 2260 1101 2281 non

240 2304 351 2341 sentit,
374 2308 576 2343 quantopere
599 2309 667 2334 tam
698 2304 900 2335 inurbanum
930 2304 1056 2335 dictum
1084 2314 1102 2334 a

242 2359 411 2390 Ciceronis
433 2358 580 2389 moribus
606 2358 803 2390 abhorreat?
826 2359 932 2390 Ulcus
947 2359 1101 2396 indicavi,

241 2411 272 2441 iu
308 2420 374 2452 quo
407 2411 554 2441 sanando
582 2410 665 2440 mihi
699 2421 766 2441 non
797 2411 971 2442 satisfacio.
1015 2411 1103 2442 Nam

241 2464 329 2503 quod
350 2462 557 2502 aptissimum
581 2467 682 2492 esset:
706 2461 772 2502 Eyo
802 2465 906 2493 autem
935 2462 970 2493 in
1001 2462 1103 2493 Italia

241 2507 297 2544 καὶ
325 2509 625 2546 συναποθνῃσκεῖν
651 2509 754 2541 Gnaeo
777 2510 919 2542 lubenter
941 2511 1011 2542 volo
1035 2510 1101 2550 (Cf.

242 2580 291 2610 ep.
314 2571 364 2607 23,
392 2570 411 2600 2
427 2579 488 2609 pro
510 2579 568 2610 quo
591 2567 686 2599 emori
706 2579 795 2609 quum
813 2568 869 2608 pie
885 2578 1024 2608 possum,
1039 2571 1103 2599 tum

241 2622 394 2653 lvbenter.
419 2622 518 2652 VIII.
542 2622 570 2658 2,
594 2623 623 2652 4.
658 2620 722 2662 Eyo
738 2631 800 2660 pro
823 2620 970 2661 Pompeio
999 2621 1103 2652 lnben-

241 2680 289 2706 κεν
310 2675 406 2707 emori
415 2676 558 2716 possum)
578 2675 678 2705 nimis
693 2685 711 2705 a
727 2675 820 2705 codd.
838 2675 987 2706 discedit.
1002 2674 1104 2706 Gnaeo

244 2732 272 2759 ei
303 2738 381 2759 coss.
414 2727 637 2767 (consulibus)
674 2726 753 2764 volo,
784 2726 914 2757 facilius
950 2727 984 2757 in
1016 2728 1102 2758 illud

243 2783 332 2813 abire
354 2781 469 2822 potuit,
493 2781 550 2812 sed
572 2780 683 2811 minus
698 2786 810 2820 aptum
829 2787 888 2812 est.
911 2780 1101 2812 Peerlkam-

244 2836 316 2875 pius
346 2834 429 2865 mihi
464 2834 595 2873 roganti
625 2834 706 2874 quid
736 2834 776 2864 de
814 2833 845 2864 h.
877 2834 898 2864 l.
936 2838 1102 2872 statueret,

243 2886 411 2927 respondit
433 2885 630 2917 Ciceronem
653 2885 708 2915 hic
729 2895 826 2916 usum
848 2885 953 2916 videri
975 2885 1103 2926 Diphili

243 2947 348 2975 versu,
372 2947 472 2978 quem
492 2937 629 2968 laudant
658 2937 732 2969 intt.
762 2938 803 2968 ad
832 2938 937 2968 Marci
972 2938 1103 2978 Euang.

244 2990 342 3021 XIV.
366 2991 415 3028 31,
439 2991 618 3030 locumque
641 2990 688 3021 ita
716 2991 876 3022 restituit:
906 2989 971 3032 Eyo
998 2993 1102 3022 autem

247 3043 278 3072 ia
302 3041 414 3079 Italia,
437 3037 498 3074 κᾶίν
528 3041 764 3077 ἀποθνήσκειν
795 3039 853 3090 defi
882 3053 938 3087 με,
961 3035 1104 3088 «θάνοιμ’

242 3091 406 3131 ἐκουσίος.
432 3093 547 3125 Cicero
568 3104 627 3135 pro
641 3092 707 3139 ἐγὼ
730 3091 768 3128 δὲ
783 3095 913 3135 scripsit
929 3104 983 3135 eqo
998 3096 1101 3126 autem
1126 3118 1128 3139 Ι

242 3154 371 3189 propter
393 3149 539 3180 additum
563 3149 595 3179 in
619 3149 731 3181 Italia.

1189 1345 1256 1383 Sin,
1280 1348 1372 1376 extra
1395 1356 1428 1377 οι
1452 1347 1509 1378 sed
1542 1346 1570 1377 si
1591 1346 1654 1376 hoc
1677 1355 1744 1376 non
1767 1345 1855 1383 licet,
1885 1344 2007 1376 moriar

1145 1407 1221 1429 cum
1243 1397 1404 1438 Pompeio
1427 1402 1519 1430 extra
1542 1397 1687 1428 Italiam.
1713 1396 1799 1438 Quid
1819 1396 1908 1438 ayo?
1923 1396 2005 1438 quid

1146 1460 1235 1481 nunc
1259 1449 1402 1481 faciam?
1425 1451 1514 1491 quod
1535 1450 1714 1481 consilium
1735 1448 1878 1490 sequar?
1896 1457 2007 1480 mane-

1148 1504 1233 1535 bone
1255 1514 1297 1534 an
1320 1503 1472 1544 fugiam?
1501 1503 1603 1535 Recte
1626 1503 1761 1543 ponitur
1789 1511 1942 1543 praesens
1970 1501 2006 1532 iu

1148 1557 1207 1588 tali
1230 1556 1431 1597 quaestione.
1470 1555 1521 1587 Cf.
1545 1555 1707 1587 Heinsius
1730 1556 1770 1586 ad
1792 1555 1895 1595 Verg.
1917 1554 2006 1585 Aen.

1144 1609 1189 1641 X.
1213 1609 1283 1642 675.
1307 1609 1373 1641 Sed
1396 1610 1424 1640 si
1446 1609 1626 1640 retinemus
1641 1609 1815 1649 vulgatam
1829 1608 2008 1639 verborum

1144 1665 1394 1697 distinctionem
1424 1665 1474 1695 sin
1503 1667 1607 1702 extra,
1637 1663 1713 1705 quid
1740 1664 1829 1704 ayo?
1862 1672 2008 1695 necessa-

1145 1718 1231 1749 rium
1254 1723 1303 1749 est
1324 1718 1471 1749 futurum
1492 1717 1568 1758 quid
1595 1716 1716 1758 aqam?
1745 1723 1782 1748 ut
1815 1725 1866 1757 ep.
1901 1717 1950 1753 21,
1983 1717 2002 1747 3

1146 1776 1178 1803 et
1200 1771 1250 1808 22,
1275 1771 1304 1801 2.
1338 1771 1427 1801 Nam
1450 1770 1629 1811 Pompeius
1651 1771 1802 1801 nondum
1823 1774 1893 1801 erat
1914 1774 2009 1801 extra

1145 1825 1288 1856 Italiam.
1312 1825 1430 1865 Itaque
1453 1823 1512 1855 illa
1527 1823 1676 1864 quaestio
1691 1832 1815 1863 urgens
1830 1822 1907 1864 quid
1919 1822 2007 1862 ayo?

1147 1884 1216 1910 erat
1238 1887 1466 1919 praepropera.

1192 1929 1365 1970 Turpitudo
1387 1928 1607 1971 conimiqendi.
1630 1929 1755 1970 Magna
1786 1929 1828 1960 lis
1851 1935 1901 1960 est
1921 1929 2008 1961 inter

1148 1983 1380 2024 grammaticos
1402 1983 1443 2014 de
1464 1983 1498 2013 11.
1521 1982 1542 2013 1.
1566 1987 1598 2013 et
1620 1981 1796 2019 similibus,
1819 1987 1931 2013 utrum
1953 1990 2006 2023 ge-

1148 2037 1304 2068 rundium
1326 2036 1455 2078 passive
1476 2040 1627 2077 ponatur,
1651 2046 1693 2067 an
1715 2036 1844 2076 passive
1856 2035 1937 2077 poni
1958 2035 2007 2066 vi-

1147 2091 1270 2122 deatur.
1304 2090 1380 2121 Hoc
1412 2090 1619 2121 contendunt
1645 2089 1813 2129 Reisigius
1839 2089 1874 2120 in
1904 2088 2007 2120 schol.

1146 2143 1292 2175 Gramm.
1317 2143 1335 2183 ξ
1364 2143 1436 2181 436,
1466 2143 1524 2173 ubi
1553 2142 1698 2174 Haasius
1730 2142 1913 2174 contrariae
1941 2141 2008 2183 opi-

1146 2197 1256 2228 nionis
1279 2196 1433 2228 defensor
1455 2196 1537 2228 alios
1559 2196 1646 2233 citat,
1676 2195 1839 2233 Handius,
1868 2195 2007 2226 Enehir.

1145 2250 1214 2281 stili
1242 2250 1317 2281 Lat.
1344 2260 1376 2290 p.
1406 2249 1476 2287 227,
1506 2249 1677 2290 Teipelius
1706 2249 1740 2280 in
1791 2249 1878 2280 Nov.
1913 2248 2008 2280 Ann.

1146 2304 1270 2335 Philol.
1299 2303 1436 2335 XXIV.
1465 2314 1496 2344 p.
1527 2303 1597 2340 216,
1627 2302 1818 2343 Madvigius
1847 2301 1903 2333 Gr.
1932 2302 2009 2334 Lat.

1146 2358 1164 2397 ξ
1187 2359 1270 2388 444a
1292 2357 1350 2388 alii
1372 2357 1518 2397 plurimi.
1544 2356 1635 2387 Illud
1656 2356 1763 2397 placet
1778 2356 1932 2396 Zumptio
1943 2354 1999 2386 Gr.

1144 2409 1217 2440 Lat.
1241 2410 1259 2449 ξ
1282 2409 1353 2447 658,
1388 2409 1514 2440 Haasio
1543 2409 1583 2440 ad
1613 2408 1808 2448 Reisigium,
1844 2409 1919 2439 adn.
1942 2409 2003 2439 580

1146 2468 1178 2494 et
1210 2462 1280 2493 593.
1314 2463 1367 2493 Ex
1398 2472 1461 2503 qua
1493 2462 1784 2502 grammaticorum
1820 2461 2003 2492 fluctuatio-

1146 2525 1187 2546 ne
1222 2516 1284 2546 hoc
1320 2516 1456 2555 collegit
1483 2514 1775 2547 Weissenbornius
1804 2515 1845 2545 de
1879 2513 2003 2545 Gerun-

1145 2567 1200 2598 dio
1223 2570 1255 2598 et
1277 2566 1469 2598 Gerundivo
1491 2567 1626 2607 linguae
1648 2567 1721 2597 Lat.
1743 2577 1774 2607 p.
1797 2567 1868 2603 138,
1891 2566 2001 2597 neutri

1145 2618 1322 2649 verborum
1345 2618 1459 2658 generi
1489 2618 1651 2658 gerundia
1680 2627 1751 2650 esse
1779 2617 2004 2648 adscribenda.

1146 2671 1249 2704 Cuius
1271 2672 1435 2703 sententia
1456 2671 1539 2703 mihi
1561 2671 1696 2712 quidem
1718 2679 1808 2702 nunc
1837 2670 2004 2711 probatur,

1146 2734 1206 2757 nec
1229 2725 1329 2765 longe
1351 2725 1428 2756 inde
1452 2725 1580 2762 absunt,
1604 2724 1662 2766 qui
1679 2724 1713 2755 in
1730 2722 1936 2764 explicandis
1951 2731 2005 2762 ge-

1146 2779 1273 2810 rundiis
1301 2783 1440 2810 utuntur
1468 2779 1682 2810 substantivis
1712 2777 1892 2808 abstractis.
1930 2775 2005 2806 Tur-

1139 2831 1255 2872 pitudo
1278 2830 1488 2872 coniunyendi
1508 2844 1549 2858 τ.-
1566 2830 1735 2871 nu-pitudo
1750 2828 2004 2866 coniunctionis,

1147 2885 1294 2917 censendi
1317 2895 1414 2917 cama
1443 2885 1609 2917 convenire
1632 2885 1735 2916 :ad
1765 2893 1903 2916 censum
1931 2892 2006 2914 con—

1148 2938 1273 2975 venire,
1296 2943 1358 2969 cet.

1192 2989 1398 3020 Phalarimne
1432 3000 1472 3019 aa
1510 2988 1711 3020 Pisistratum
1757 2998 1790 3018 o:
1828 2994 2004 3018 saevamne

1148 3042 1335 3074 Phalaridis
1365 3053 1405 3074 an
1437 3043 1634 3074 clementem
1664 3040 1827 3073 Pisistrati
1859 3039 2005 3071 domina-

1149 3096 1285 3129 tionem.

1191 3147 1315 3179 Carere.
1348 3147 1468 3187 Recepi
1492 3147 1615 3179 Mureti
1640 3146 1916 3178 emendationem.
1953 3147 2006 3179 Ex
