2117 3533
481 139 589 182 LIB.
622 139 698 181 IV.
732 139 817 181 ΕΡ.
854 139 925 180 19.
961 164 1018 170 -—
1051 139 1161 181 ΠΒ.
1195 139 1247 181 V.
1280 139 1365 181 ΕΡ.
1402 141 1442 181 1.
1755 141 1839 181 211

83 276 239 318 diorum
272 274 333 316 vel
364 274 651 316 Atilianorum.
701 275 761 315 De
795 274 927 329 Oppio
960 274 1112 316 factum
1144 278 1205 316 est
1236 278 1283 316 ut
1315 273 1424 316 volui
1457 278 1497 315 et
1529 274 1700 316 maxime
1734 274 1840 330 quod

82 357 184 391 οῖδα.
218 347 429 403 aperuisti,
465 363 566 403 quae
599 347 762 402 quidem
795 363 868 402 ego
901 348 1042 402 utique
1076 348 1139 389 vel
1171 363 1332 389 versura
1365 348 1470 389 faeta
1504 347 1604 389 solvi
1644 348 1748 399 volo,
1790 364 1840 390 ne

80 425 255 461 extrema
287 421 441 462 exactio
474 426 700 462 nostrorum
732 422 943 462 nominum
977 426 1242 477 exspectetur.
1279 424 1320 462 3.
1354 422 1476 462 Nunc
1498 421 1615 463 venio
1639 421 1689 462 ad
1711 426 1841 462 trans-

79 508 236 534 versum
268 492 382 533 fflum
415 498 612 535 extremae
647 494 836 549 epistolae
870 499 962 536 tuae
996 495 1250 545 versiculum,
1293 495 1336 535 in
1370 510 1448 549 quo
1482 510 1543 535 me
1578 494 1767 536 admones
1792 494 1841 535 de

80 579 224 606 sorore.
267 565 380 617 Quae
412 581 474 606 res
508 581 548 607 se
582 566 638 606 sic
672 565 814 607 habet:
850 571 897 608 ut
929 567 1021 608 veni
1054 567 1097 607 in
1131 567 1320 623 Arpinas,
1356 582 1481 621 quum
1522 567 1572 607 ad
1616 583 1678 608 me
1719 567 1840 608 frater
1880 587 1894 611 5

78 637 265 689 venisset,
299 639 343 679 in
374 639 513 694 primis
546 638 663 680 nobis
697 654 823 680 sermo
856 640 969 694 isque
1002 640 1154 682 multus
1188 641 1236 682 de
1269 645 1309 682 te
1343 640 1421 681 fuit
1430 659 1441 692 ;
1476 656 1525 681 ex
1558 656 1636 695 quo
1669 641 1761 682 veni
1790 640 1839 682 ad

78 726 137 762 ea,
173 726 273 766 quae
306 711 509 753 fueramus
542 727 614 767 ego
649 717 689 753 et
721 717 767 754 tu
809 713 914 754 inter
958 729 1030 755 nos
1075 714 1123 755 de
1167 729 1298 755 sorore
1341 714 1384 755 in
1428 714 1655 755 Tusculano
1698 714 1838 755 locuti.

78 784 195 826 Nihil
227 788 310 825 tam
342 785 426 826 vidi
457 785 568 836 mite,
602 786 705 826 nihil
738 791 821 827 tam
855 786 1070 841 placatum,
1107 803 1226 842 quam
1258 792 1346 829 tum
1379 802 1491 828 meus
1524 787 1646 829 frater
1679 791 1763 828 erat
1795 786 1837 827 in

76 872 249 899 sororem
281 862 407 909 tuam,
447 862 494 899 ut
526 858 660 909 etiam,
696 859 729 899 si
763 874 841 912 qua
874 859 1003 901 fuerat
1039 875 1087 901 ex
1119 860 1273 902 ratione
1306 864 1490 916 sumptus
1535 859 1714 910 offensio,
1756 874 1838 899 non

75 935 295 986 appareret.
329 931 405 972 [Uo
439 931 494 972 sic
528 931 606 972 die.
642 932 841 973 Postridie
875 948 923 974 ex
956 933 1144 989 Arpinati
1176 933 1345 989 profecti
1380 948 1531 975 sumus.
1577 933 1635 974 Ut
1674 933 1718 974 in
1762 934 1836 974 Ar-

73 1016 172 1043 cano
205 1003 383 1055 Quintus
416 1008 594 1044 maneret
627 1003 712 1045 dies
746 1004 862 1056 fecit,
897 1020 970 1060 ego
1004 1006 1171 1059 Aquini,
1214 1005 1284 1047 sed
1316 1005 1551 1061 prandimus
1583 1006 1627 1047 in
1661 1007 1836 1047 Arcano.

11 1071 17 1076 ’
75 1074 195 1115 Nosti
228 1075 336 1117 hunc
369 1076 554 1118 fundum.
589 1077 680 1129 Quo
713 1082 759 1118 ut
781 1078 977 1130 venimus,
1001 1079 1289 1120 humanissime
1313 1079 1506 1131 Quintus,
1536 1078 1837 1134 flPomponiass’

76 1146 222 1200 inquit,
263 1176 283 1200 ss
294 1153 341 1190 tu
372 1149 500 1191 invita
534 1150 734 1202 mulieres,
770 1166 844 1205 ego
877 1152 982 1193 viros
1017 1153 1242 1193 aceivero.’'
1287 1152 1404 1194 Nihil
1436 1152 1582 1207 potuit,
1617 1152 1717 1193 mihi
1752 1153 1837 1206 qui-

77 1219 166 1261 dem
200 1226 245 1262 ut
275 1222 405 1263 visum
439 1228 512 1274 est,
547 1223 705 1265 dulcius
737 1224 859 1278 idque
893 1240 1018 1280 quum
1046 1225 1191 1276 verbis,
1215 1230 1303 1267 tum
1341 1226 1461 1267 etiam
1485 1225 1618 1267 animo
1639 1240 1683 1266 ac
1706 1225 1837 1267 vultu.

75 1294 130 1333 At
161 1293 243 1346 issa,
279 1295 537 1337 audientibus
571 1296 700 1347 nobis,
742 1325 761 1349 ῃ
773 1298 860 1352 Ego
894 1299 1029 1349 sum‚'’
1062 1299 1210 1353 inquit,
1251 1299 1350 1351 uhic
1384 1299 1589 1354 hospita.”
1623 1298 1673 1339 Id
1703 1302 1837 1339 autem
1878 1311 1891 1335 5

114 1495 153 1526 13
175 1504 231 1536 eqo
253 1496 394 1528 acc-ivero
409 1506 538 1537 pueros.

73 1692 161 1723 nuda
192 1691 454 1732 repromissione,
490 1689 592 1722 nullis
622 1691 707 1723 datis
736 1690 932 1722 fideiussori-

74 1745 144 1776 bus.
178 1744 256 1775 Vid.
278 1745 357 1775 ibid.
380 1744 445 1775 XI.
467 1745 497 1775 4.
526 1744 634 1785 Igitur
656 1744 771 1776 Cicero
793 1745 932 1775 affirmat

72 1799 222 1830 Atticum
244 1798 385 1829 aliorum
408 1798 560 1839 exemplo
573 1799 727 1830 satisdare
744 1808 847 1839 posse.
871 1798 930 1829 Sin

72 1851 189 1883 emisse
216 1855 296 1882 tunc
332 1851 391 1881 illa
423 1851 556 1892 praedia
589 1852 728 1888 videtur,
762 1851 931 1882 seeundum

71 1903 254 1945 'nauci-mum
279 1904 339 1936 erit
354 1915 415 1944 pro
438 1904 601 1945 rnancipio,
624 1905 657 1935 iic
671 1904 817 1944 favorem
847 1916 931 1935 man-

71 1957 153 1998 cipii,
177 1962 209 1989 et
230 1958 292 1989 hae
315 1958 542 1989 satisdationes
565 1962 661 1989 erunt
676 1959 716 1989 de
730 1958 835 1998 pretio
851 1969 931 1989 non-

69 2011 149 2042 dum
171 2012 212 2042 ab
235 2016 357 2043 emtore
380 2012 497 2043 soluto.
520 2012 576 2043 Sic
601 2013 703 2043 verba
719 2013 843 2053 accepit
858 2013 930 2044 Rei-

70 2066 155 2103 nius,
179 2077 230 2107 op.
253 2067 339 2098 laud.
369 2078 400 2107 p.
430 2068 500 2104 342,
530 2068 587 2098 ubi
617 2077 671 2099 eas
702 2074 797 2099 vocat
826 2068 929 2107 Bic'rgs-

69 2120 177 2161 sebast
203 2120 264 2160 fior
300 2120 485 2162 Bezalzlurzy
520 2121 576 2152 des
612 2121 820 2162 KreusyeldeS.
864 2122 931 2153 Sed

71 2174 183 2204 omnia
203 2174 238 2204 in
261 2174 446 2205 coniectura
470 2179 546 2205 sunt
568 2174 681 2215 posita.
705 2193 745 2197 ——
770 2175 850 2205 Voc.
881 2185 930 2205 ve-

70 2227 131 2258 luti
154 2237 171 2258 e
194 2228 394 2258 correctione
416 2228 505 2259 Med.
521 2233 688 2268 receptum
706 2239 764 2268 pro
780 2238 828 2265 co,
843 2229 931 2269 quod

70 2281 158 2312 Med.
184 2291 200 2312 a
223 2281 328 2322 prima
349 2291 449 2312 manu
471 2282 592 2313 habere
614 2282 733 2313 dicitur
755 2283 805 2313 vel
831 2282 875 2312 bis
897 2284 930 2312 tu

71 2334 167 2375 (Cod.
202 2335 297 2376 Hisp.
337 2336 387 2366 vel
422 2335 497 2375 his).
526 2354 568 2359 -
597 2335 852 2366 Memmiaaorum
882 2337 932 2366 vel

71 2388 294 2420 Atilianorum.
315 2389 487 2420 Iudicatur
508 2390 640 2429 praedia
654 2390 761 2430 potius
780 2390 931 2421 Atiliana

70 2453 169 2483 quam
189 2443 394 2474 Memmiana
416 2442 480 2474 dici
503 2443 633 2474 debere.

111 2493 160 2524 De
186 2493 288 2535 Oppio,
312 2500 372 2526 cet.
402 2494 528 2535 Agitur
550 2496 589 2526 de
613 2494 760 2527 Caesaris
783 2496 929 2534 nomine,

69 2548 122 2578 cui
144 2552 215 2578 tum
248 2548 363 2579 Cicero
391 2549 531 2580 debebat
561 2549 661 2580 octies
694 2555 834 2580 centena
865 2560 928 2581 ses-

71 2602 175 2633 tertia.
191 2602 323 2633 Atticus
336 2602 442 2642 Oppio
458 2601 606 2634 Caesaris
620 2604 819 2644 procuratori
836 2614 926 2644 spem

69 2655 263 2691 ostenderat,
287 2664 359 2685 eam
382 2655 555 2695 pecuniam
584 2656 729 2686 solutum
762 2656 811 2687 iri.
851 2656 928 2687 Fre-

68 2716 173 2747 quens
194 2707 293 2737 huius
313 2707 360 2738 rei
371 2707 497 2737 mentio
510 2707 543 2738 in
560 2708 705 2748 epistolis
714 2718 804 2748 seqq.
827 2709 927 2740 Vidd.

70 2759 103 2790 h.
125 2759 147 2789 1.
170 2761 199 2796 4,
223 2760 251 2789 3.
275 2760 292 2789 5
316 2762 408 2795 extr„
433 2758 451 2788 6
474 2764 568 2796 extr„
591 2760 619 2796 9,
636 2760 665 2790 2.
679 2760 726 2797 10,
742 2762 771 2791 4.
794 2761 928 2801 Aperire

71 2821 138 2842 non
161 2811 271 2842 minus
293 2821 417 2842 novum
439 2811 474 2841 in
497 2811 557 2842 hae
579 2821 623 2849 re,
647 2822 745 2852 quam
764 2823 926 2853 exponere,

71 2863 159 2904 quod
181 2873 230 2903 ep.
252 2864 281 2899 4,
306 2864 324 2893 3
347 2862 478 2902 legitur.
511 2863 642 2894 Indicat
663 2869 855 2905 utrumque:
881 2866 926 2896 di—

70 2927 142 2949 cere
165 2927 203 2949 ea
224 2921 336 2957 parata
358 2926 437 2947 esse.
480 2915 644 2948 Ver-suram
657 2917 774 2957 facere
795 2923 843 2950 est
874 2930 926 2960 pe-

71 2971 203 3002 cuniam
226 2975 376 3002 mutuam
398 2980 536 3008 sumere,
560 2972 647 3011 quod
669 2972 696 3002 si
718 2972 755 3003 fit
779 2974 819 3004 ad
833 2978 926 3005 vetus

69 3024 219 3055 debitum
247 3023 505 3064 expungendum
534 3027 666 3054 vocatur
700 3034 830 3056 versura
864 3027 924 3057 sol-

69 3086 150 3108 vere.
181 3076 231 3108 Cf.
262 3076 379 3108 Festus
401 3087 431 3117 p.
455 3075 525 3108 379.
549 3087 588 3107 ne
609 3095 650 3099 —
671 3080 867 3117 exspectetur
888 3090 921 3111 o:

72 3139 113 3161 ne
135 3129 303 3162 differatur
332 3130 452 3162 solutio
482 3130 561 3168 eius,
592 3131 681 3171 quod
712 3130 844 3164 Caesari
871 3134 923 3165 de-

976 1692 1080 1731 beam,
1110 1693 1146 1724 in
1176 1702 1253 1725 eum
1281 1692 1379 1731 diem,
1410 1702 1512 1734 quum
1540 1693 1608 1732 alii,
1639 1695 1728 1736 quod
1750 1695 1832 1727 mihi

976 1746 1126 1783 debeant,
1150 1747 1286 1778 tandem
1309 1747 1488 1787 aliquando
1511 1748 1653 1780 solvent.

1022 1800 1040 1839 ξ
1063 1801 1092 1830 3.
1114 1799 1167 1830 Ad
1188 1802 1400 1831 transversum
1423 1819 1464 1823 —
1486 1801 1685 1833 versiculum.
1715 1802 1770 1834 Sic
1793 1803 1840 1834 di-

976 1851 1068 1888 citur,
1093 1853 1182 1892 quod
1203 1852 1377 1884 deficiente
1401 1853 1513 1885 charta
1536 1853 1569 1884 in
1605 1855 1754 1894 margine
1786 1865 1837 1896 pa-

977 1905 1074 1945 ginae
1097 1906 1281 1946 adponitur.

1018 1958 1059 1989 In
1090 1958 1241 1999 Arpinas.
1274 1959 1329 1991 Sic
1363 1970 1478 1992 omnes
1508 1961 1595 1992 libri.
1625 1962 1674 1993 At
1696 1962 1838 1994 affirmat

975 2012 1134 2042 Ernestus
1163 2013 1262 2043 scribi
1299 2013 1451 2045 debuisse
1488 2014 1521 2044 in
1559 2014 1709 2055 Arpinum
1741 2026 1772 2046 v.
1805 2017 1837 2046 im

976 2066 1170 2106 Arpinatem.
1201 2067 1288 2099 Sane
1326 2069 1410 2099 soIet
1445 2069 1555 2100 vocari
1590 2080 1676 2110 ayer,
1701 2070 1836 2111 suadas,

976 2119 1080 2150 insula
1110 2120 1267 2160 Arpinas,-
1299 2123 1356 2153 sed
1385 2132 1443 2153 cur
1474 2133 1541 2154 non
1575 2123 1607 2154 h.
1631 2124 1652 2154 l.
1668 2125 1836 2164 praedium

976 2173 1175 2212 cogitatione
1198 2175 1400 2213 adderemus,
1423 2182 1460 2207 ut
1484 2176 1517 2207 in
1541 2177 1650 2208 verbis
1673 2177 1837 2209 Postridie

976 2236 1015 2255 ex
1049 2227 1199 2267 Arpirzali
1227 2228 1367 2268 profecli
1400 2239 1503 2259 sumus
1540 2236 1572 2261 ct
1602 2230 1635 2261 in
1671 2240 1718 2268 eo,
1749 2233 1836 2272 quod

976 2278 1074 2309 Tusc.
1098 2279 1140 2309 V.
1164 2279 1203 2312 74
1226 2285 1273 2311 est
1295 2281 1328 2311 in
1351 2281 1501 2321 Arpinati
1523 2283 1659 2313 nostro?

1017 2331 1093 2362 Dies
1111 2331 1206 2372 fecit.
1245 2334 1346 2364 nNon
1378 2335 1447 2365 dies
1485 2335 1518 2365 in
1555 2345 1729 2376 vesperum
1767 2337 1832 2368 iam

975 2393 1114 2424 vergens
1138 2403 1178 2407 —
1207 2396 1284 2416 nani
1315 2391 1346 2417 et
1374 2387 1527 2418 Marcum
1556 2387 1691 2419 fratrem
1720 2390 1835 2420 eadem

974 2448 1071 2469 causa
1093 2439 1282 2470 retinuisset
1305 2459 1354 2477 —,
1387 2441 1444 2471 sed
1471 2441 1540 2472 dies
1570 2441 1673 2473 festus
1706 2443 1833 2474 Arcani

973 2493 1059 2533 pagi,
1091 2503 1189 2534 quem
1218 2495 1280 2525 sibi
1311 2496 1352 2534 Q.
1383 2496 1417 2526 in
1446 2506 1504 2527 suo
1533 2496 1635 2528 fundo
1665 2498 1833 2530 celebran-

972 2547 1051 2577 dum
1073 2548 1233 2587 putavit.”
1256 2548 1438 2580 Manutius.

1014 2599 1079 2640 layo
1107 2600 1190 2631 viros
1219 2601 1370 2633 accivere.
1408 2602 1464 2633 Sic
1501 2603 1602 2634 edidit
1637 2604 1831 2642 Lambinus,

972 2653 1073 2684 libros
1107 2658 1233 2686 veteres
1262 2662 1402 2693 secutus,
1433 2663 1470 2688 ut
1498 2658 1553 2688 ait.
1596 2658 1733 2689 Habent
1761 2659 1829 2690 illi:

971 2717 1026 2748 eqo
1048 2717 1119 2738 vero
1141 2707 1280 2739 ascivero
1294 2720 1422 2750 puero&
1464 2711 1530 2742 Sed
1553 2712 1663 2752 pueris
1686 2712 1739 2742 hic
1762 2723 1828 2743 non

971 2765 1018 2791 est
1041 2760 1142 2792 locus.
1177 2761 1266 2793 Dicit
1289 2763 1378 2794 enim
1407 2764 1553 2803 Quintus
1582 2765 1743 2803 Arcanos,
1772 2767 1828 2806 qui

971 2812 1070 2843 officii
1098 2823 1194 2844 causa
1232 2814 1408 2847 Cicerones
1445 2817 1623 2848 salutatum
1660 2824 1828 2849 venerant.

972 2865 1091 2897 Pueros
1124 2867 1227 2907 igitur
1256 2869 1342 2900 male
1376 2879 1418 2901 ex
1448 2871 1672 2910 geminatione
1700 2882 1828 2911 praece-

969 2921 1117 2952 dentium
1139 2922 1309 2954 literarum
1331 2929 1440 2955 ortum
1470 2925 1600 2956 videtur
1631 2931 1662 2956 et
1683 2935 1756 2956 vero
1785 2936 1827 2958 ex

969 2974 1052 3004 viros
1074 2980 1271 3015 corruptum.
1308 2977 1409 3007 Haud
1432 2978 1498 3008 scio
1520 2982 1629 3009 tamen
1654 2989 1695 3009 an
1718 2980 1826 3019 potior

969 3026 1012 3057 sit
1033 3027 1191 3058 correctio
1213 3028 1240 3057 I.
1262 3027 1317 3059 Fr.
1339 3028 1515 3060 Gronovii:
1540 3040 1594 3069 eqo
1618 3040 1766 3071 accepero
1785 3032 1829 3062 vi-

969 3091 1029 3112 ros.
1051 3081 1212 3122 Accipere
1235 3083 1325 3114 enim
1347 3088 1395 3115 est
1416 3084 1451 3115 in
1474 3085 1611 3125 prandio
1640 3086 1692 3117 vel
1725 3097 1828 3119 coena

970 3134 1058 3166 laute
1079 3139 1226 3167 tractare.
1250 3136 1300 3167 Cf.
1324 3137 1433 3169 Plaut.
1457 3137 1536 3169 Cist.
1559 3139 1585 3169 Ι.
1610 3140 1638 3176 1,
1656 3140 1703 3171 12.
1727 3141 1827 3171 Most.

1556 3195 1642 3236 141ε

1861 953 1894 980 10
