2117 3533
275 175 357 213 266
673 173 756 213 ΕΡ.
792 172 866 212 AD
899 173 944 212 T.
980 172 1328 213 POMPONIVM
1361 174 1624 214 ATTICUM.

274 307 353 347 Hic
388 305 540 346 Vedius
576 306 684 345 venit
719 304 816 345 mihi
850 305 1008 346 obviam
1043 319 1134 345 cum
1168 305 1326 347 duobus
1359 307 1507 347 essedis
1541 313 1581 347 et
1607 307 1730 350 rheda
1753 311 1865 363 equis
1888 311 2025 354 iuncta

273 384 312 419 et
346 378 485 418 lectica
518 383 558 417 et
591 377 741 418 familia
773 393 932 432 magna,
968 393 1039 433 pro
1074 393 1164 432 qua,
1207 379 1240 419 si
1274 379 1395 420 Curio
1428 380 1555 434 legem
1578 382 1800 435 pertulerit,
1827 383 1909 422 Hs,
1937 398 2026 423 6611-

273 457 386 491 tenos
418 450 568 504 pendat
600 465 759 491 necesse
793 454 867 491 est.
919 451 1017 491 Erat
1049 456 1252 505 praeterea
1286 452 1577 507 cynocephalus
1609 453 1653 493 in
1685 454 1822 495 essedo
1855 469 1928 495 nec
1961 455 2026 496 de-

273 528 385 563 erant
418 523 569 577 onagri.
621 523 841 578 Nunquam
876 523 959 564 vidi
1000 523 1202 565 hominem
1243 526 1488 579 nequiorem.
1530 526 1607 567 Sed
1651 532 1872 568 extremum
1918 528 2026 569 audi.

238 615 250 639 5
273 595 514 635 Deversatus
547 600 606 635 est
639 595 859 636 Laodiceae
894 596 1001 650 apud
1036 596 1273 651 Pompeium
1308 597 1570 649 Vindullum3
1612 598 1670 639 ibi
1715 614 1786 640 sua
1828 599 2026 655 deposuit,

272 682 395 721 quum
441 666 490 707 ad
534 682 595 707 me
639 667 840 722 profectus
887 673 959 708 est.
1014 668 1188 709 Moritur
1231 669 1394 710 interim
1438 669 1656 711 Vindullus
1670 689 1681 721 3
1727 686 1827 725 quae
1873 688 1933 713 res
1978 672 2025 713 ad

271 739 465 793 Magnum
500 739 735 794 Pompeium
768 740 967 794 pertinere
1001 739 1234 795 putabatur.
1293 741 1340 781 C.
1375 741 1612 783 Vennonius
1646 742 1809 784 domum
1844 744 2027 786 Vindulli

269 811 403 861 venit;
438 826 529 852 cum
562 813 695 852 onmia
729 812 973 867 obsignaret‚
1007 813 1050 854 in
1092 813 1296 855 Vedianas
1339 829 1401 855 res
1446 815 1604 856 incidit.
1650 816 1699 856 In
1739 816 1802 856 his
1841 816 2026 858 inventae

271 888 365 924 sunt
399 885 574 939 quinque
607 885 886 939 imagunculae
920 890 1207 936 matronarum,
1242 887 1285 927 in
1319 885 1466 941 quibus
1498 903 1579 928 una
1612 889 1756 929 sororis
1790 890 1907 930 amici
1952 890 2026 940 tui,

218 977 251 1001 10
270 955 442 997 hominis
475 957 597 1007 bruti,
633 958 702 1011 qui
735 957 809 998 1106
843 962 994 1007 utatur,
1041 964 1082 999 et
1114 958 1222 999 illius
1255 959 1394 1014 lepidi,
1429 960 1498 1013 qui
1532 960 1629 1001 haec
1662 965 1746 1001 tam
1779 962 2028 1016 negligenter

271 1029 384 1069 ferat.
426 1030 538 1070 Haec
570 1035 609 1071 te
644 1031 751 1072 volui
785 1036 1165 1090 παριστορῆσαι.
1218 1033 1365 1073 Sumus
1411 1033 1518 1074 enim
1562 1033 1678 1074 ambo
1723 1034 1824 1074 belle
1869 1034 2029 1075 curiosi.

274 1103 344 1141 26.
400 1102 535 1142 Unum
569 1103 689 1143 etiam
724 1103 842 1144 velim
876 1104 1041 1158 cogites.
1076 1104 1212 1145 Audio
1247 1105 1426 1159 Appium
1460 1102 1706 1163 προπύλον
1746 1106 1933 1147 Eleusine
1975 1106 2030 1147 fa—

272 1188 372 1213 cere.
428 1175 539 1215 Num
573 1175 701 1230 inepti
735 1175 941 1225 fuerimus,
977 1176 1009 1217 si
1042 1191 1115 1217 nos
1150 1192 1308 1232 quoque
1350 1177 1590 1218 Academiae
1633 1172 1869 1220 fecerimus?
1911 1180 2028 1230 Puto,

271 1246 443 1300 inquies.
477 1248 583 1302 Ergo
616 1247 657 1288 id
691 1247 824 1303 ipsum
858 1247 1007 1289 scribes
1041 1248 1091 1289 ad
1120 1264 1196 1290 me.
1232 1249 1430 1305 Equidem
1459 1249 1573 1290 valde
1595 1250 1700 1305 ipsas
1723 1250 1903 1292 Athenas
1927 1267 2029 1293 amo.

313 1418 332 1448 2
358 1417 418 1448 HS.
450 1419 583 1448 centena
607 1436 647 1440 ψ
670 1419 688 1449 9
705 1420 943 1460 planqunculae
965 1438 1006 1442 —
1028 1421 1067 1450 12
1090 1418 1302 1465 προπύλαιον
1327 1439 1365 1443 —

274 1571 406 1597 notatur
428 1577 446 1596 a
469 1566 584 1597 Tacito
606 1567 697 1598 Ann.
725 1569 748 1598 Ι.
781 1568 827 1605 10,
857 1570 888 1599 11.
913 1570 934 1600 1.
964 1570 1129 1601 nominari

275 1618 410 1649 videtur.
446 1620 541 1650 Certe
563 1619 673 1649 nebulo
695 1626 742 1651 est
764 1621 863 1651 homo
886 1632 1036 1662 nequam,
1059 1634 1130 1663 pro·

274 1671 378 1711 digus.
399 1671 449 1702 Cf.
462 1673 543 1703 Hor.
559 1673 626 1704 Sat.
642 1674 669 1704 Ι.
687 1675 714 1710 1,
731 1675 798 1704 104.
816 1676 844 1712 2,
860 1676 909 1706 12.
924 1676 984 1716 Ep.
996 1676 1023 1706 Ι.
1038 1677 1065 1713 2,
1079 1677 1129 1706 28.

316 1725 347 1755 δι’
376 1726 469 1757 vario
492 1727 584 1768 [Βρεμι
603 1729 782 1767 pertuleris.
805 1729 993 1769 Significari
1013 1736 1130 1770 putant

275 1779 381 1818 legem
404 1780 550 1816 viariam,
575 1790 674 1820 quam
698 1780 797 1812 Curio
821 1782 915 1813 initio
937 1783 1027 1813 illius
1050 1783 1129 1813 anni

274 1834 422 1871 iactabat,
453 1840 487 1864 111
517 1836 669 1865 novimus
699 1846 740 1866 ex
770 1837 861 1876 epist.
892 1838 1006 1873 Caelii,
1036 1837 1129 1868 Fam.

275 1888 372 1917 VIII.
397 1888 424 1924 6,
449 1890 476 1924 5,
501 1893 531 1918 61
554 1888 631 1918 111116
655 1889 818 1928 colligunt
842 1890 874 1920 in
899 1900 937 1920 ea
958 1891 1032 1931 lege
1056 1900 1126 1921 vec-

275 1937 355 1976 tigal
384 1939 600 1969 constitutum
630 1939 728 1970 fuisse
759 1940 793 1970 in
827 1940 988 1977 vehicula,
1020 1950 1128 1981 equos,

275 2000 394 2026 servos,
431 2001 496 2031 quo
537 1996 703 2022 uterentur
739 1993 779 2022 ad
818 1993 887 2023 vias
923 1994 1129 2024 muniendas.

275 2044 341 2074 Sed
370 2045 503 2075 inanem
534 2055 601 2076 esse
632 2046 851 2086 suspicionem
889 2048 965 2077 satis
996 2048 1129 2077 demon-

274 2102 351 2127 strat
375 2098 466 2135 illud,
492 2099 579 2138 quod
603 2099 718 2130 Cicero
742 2110 808 2129 non
823 2100 936 2130 scribit
945 2110 1005 2140 pro
1023 2100 1130 2141 quibus
1155 2108 1156 2111 ¹

275 2150 330 2179 sed
346 2160 406 2189 pro
427 2160 497 2190 qua.
521 2151 637 2191 Itaque
660 2162 717 2191 pro
741 2151 876 2188 familia,
900 2162 958 2192 pro
973 2152 1075 2183 servis
1089 2162 1131 2183 ex

275 2202 330 2232 illa
355 2203 427 2242 lege
457 2204 667 2243 pendendum
697 2211 774 2241 erat,
806 2204 998 2245 videturque
1031 2204 1131 2235 fuisse

276 2256 329 2286 lex
352 2258 561 2297 sumptuaria.
585 2258 635 2288 Cf.
657 2258 710 2288 Fr.
735 2258 947 2289 Hofmannus
969 2260 1009 2289 de
1039 2258 1130 2299 Orig.
1157 2274 1158 2285 1

277 2310 353 2339 belli
377 2310 437 2339 civ.
462 2310 649 2341 Caesariani
673 2322 702 2351 p.
727 2313 775 2348 54,
810 2312 866 2352 qui
895 2317 1005 2342 tamen
1035 2318 1129 2349 errat,
1156 2309 1157 2318 ¹

275 2372 374 2401 quum
399 2363 552 2393 6011116131
574 2363 643 2394 HS.
667 2368 803 2394 centena
827 2364 917 2394 milia
940 2364 974 2394 111
1006 2374 1129 2395 3111111111
1156 2366 1157 2401 ]

275 2426 332 2455 pro
356 2416 479 2446 familia
501 2427 621 2457 magna
645 2418 744 2448 fuisse
767 2422 890 2449 exacta.
921 2418 1007 2448 Nam
1031 2422 1130 2449 cente-

276 2478 332 2497 nas
355 2469 442 2499 Med.
472 2479 538 2499 non
568 2470 798 2509 corrigendum
828 2477 876 2501 est
904 2473 1046 2507 femena,
1073 2472 1128 2501 sed

275 2522 428 2556 cenlenos,
452 2527 487 2550 ut
510 2521 694 2561 Malaspina
719 2522 751 2551 111
776 2523 846 2552 60(1.
872 2522 1009 2559 Αι11011.,
1030 2522 1129 2563 Spen-

275 2572 381 2611 gelius
404 2573 437 2602 111
474 2573 571 2603 561(115
608 2573 815 2605 invenerunt.
860 2574 895 2605 Si
938 2576 1024 2606 cives
1068 2576 1130 2606 Ro-

275 2625 364 2654 mani
387 2630 518 2655 centum
549 2636 666 2656 numos
698 2627 873 2666 quotannis
903 2638 961 2667 pro
990 2628 1130 2668 singulis

277 2678 377 2709 servis
400 2680 588 2719 penderent,
624 2680 764 2719 vectigal
796 2681 828 2710 111
857 2691 977 2720 magna
1007 2681 1130 2712 familia

274 2731 351 2762 satis
374 2742 473 2771 grave
495 2739 573 2763 erat.

319 2785 560 2824 Cynocephalus.
583 2784 695 2816 Genus
718 2786 814 2816 simii.
839 2786 888 2817 ef.
913 2788 999 2818 Plin.
1030 2789 1073 2818 H.
1090 2789 1131 2818 N.

281 2837 375 2867 VIII.
400 2838 470 2868 216.
501 2837 552 2869 Ob
574 2839 738 2869 raritatem
762 2840 938 2879 pretiosum
962 2846 1038 2871 erat.
1062 2842 1131 2872 Nec

276 2890 461 2929 frequentes
489 2901 566 2922 sane
597 2892 629 2921 in
660 2892 756 2922 Italia
797 2893 908 2931 [mayri
943 2894 1011 2924 sive
1048 2895 1131 2925 asini

277 2943 343 2979 l'eri,
366 2945 406 2974 de
431 2944 550 2984 quibus
574 2944 651 2974 ibid.
676 2944 736 2977 174
759 2955 804 2984 sq.

320 2998 405 3037 Quae
435 3008 484 3028 res
513 2999 557 3029 ad
587 2999 731 3040 ,llayrzmn
763 3000 936 3040 Pompeium
969 3001 1131 3040 pertinere

274 3050 444 3087 putabatur
468 3061 500 3081 o:
525 3052 616 3081 cuius
640 3052 814 3088 hereditas,
847 3063 947 3092 quum
977 3053 1130 3083 intestato

278 3110 306 3134 et
338 3105 407 3136 sine
436 3106 525 3144 prole
555 3113 701 3136 mortuus
732 3112 825 3143 65561,
857 3108 896 3137 ad
928 3107 996 3137 eius
1027 3115 1128 3147 patro-

278 3167 355 3188 num
379 3157 439 3189 Cn.
463 3158 655 3199 Pompeium
678 3160 838 3199 Magnum
862 3165 1055 3200 perventura
1084 3161 1128 3191 vi-

1173 1571 1320 1601 debatur.
1338 1572 1421 1602 Mox
1436 1582 1494 1612 pro
1510 1583 1575 1602 cum
1591 1572 1693 1602 omnia
1709 1573 1920 1604 scribendum
1934 1579 2030 1614 puto:

1174 1624 1207 1653 Is
1230 1634 1296 1654 cum
1319 1625 1430 1655 omnia.

1217 1678 1451 1719 Imayunculae.
1482 1680 1582 1710 Recte
1606 1680 1783 1710 Victorius.
1814 1680 1924 1715 Paene
1953 1680 2032 1710 inte-

1178 1741 1275 1769 grum
1306 1737 1353 1761 est
1386 1731 1418 1761 in
1453 1732 1550 1762 scidis
1581 1731 1750 1772 Spengelii
1780 1732 1841 1762 iam
1865 1731 2031 1773 ynneulae.

1178 1784 1297 1815 Bosius
1321 1794 1363 1815 ex
1386 1794 1433 1821 eo,
1469 1786 1559 1825 quod
1587 1786 1692 1816 codex
1720 1786 1808 1816 Med.
1836 1786 1936 1816 habet
1966 1785 2033 1815 lan-

1154 1838 1333 1878 *yzmculae
1364 1838 1439 1869 fecit
1461 1838 1708 1879 planyunculae,
1747 1840 1835 1879 quod
1872 1839 1927 1869 alii
1961 1838 2033 1869 reti-

1154 1891 1155 1894 ’
1180 1900 1332 1924 nuerunt.
1377 1893 1443 1925 Sed
1466 1900 1515 1925 est
1544 1895 1740 1925 vocabulum
1772 1895 1897 1925 nullius
1928 1897 2033 1924 aucto—

1154 1970 1155 1973 ,
1180 1945 1292 1982 ritatis,
1317 1950 1349 1975 et
1372 1955 1390 1975 3
1422 1944 1477 1975 Gr.
1506 1942 1686 1989 πλαγγὼν,
1718 1946 1805 1985 quod
1825 1955 1959 1985 puppam
1985 1945 2032 1975 in-

1178 2001 1273 2037 dicat,
1297 2010 1363 2031 non
1402 2008 1488 2031 recte
1517 2001 1677 2032 fonnatur
1704 2001 1944 2032 deminutivum
1974 2000 2032 2030 La-

1155 2079 1157 2090 ,
1180 2054 1286 2084 tinum
1305 2054 1455 2084 feminini
1473 2055 1613 2093 generis.
1637 2056 1677 2086 In
1693 2055 1904 2095 sequentibus
1919 2054 2033 2084 Cicero

1180 2108 1263 2138 ludit
1288 2108 1320 2138 in
1345 2108 1533 2138 nominibus
1556 2109 1651 2139 Bruti
1675 2114 1705 2139 et
1726 2108 1851 2148 Lepidi.
1876 2108 1964 2138 Vere
1978 2106 2033 2137 ille

1181 2161 1303 2196 brutus,
1327 2160 1384 2199 qui
1407 2160 1602 2192 familiarem
1624 2161 1766 2191 1131161131
1794 2160 1965 2190 1110661111111
1987 2168 2034 2189 so-

1157 2214 1260 2254 ¹roris
1284 2223 1361 2243 51136
1390 2213 1523 2250 11111136;
1559 2224 1634 2244 vere
1662 2214 1798 2254 lepidus,
1829 2213 1884 2252 qui
1913 2213 2033 2243 adulte-

1180 2276 1249 2295 ram
1272 2275 1411 2295 uxorem
1433 2275 1526 2296 suam
1550 2267 1682 2306 impune
1705 2266 1897 2306 patiebatur.

1226 2320 1494 2362 παριστορήσαι,
1519 2319 1623 2349 obiter
1643 2328 1848 2358 cognoscere.

1222 2373 1239 2410 ξ
1263 2372 1313 2402 26.
1349 2369 1521 2415 προπύλου
1552 2378 1637 2403 recte
1666 2374 1875 2404 emendatum
1903 2381 1971 2402 esse
2001 2372 2032 2401 111

1155 2431 1156 2464 1
1180 2423 1278 2459 Med..
1304 2425 1391 2463 quod
1423 2425 1526 2464 prima
1557 2434 1677 2454 manus
1705 2425 1836 2455 dederat
1865 2419 2031 2467 προπλον,

1180 2484 1303 2508 certum
1327 2485 1375 2509 est
1397 2479 1515 2519 partim
1544 2489 1585 2510 ex
1608 2489 1656 2519 ep.
1681 2480 1708 2516 6,
1732 2481 1751 2510 2
1772 2480 1804 2509 h.
1826 2480 1849 2516 1,
1882 2480 1935 2510 ubi
1963 2479 2032 2509 sinc

1155 2556 1156 2567 1
1181 2527 1336 2558 varietate
1360 2532 1406 2558 est
1428 2526 1608 2571 προπύλῳ,
1632 2529 1751 2569 partim
1766 2538 1807 2559 ex
1823 2529 2032 2568 inscriptione

1181 2582 1222 2611 a‘'.
1247 2582 1327 2611 1860
1349 2583 1506 2613 Eleusine
1533 2588 1668 2623 reperta,
1692 2593 1773 2623 quae
1804 2584 1901 2614 simul
1931 2584 2032 2619 docet,

1181 2636 1268 2675 quod
1292 2645 1334 2666 ex
1357 2636 1415 2666 illo
1442 2637 1514 2666 1060
1536 2637 1673 2667 (11111111111
1696 2643 1774 2672 erat,
1796 2638 1941 2677 Appium
1961 2646 2034 2667 eon-

1181 2689 1292 2718 silium
1316 2700 1381 2719 non
1405 2690 1500 2729 plane
1523 2690 1687 2721 omisisse:

1182 2743 1246 2782 Ap.
1272 2742 1435 2774 Claudius.
1452 2744 1507 2783 Ap.
1524 2743 1558 2774 F.
1572 2743 1716 2773 Pulcher.
1731 2744 1906 2783 propylunn
1933 2743 2032 2773 Cereri

1183 2802 1222 2827 et.
1259 2796 1480 2837 Proserpinae.
1511 2807 1571 2827 cosi.
1600 2798 1692 2828 vovit.
1720 2798 1901 2837 imperator.
1930 2797 2033 2837 coepit

1182 2848 1333 2879 Pulcher.
1358 2848 1524 2879 Claudius.
1547 2852 1588 2879 et.
1612 2849 1689 2879 Rex.
1713 2849 1866 2879 Marcius.
1882 2849 2032 2879 fecerunt.

1183 2902 1258 2931 Vid.
1283 2902 1403 2932 Philol.
1428 2901 1545 2932 XVII.
1569 2913 1598 2942 p.
1623 2902 1693 2934 372.
1717 2902 1811 2942 Corp.
1835 2903 1936 2932 lusor.
1960 2901 2032 2932 Lat.

1181 2954 1207 2983 I.
1231 2964 1260 2994 p.
1284 2955 1352 2984 181.

1222 3005 1335 3045 Inepli.
1377 3007 1415 3036 In
1454 3007 1550 3037 scidis
1581 3007 1703 3047 Speng.
1733 3007 1763 3036 iu
1795 3007 1853 3046 epi.
1890 3007 1941 3036 Ex
1974 3006 2031 3036 hac
2082 3009 2095 3017 ⁶

1180 3059 1411 3098 depravatione
1434 3059 1570 3099 scriptor
1593 3059 1668 3089 libri
1690 3060 1777 3089 Med.
1803 3058 1877 3089 fecit
1891 3058 1922 3088 ἰἠ
1940 3058 2031 3097 epiro.

1222 3110 1419 3147 Academiae,
1449 3121 1532 3150 quae
1562 3120 1660 3151 prope
1689 3111 1840 3142 Athenas
1870 3116 1944 3141 erat.
1984 3109 2031 3140 (Ὺ.

1180 3171 1227 3201 ep.
1251 3162 1278 3198 6,
1303 3163 1329 3191 2.
