2117 3533
245 155 326 194 18ss
641 153 723 192 ΕΡ.
760 151 835 192 AD
868 152 913 192 T.
949 149 1297 191 POMPONIUM
1332 147 1594 189 ATTICUM.

244 288 394 343 primus
428 288 526 337 dies,
562 286 658 341 quid
692 285 907 337 secundus,
944 284 1042 340 quid
1075 297 1270 334 censores,
1305 281 1403 337 quid
1437 282 1607 337 Appius,
1641 281 1739 336 quid
1768 281 1838 323 illa
1860 281 1998 336 populi

243 361 455 415 Appuleia.
505 359 690 413 Denique
714 358 834 399 etiam
859 358 955 411 quid
978 373 1000 399 a
1027 361 1066 398 te
1089 358 1172 408 fiat,
1202 356 1251 397 ad
1273 370 1336 396 me
1358 354 1477 396 velim
1501 352 1664 395 scribas,
1698 354 1793 395 Non
1815 353 1922 394 enim
1940 377 1997 383 --

243 438 288 473 ut
320 448 409 473 vere
440 433 650 487 loquamur
686 457 742 461 -
776 436 859 472 tam
892 431 1011 472 rebus
1054 430 1167 472 novis
1210 444 1330 484 quam
1371 429 1452 469 tuis
1496 427 1622 468 literis
1667 427 1857 468 delector.
1911 427 1999 480 Ego

244 520 399 546 mecum
432 510 586 560 praeter
619 504 859 559 Dionysium
904 503 1002 544 duxi
1045 503 1268 553 neminem3
1316 517 1391 542 1100
1434 505 1569 542 metuo
1612 503 1760 550 tamen,
1803 515 1852 540 ne
1901 498 2000 540 mihi

244 593 371 618 sermo
405 578 523 619 desit.
557 578 583 621 †
616 576 701 617 Abs
734 581 773 617 te
796 592 923 640 ⁴opere
957 576 1145 618 delector.
1179 577 1241 616 Tu
1273 575 1446 616 Lucceio
1478 579 1659 615 nostrum
1691 572 1838 614 librum
1871 572 2000 614 dabis.

244 650 439 691 Demetrii
472 650 675 704 Magnetis
708 648 785 690 tibi
817 650 948 700 mitto,
985 650 1119 690 statim
1152 654 1200 690 ut
1218 649 1272 690 sit
1293 649 1361 703 qui
1386 663 1407 689 a
1429 652 1468 689 te
1490 647 1591 689 mihi
1614 646 1822 702 epistolam
1844 645 2001 687 referat.

287 803 307 832 4
328 801 426 833 edum*
447 820 487 824 -

245 947 294 977 cd.
332 946 412 976 min.
442 956 473 986 p.
503 945 593 974 1015.
626 944 848 974 Menandrum
882 952 951 974 esse
980 943 1100 974 statuit.

289 999 373 1039 Quid
397 999 515 1039 primns
543 998 619 1035 dies,
648 996 724 1038 qaid
750 996 915 1034 secundus,
945 997 1101 1027 ludorum

246 1055 371 1095 opinor.

290 1105 374 1147 Quid
400 1105 528 1146 Appius.
564 1105 655 1135 Num
684 1104 892 1135 consulatum
920 1104 955 1135 in
994 1103 1103 1145 proxi-

246 1171 339 1192 mum
361 1170 485 1190 annum
507 1159 668 1200 petitums
692 1158 742 1189 sit.

290 1214 356 1244 Illa
371 1213 481 1254 populi
503 1212 668 1253 Appuleia.
706 1211 881 1251 Designari
909 1211 1039 1242 videtur
1068 1210 1105 1241 P.

250 1268 396 1304 Clodius,
420 1267 475 1307 qui
498 1277 564 1297 non
588 1276 679 1297 secus
703 1271 800 1305 atque
823 1265 904 1296 olim
920 1264 1106 1305 Appuleius

249 1321 449 1353 Saturninus
480 1320 629 1350 intimam
666 1319 797 1359 plebem
833 1319 873 1348 ad
910 1318 1106 1349 seditionem

249 1375 423 1407 excitabat..
459 1374 548 1404 Dicit
576 1378 685 1404 autem
721 1371 916 1411 Appuleiam,
941 1377 977 1402 ut
999 1380 1106 1402 mores

251 1429 394 1460 hominis
417 1428 534 1459 molles
558 1433 654 1468 atque
677 1426 882 1458 etl'eminatos
912 1430 1012 1456 notet.
1052 1425 1107 1455 Sic

252 1494 294 1514 ex
317 1482 420 1524 Effilio
442 1483 527 1513 facta
549 1488 596 1513 cst
618 1481 724 1522 Eqilla
748 1482 781 1511 in
804 1481 892 1511 dicto
921 1480 1045 1521 Opimii
1073 1481 1107 1511 in

254 1537 310 1568 lib.
338 1537 373 1567 II
402 1537 443 1567 de
473 1536 571 1572 Orat.,
607 1535 677 1567 277.
721 1535 798 1565 Alia
830 1534 982 1574 exempla
1011 1534 1107 1564 huius

253 1592 327 1623 fem.
352 1601 427 1630 gen.
450 1592 483 1622 in
508 1591 697 1621 nominibus
721 1590 928 1629 collegerunt
957 1589 1108 1620 Freinsh.

254 1646 293 1675 ad
318 1644 407 1675 Curt.
431 1645 528 1674 VIII.
552 1644 578 1674 1.
603 1644 681 1673 Ern.
706 1644 745 1673 ad
768 1643 846 1672 Tac.
870 1642 961 1673 Ann.
995 1643 1056 1673 VI.
1081 1644 1110 1672 5.

254 1696 393 1728 Teuffel.
417 1697 457 1727 ad
478 1695 648 1735 Aristoph.
670 1695 757 1725 Nub.
789 1695 859 1724 680.
888 1694 1021 1725 Horatii
1053 1694 1110 1724 Pe-

1148 944 1282 974 diatiam
1304 944 1339 974 in
1362 944 1429 975 Sat.
1453 944 1479 974 Ι.
1504 945 1532 980 8,
1564 943 1603 973 39
1633 951 1675 973 ex
1705 951 1743 973 eo
1773 950 1910 972 numero
1939 940 2006 971 exi-

1150 997 1304 1028 mendam
1326 1007 1401 1027 cum
1423 995 1655 1027 Doederleinio
1678 998 1766 1035 puto.

1192 1052 1208 1089 †
1229 1050 1291 1079 Abs
1315 1052 1345 1080 te
1367 1060 1457 1089 opere
1478 1049 1625 1080 delector.
1662 1048 1754 1078 Haec
1783 1047 1835 1078 vel
1869 1047 2006 1087 turpiter

1151 1110 1303 1147 corrupta
1324 1106 1377 1137 vel
1406 1106 1524 1136 misere
1553 1108 1702 1135 truncata
1733 1107 1819 1134 sunt.
1862 1103 1903 1133 In
1934 1102 2007 1133 loco

1152 1161 1322 1199 desperato
1354 1168 1421 1189 non
1450 1157 1601 1198 displicet
1630 1156 1747 1188 Orellii
1779 1155 1927 1196 suspicio,
1952 1155 2008 1195 qui

1153 1221 1275 1243 nomen
1298 1211 1466 1252 proprium
1492 1211 1526 1241 in
1548 1210 1600 1240 his
1622 1209 1723 1240 latere
1745 1209 1897 1240 censebat
1913 1208 2010 1249 scrip-

1155 1271 1289 1306 tumque
1319 1265 1399 1295 olim
1430 1264 1544 1295 fuisse:
1579 1262 1751 1293 Aristotele
1788 1262 2007 1303 [maqnopere]

1155 1319 1304 1349 delector.
1346 1318 1456 1349 Huius
1484 1317 1572 1349 enim
1602 1316 1720 1357 scripta
1757 1325 1774 1347 e
1811 1316 2010 1346 bibliotheca

1155 1372 1268 1402 Fausti
1293 1371 1407 1403 Cicero
1428 1376 1507 1401 tunc
1522 1370 1556 1400 in
1573 1369 1724 1399 manibus
1737 1368 1858 1399 habere
1873 1372 2008 1408 poterat,

1156 1435 1256 1465 quum
1279 1430 1463 1455 versaretur
1485 1423 1519 1453 in
1542 1422 1634 1452 libris
1658 1422 1697 1452 de
1720 1420 1857 1453 Oratore
1879 1420 1943 1461 (ep.
1960 1420 2008 1458 13,

1156 1480 1189 1518 2>
1213 1484 1244 1510 et
1266 1480 1306 1509 de
1328 1477 1509 1518 Republica
1532 1476 1596 1515 (14,
1621 1477 1653 1517 1)
1675 1475 1946 1506 commentandis.

1202 1532 1345 1562 Nostrum
1373 1530 1495 1566 librum,
1524 1529 1776 1560 commentarios
1804 1538 1913 1559 rerum
1943 1538 2012 1559 sua-

1159 1597 1239 1623 rum,
1264 1596 1346 1625 quos
1363 1595 1397 1616 se
1413 1584 1637 1615 confecturum
1653 1583 1846 1623 promiserat
1859 1582 2013 1620 Lucceio,

1158 1639 1250 1670 Fam.
1274 1638 1316 1668 V.
1340 1638 1388 1674 12,
1413 1638 1460 1667 10.

1205 1689 1357 1722 Demetrii
1366 1688 1528 1729 Mafflnelz's
1546 1687 1679 1718 librum.
1695 1687 1745 1720 Cf.
1760 1688 1801 1718 ad
1817 1686 2014 1724 V111.11,7.

858 1824 959 1865 XII.
1026 1823 1091 1875 (A.
1134 1822 1178 1862 U.
1217 1822 1258 1860 C.
1294 1820 1412 1872 699.)

319 1952 516 2006 Egnatius
550 1952 698 1992 Romae
731 1954 804 1990 est.
840 1949 916 1990 Sed
950 1964 1023 2003 ego
1057 1963 1147 1989 cum
1181 1961 1227 1987 eo
1262 1945 1310 1986 de
1343 1959 1383 1985 re
1408 1943 1603 1984 Halimeti
1626 1944 1879 1984 vehementer
1900 1942 2016 1983 Antii

257 2026 334 2080 egi.
385 2024 569 2065 Graviter
602 2039 641 2064 se
676 2027 859 2063 acturum
892 2037 983 2063 cum
1016 2021 1180 2076 Aquilio
1215 2018 1478 2060 confirmavit.
1544 2016 1712 2057 Videbis
1753 2031 1845 2071 ergo
1890 2016 2015 2057 homi-

257 2114 361 2149 nem,
397 2098 430 2138 si
463 2097 583 2137 voles.
618 2096 800 2137 Macroni
833 2095 899 2135 vix
932 2095 1068 2136 xddeor
1101 2098 1257 2149 praesto
1292 2107 1375 2133 esse
1412 2092 1570 2146 (posse).
1603 2089 1748 2131 Idibus
1782 2090 1889 2131 enim
1923 2104 2015 2130 auc-

222 2185 234 2207 f
257 2172 407 2213 tionem
448 2169 586 2211 Larini
627 2167 756 2217 video,
801 2172 841 2207 et
881 2166 1050 2208 biduum
1091 2170 1307 2222 praeterea.
1358 2163 1406 2205 Id
1450 2168 1510 2214 tu,
1555 2162 1743 2217 quoniam
1785 2162 2016 2203 Macronem

258 2245 361 2286 tanti
394 2243 506 2293 facis,
550 2242 733 2296 ignoscas
774 2240 873 2281 mihi
917 2240 1049 2281 velim.
1094 2238 1187 2290 Sed,
1233 2239 1266 2279 si
1309 2252 1370 2278 me
1417 2236 1565 2291 diligis,
1608 2235 1799 2291 postridie
1842 2235 2017 2276 Kalend.

260 2332 383 2358 coena
416 2315 521 2371 apud
555 2330 617 2355 me
652 2329 741 2355 cum
776 2312 893 2353 Pilia.
930 2313 1097 2353 Prorsus
1138 2312 1180 2353 id
1223 2311 1358 2352 facies.
1404 2309 1578 2351 Kalend.
1629 2310 1760 2363 cogito
1804 2309 1846 2350 in
1890 2308 2018 2348 hortis

262 2389 522 2445 Crassipedis,
558 2386 670 2440 quasi
702 2386 744 2427 in
778 2385 1016 2434 deversorio,
1052 2399 1232 2426 coenare.
1269 2383 1389 2424 Facio
1422 2382 1601 2423 fraudem
1637 2386 1797 2423 senatus
1820 2380 2017 2422 consulto.

303 2555 323 2583 4
338 2554 484 2593 praesto:
508 2560 574 2581 esse
599 2548 707 2580 Idibus
731 2548 811 2579 enim
834 2567 875 2571 —
897 2548 915 2578 6
939 2549 980 2578 mz'
1002 2566 1042 2570 ——

307 2710 470 2752 Efflmtius.
506 2709 556 2739 De
578 2707 726 2748 personis
750 2707 900 2738 et1·ebus
924 2706 1056 2746 ignotiS,
1081 2706 1121 2736 de
1169 2711 1232 2741 tur,
1261 2710 1297 2735 ut
1327 2705 1482 2745 epistolae
1512 2704 1649 2744 scriptae
1678 2709 1804 2743 tempus
1843 2703 2020 2741 ignoratur.

269 2766 387 2806 quibus
410 2766 442 2796 in
470 2765 530 2795 hae
554 2764 688 2804 epistola
713 2763 831 2801 agitur,
855 2762 938 2792 nihil
962 2763 1078 2793 dicam.
1170 2760 1267 2790 Certe
1289 2759 1483 2797 cogitandae
1507 2764 1582 2789 sunt
1612 2758 1690 2788 Idus
1718 2758 1863 2788 eiusdem
1892 2756 2023 2793 mensis,

310 2816 454 2848 Macroni
476 2815 528 2845 via·
552 2815 657 2845 videor
673 2817 804 2854 praesto
828 2824 904 2845 esse.
943 2814 1022 2844 Post
1044 2814 1123 2844 haec
1170 2813 1260 2844 cuius
1283 2814 1453 2844 Kalendae
1475 2812 1574 2853 paulo
1596 2817 1668 2852 post
1690 2811 1912 2841 nominantur.

267 2872 468 2903 desideratur
490 2881 521 2901 v.
537 2879 640 2910 posse,
664 2870 750 2909 quod
774 2868 960 2908 Malas1‘›i11a
990 2868 1023 2898 in
1054 2868 1125 2897 cod.
1147 2881 1150 2939 ι
1213 2866 1308 2897 Facio
1322 2866 1475 2907 fraudem
1499 2865 1577 2896 SCto
1599 2870 1721 2905 spectat
1736 2865 1776 2894 ad
1790 2864 1874 2894 illud
1887 2862 2022 2899 SCtum,

270 2927 396 2957 Anton.
420 2935 453 2956 se
476 2925 596 2955 vidisse
618 2928 764 2955 testatur.
1173 2931 1238 2961 quo
1261 2926 1436 2957 senatores,
1461 2921 1518 2960 qui
1540 2920 1574 2950 in
1597 2920 1677 2950 urbe
1701 2924 1802 2955 erant,
1827 2918 1860 2948 in
1874 2922 2025 2948 senatum

312 2979 429 3016 Idibus,
453 2979 541 3018 quod
564 2978 597 3008 in
621 2977 696 3008 edit.
719 2978 804 3008 Icus.
820 2977 963 3016 primum
979 2975 1125 3006 additum
1148 2942 1151 3024 l
1174 2974 1285 3005 venire
1308 2974 1519 3013 cogebantur,
1543 2972 1606 3002 nisi
1637 2972 1756 3001 iustam
1780 2970 2026 3001 excusationem

272 3038 328 3067 est,
360 3031 551 3061 Hofmanno
586 3041 614 3070 p.
647 3031 686 3059 53
718 3040 764 3069 sq.
795 3039 834 3059 cx
872 3027 1127 3068 interpolatione
1149 3026 1151 3055 l
1173 3027 1334 3057 afferrent.
1359 3027 1408 3057 Cf.
1432 3026 1519 3056 Phil.
1550 3026 1576 3055 Ι.
1608 3027 1635 3055 5.
1673 3024 1787 3055 Cicero
1815 3023 1930 3054 urbem
1960 3034 2026 3053 non

274 3090 455 3121 accessisse,
479 3089 558 3119 mihi
584 3089 680 3128 plane
705 3087 923 3118 necessarium
948 3096 1017 3116 esse
1040 3086 1127 3115 vide-
1150 3069 1153 3110 l
1176 3080 1351 3116 ingressus,
1376 3080 1430 3109 sed
1466 3079 1497 3109 111
1530 3077 1631 3108 hortis
1660 3076 1725 3107 illis
1757 3086 1892 3105 manens
1921 3076 2027 3106 elude-

272 3148 332 3171 tur.
380 3142 547 3172 incertum
570 3147 617 3171 est
640 3141 731 3170 vuius
762 3140 882 3169 mensis
911 3140 990 3169 Idus
1019 3139 1125 3168 (1101111-
1152 3150 1153 3159 ¹
1179 3134 1230 3163 bat
1253 3133 1344 3162 illud·
