2117 3533
260 136 348 179 204

829 311 1002 354 XVIII.
1067 312 1117 364 (A

661 137 745 178 EP.
779 135 855 177 AD
887 135 934 176 Τ.
968 133 1319 176 POMPONIUM
1351 133 1616 176 ATTICUM.

1159 311 1205 352 U.
1242 310 1287 353 0.
1325 311 1442 365 700.)

325 431 364 469 1.
398 425 692 477 ÷÷÷÷÷÷÷÷Nunffi
727 427 753 471 †
785 430 832 467 ut
865 425 1096 480 opinionem
1127 423 1275 466 habeas
1307 440 1454 476 rerum,
1489 423 1697 465 ferendum
1731 428 1805 465 est.
1847 423 2018 475 Quaeris

259 516 333 556 ego
365 515 427 540 me
461 503 507 540 ut
539 499 754 554 gesserim?
788 499 1027 540 Constanter
1061 501 1100 537 et
1129 496 1266 538 libere.
1301 497 1411 548 Quid
1443 496 1525 547 ille,
1557 496 1730 550 inquies,
1764 500 1812 536 ut
1842 494 2019 536 ferebat?

261 572 504 615 Humaniter
537 588 727 627 meaeque
761 571 985 626 dignitatis,
1033 570 1165 624 quoad
1197 570 1298 610 mihi
1343 569 1592 611 satisfactum
1633 573 1749 619 esset,
1794 567 2019 609 habendam

225 662 239 687 5
261 646 339 688 sibi
370 645 567 686 rationem
599 644 782 699 putabat.
817 644 908 695 Quo
941 642 1060 683 modo
1094 656 1187 696 ergo
1218 641 1453 683 absolutus?
1488 641 1664 683 Omnino
1699 641 1724 684 †
1748 635 2023 684 HOPFIA

261 716 535 761 IIYMNA:
569 721 846 758 accusatorum
878 714 1128 756 incredibilis
1160 713 1347 763 infantia,
1389 713 1431 754 id
1465 717 1538 764 est,
1573 713 1619 754 L.
1650 712 1829 763 Lentuli,
1875 712 1922 753 L.
1957 712 2020 763 F„

262 807 381 848 quem
413 791 590 833 fremunt
622 806 758 832 omnes
790 788 1122 845 praevaricatum,
1157 786 1302 828 deinde
1335 786 1518 841 Pompeii
1550 785 1651 826 mira
1673 784 1892 835 contentio,
1915 783 2021 824 iudi-

261 881 355 907 cum
388 864 536 906 sordes.
570 865 762 905 Attamen
797 874 943 903 XXXII.
977 859 1308 908 condemnarunt,
1343 871 1522 899 xxan.
1558 856 1829 899 absolverunt.
1862 855 2022 897 Iudicia

261 938 414 993 reliqua
445 936 702 992 impendent;
736 934 918 976 nondum
952 936 1012 974 est
1043 932 1160 987 plane
1193 930 1418 986 expeditus.
1455 933 1495 971 2.
1529 930 1670 971 Dices:
1705 929 1767 970 Tu
1800 943 1893 983 ergo
1924 927 2022 969 haec

304 1109 324 1139 2
346 1107 445 1145 Nunc,
468 1109 502 1137 ut
524 1105 696 1146 opinionem
718 1105 834 1136 habeas
856 1108 916 1136 cet.
938 1108 1097 1144 tanquam
1120 1112 1138 1134 a
1161 1101 1320 1135 Cicerone
1341 1101 1470 1141 scripta.

305 1255 521 1296 Componitur
544 1263 587 1285 ex
610 1253 660 1290 iis,
683 1261 766 1293 quae
790 1252 947 1291 leguntur
969 1250 1004 1280 in
1028 1248 1118 1282 Orel-

264 1309 301 1341 lii
323 1308 413 1340 editt.
437 1307 498 1347 Ep.
521 1306 570 1343 16,
595 1306 613 1345 ξ
638 1305 740 1336 9-12
763 1309 795 1335 et
817 1313 867 1344 ep.
890 1302 939 1339 17,
965 1303 983 1343 ξ
1006 1304 1035 1333 3.

305 1364 323 1403 ξ
347 1363 375 1393 1.
400 1363 443 1382 **
455 1362 497 1381 **
511 1359 611 1396 Nune,
634 1361 668 1389 ut
684 1358 856 1399 opinionem
875 1357 990 1387 habeas
1006 1366 1118 1392 rerum,

254 1415 424 1458 ferendum
446 1416 503 1446 est.
533 1413 712 1445 Manifesto
735 1412 873 1453 epistola
902 1420 968 1441 non
999 1409 1120 1449 incepit

263 1472 305 1502 ab
325 1470 377 1501 his
400 1469 518 1505 verbis,
542 1477 624 1509 quae
647 1467 715 1507 ipsa
734 1466 827 1497 foede
843 1469 994 1505 corrupta
1008 1464 1120 1494 viden-

263 1530 325 1556 tur.
348 1524 435 1554 Nam
458 1522 484 1553 si
508 1521 622 1553 Cicero
644 1521 706 1550 hoc
722 1519 828 1550 dicere
841 1518 1008 1554 voluisset,
1032 1517 1119 1557 quod

265 1577 429 1610 Corradus
452 1586 494 1607 ex
517 1575 557 1605 iis
580 1573 771 1605 extricavit:
799 1586 812 1598 u
823 1577 858 1602 ut
880 1581 989 1602 meam
1010 1571 1050 1601 de
1073 1579 1119 1600 re-

264 1631 332 1667 bus,
362 1638 446 1670 quae
474 1628 528 1658 hic
550 1628 645 1663 fiunt,
669 1625 860 1666 opinionem
890 1624 995 1654 scias''
1025 1622 1120 1652 aliter

263 1683 452 1724 scripsisset.
485 1681 598 1720 Quum
627 1668 738 1710 autem
761 1679 823 1709 hoc
846 1678 918 1708 loco
941 1680 1058 1717 agatur
1079 1676 1120 1706 de

264 1736 384 1768 iudicio
414 1734 601 1771 maiestatis,
639 1742 704 1773 quo
741 1732 783 1762 A.
813 1730 973 1762 Gabinius
1005 1734 1120 1760 contra

264 1790 415 1822 omnium
438 1788 629 1829 opinionem
652 1786 819 1816 absolutus
842 1789 898 1821 est,
922 1782 1119 1814 110111011ῦο-

268 1846 351 1877 binii
378 1844 556 1876 desiderari
582 1853 649 1874 non
678 1851 783 1882 posse,
812 1840 996 1871 Lambinus
1027 1838 1120 1869 intel-

267 1899 359 1935 lexit,
383 1898 577 1929 emendans:
614 1895 705 1925 Nunc
737 1894 777 1924 Ile
809 1892 940 1924 Gabinio
969 1891 1120 1922 absoluto.

275 1952 385 1983 Verum
398 1950 569 1991 ferendum
592 1950 648 1980 est.
672 1947 874 1979 Gronovius:
900 1946 990 1976 Nunc
1005 1947 1039 1975 ut
1058 1944 1120 1975 Ga-

267 2005 351 2037 binio
383 2015 445 2035 rem
474 2002 561 2033 vides
589 2004 706 2039 natam,
737 1999 907 2041 ferendum
937 2001 992 2029 est.
1029 1998 1122 2029 Haec

268 2069 335 2091 non
365 2058 502 2089 omnino
530 2056 669 2097 placent.
704 2055 858 2086 Aliorum
891 2052 1013 2084 iudicio
1036 2062 1122 2083 com-

269 2111 399 2148 mendo,
430 2110 517 2150 quod
540 2108 623 2139 mihi
644 2118 663 2138 a
684 2117 763 2138 vero
785 2106 916 2147 propius
939 2105 1051 2136 abesse
1076 2105 1122 2135 vi-

267 2165 376 2196 detur:
400 2162 491 2193 Nunc
513 2161 552 2192 de
565 2159 708 2191 Gabinio.
724 2158 993 2192 Stomaclcaberis:
1016 2165 1121 2189 verum

257 2216 428 2258 ferendum
453 2217 509 2246 est.
533 2214 598 2252 Sic,
621 2214 747 2255 opinor,
777 2223 843 2244 non
875 2213 1012 2243 obscure
1041 2211 1122 2242 desi-

267 2276 396 2311 gnatur,
419 2269 475 2310 qui
497 2268 595 2299 fuerit
617 2267 731 2298 iudicii
754 2267 873 2298 exitus.
911 2266 960 2296 De
989 2269 1057 2296 tota
1088 2274 1122 2295 re

266 2325 331 2356 vid.
363 2325 403 2355 ad
427 2324 469 2362 Q.
492 2323 530 2354 fr.
553 2323 619 2354 ΙΙΙ.
648 2322 676 2359 1,
700 2323 756 2358 15;
788 2322 816 2358 2,
840 2321 857 2351 1
881 2330 945 2361 sq.;
975 2321 1004 2356 3,
1027 2320 1061 2356 3;
1093 2321 1121 2357 4,

267 2379 358 2409 1-4.

307 2430 371 2461 Ille
392 2448 434 2453 ——
456 2428 660 2470 miserebat?
682 2438 715 2459 οι
740 2427 907 2468 (11101110ᾶο
930 2425 1119 2466 Pompeius,

267 2486 323 2527 qui
355 2485 497 2516 Gabinio
526 2485 643 2521 studet,
673 2483 736 2514 hoc
771 2481 872 2513 tulit?
906 2481 956 2512 De
986 2480 1123 2520 Pompei

267 2537 378 2569 animo
401 2537 467 2567 vid.
490 2538 530 2567 ad
552 2536 594 2574 Q.
617 2536 656 2566 fr.
679 2536 743 2566 ΙΙΙ.
768 2536 795 2571 1,
820 2535 877 2565 15:
914 2532 1079 2573 Pompeius
1101 2543 1120 2562 a

267 2600 313 2621 me
335 2589 427 2620 valde
448 2587 608 2619 contendit
631 2587 669 2618 de
692 2587 796 2618 reditu
818 2587 852 2617 in
875 2584 1033 2626 [χναίέαφης
1068 2584 1125 2615 sed

268 2642 372 2674 adhue
394 2641 477 2672 nihil
490 2640 629 2681 profecit
653 2650 719 2676 nec,
742 2638 770 2668 si
784 2639 878 2669 ullum
892 2640 1019 2678 partem
1034 2637 1123 2668 liber-

268 2695 346 2726 talis
368 2694 485 2731 tenebo,
503 2692 660 2734 proficiet.
684 2692 762 2722 ibid.
786 2692 814 2729 2,
839 2692 874 2721 2:
899 2690 964 2731 qu
981 2692 1069 2721 teneo
1086 2690 1124 2720 ab

268 2746 446 2779 acmcsando
469 2745 641 2786 (Gabinio)
673 2744 726 2774 viz
748 2754 804 2780 me,
827 2744 964 2780 hercule,
994 2742 1050 2774 secl
1079 2745 1125 2772 la-

269 2810 337 2831 men
352 2802 441 2830 teneo
456 2798 506 2829 vel
520 2797 602 2839 quod
614 2797 685 2827 nolo
701 2807 767 2827 eum
785 2796 927 2836 Pompeio
931 2805 1076 2836 qunare
1088 2814 1127 2817 —

270 2854 319 2885 vel
339 2853 421 2894 quod
446 2851 567 2883 iudices
597 2851 701 2882 nullos
729 2850 884 2882 babemus.
913 2849 963 2881 Cf.
993 2858 1123 2890 quoque

270 2917 319 2948 ep.
342 2909 371 2945 4,
394 2908 414 2938 2
435 2911 467 2938 et
490 2905 578 2938 Orat.
601 2915 632 2945 p.
653 2905 735 2936 Rab.
752 2904 841 2935 Post.
859 2904 909 2934 19.
932 2902 1124 2935 Ciceronem

270 2961 304 2991 in
333 2960 392 2990 illa
420 2969 518 2991 causa
551 2959 698 2989 oratione
728 2962 883 2998 perpetua
916 2965 1124 2997 oppugnasse

270 3012 458 3050 Gabinium,
482 3022 582 3052 quem
604 3012 724 3042 deinde
753 3011 787 3041 in
817 3010 938 3041 iudicio
967 3011 1007 3041 de
1036 3019 1124 3050 repe-

274 3065 384 3096 tundis
406 3064 561 3102 defendit,
586 3074 603 3096 e
626 3064 835 3103 Quintiliano
850 3064 877 3094 I.
893 3062 931 3095 O.
946 3062 1010 3094 XI.
1028 3063 1056 3100 1,
1075 3061 1124 3099 73,

274 3127 316 3149 ne
338 3117 410 3158 quis
432 3117 559 3155 efficiat,
589 3116 740 3157 inspiciat
761 3115 801 3147 ad
825 3116 867 3155 Q.
890 3115 928 3146 fr.
950 3115 1014 3154 111,
1044 3116 1072 3153 9,
1096 3114 1123 3153 1,

1168 1247 1225 1278 ubi
1248 1247 1288 1278 de
1310 1255 1345 1278 se
1367 1251 1400 1278 et
1430 1245 1488 1276 illa
1517 1254 1615 1275 causa
1643 1243 1772 1275 scribit:
1806 1242 1906 1274 Testis
1936 1243 2023 1273 velze-

1168 1309 1252 1330 mens
1265 1298 1339 1339 fui;
1357 1300 1528 1338 praeterea
1551 1296 1662 1338 quievi.
1687 1296 1739 1328 Cf.
1762 1296 1839 1326 ibid.
1862 1296 1928 1326 111.
1943 1297 1972 1332 4,
1994 1296 2022 1326 3.

1213 1350 1370 1390 Omnino†
1384 1351 1546 1382 ΠΟΡΓΙΑ
1565 1350 1718 1381 ΠΥΜΝΑ
1730 1370 1738 1379 .
1758 1348 1813 1380 Sic
1831 1349 1919 1380 Med.
1933 1347 2024 1380 Orel-

1168 1409 1232 1440 lius
1256 1409 1414 1440 intactam
1437 1408 1576 1439 afferens
1599 1408 1669 1438 cod.
1693 1407 1724 1437 Y
1748 1406 1944 1446 scripturam
1976 1415 2024 1436 os-

1169 1463 1275 1494 tendit
1298 1462 1360 1493 sibi
1383 1473 1449 1493 non
1473 1461 1603 1502 probari
1626 1461 1719 1492 Bosii
1748 1459 2024 1496 emendationem,

1169 1528 1268 1558 quam
1290 1517 1473 1548 Lambinus
1496 1517 1650 1547 omnibus
1682 1515 1831 1546 omnium
1861 1514 2025 1545 coniectu-

1168 1572 1212 1602 ris
1235 1572 1464 1611 anteponebat.
1488 1570 1610 1601 Bosius
1633 1570 1723 1601 enim
1746 1569 1881 1609 putabat
1897 1578 2024 1599 accusa-

1168 1630 1253 1655 tores
1276 1623 1433 1664 appellari
1455 1623 1602 1667 γοργεῖα
1628 1620 1758 1667 γυμνά,
1783 1622 1891 1652 larvas
1912 1620 2024 1658 nudas,

1168 1682 1255 1721 quod
1277 1680 1362 1711 nihil
1385 1679 1449 1710 nisi
1471 1680 1605 1710 inanem
1627 1684 1785 1710 terrorem
1808 1687 1884 1718 prae
1907 1687 1941 1708 se
1963 1676 2023 1708 fer-

1169 1738 1252 1764 rent.
1288 1732 1511 1770 Quantumvis
1546 1732 1689 1763 rationes
1733 1730 2025 1771 palaeographicae

1169 1787 1351 1819 Bosianam
1365 1786 1591 1817 coniecturam
1608 1785 1851 1822 commendent,
1866 1794 1933 1814 non
1952 1793 2024 1814 eam

1168 1847 1278 1873 tamen
1301 1840 1541 1880 amplectimur.
1574 1839 1660 1870 Mihi
1684 1839 1717 1869 in
1740 1844 1887 1870 mentem
1916 1838 2023 1868 venit:

1172 1893 1300 1924 Omnino
1321 1886 1443 1937 πορεῖα
1471 1890 1595 1925 πυκνά.
1631 1892 1683 1922 Ita
1705 1891 1800 1932 plura
1821 1890 2024 1931 conspirasse

1168 1949 1321 1980 dicuntur
1357 1949 1398 1978 ad
1432 1948 1670 1978 absolvendum
1715 1945 1904 1982 Gabinium,
1941 1955 2024 1985 quae

1168 2001 1321 2040 deinceps
1350 2005 1593 2036 enumerantur,
1624 2000 1841 2029 accusatorum
1870 1997 2024 2037 infantia,

1169 2052 1308 2093 Pompeii
1330 2051 1498 2089 contentio,
1520 2052 1657 2082 iudicum
1678 2050 1797 2081 sordes.
1819 2050 1869 2081 De
1890 2050 1942 2080 his
1958 2049 2025 2080 vid.

1169 2106 1210 2136 ad
1233 2105 1275 2143 Q.
1298 2104 1335 2135 fr.
1359 2105 1425 2135 111.
1447 2105 1476 2141 4,
1502 2105 1528 2134 1.

1210 2158 1435 2188 Accusatorecm
1465 2176 1505 2179 —
1532 2157 1569 2187 id
1604 2158 1649 2187 est
1684 2156 1718 2186 L.
1750 2155 1887 2186 Lenlnli.
1924 2155 2024 2186 Recte

1169 2211 1345 2243 Schutzius
1367 2212 1430 2242 hoc
1446 2211 1602 2242 defendit.
1626 2209 1741 2241 Cicero
1765 2209 1908 2250 primum
1935 2218 2024 2239 accu-

1168 2267 1289 2295 satores
1311 2265 1455 2305 appellat
1483 2264 1666 2295 Lentulum
1695 2273 1770 2293 cum
1799 2262 2025 2302 subscriptori-

1171 2318 1230 2348 bus
1254 2318 1310 2356 (ad
1332 2316 1374 2355 Q.
1397 2316 1435 2347 fr.
1459 2317 1524 2347 III.
1547 2317 1576 2353 4,
1601 2316 1655 2354 1),
1670 2315 1787 2346 deinde
1803 2314 1947 2355 quasise
1961 2324 2028 2344 cor-

1169 2370 1280 2410 rigens
1304 2380 1380 2401 eum
1403 2369 1561 2406 nominat,
1583 2369 1676 2399 cuius
1699 2368 1823 2409 primae
1843 2367 1972 2398 fuerant
1992 2367 2026 2398 in

1170 2423 1354 2453 accusando
1385 2428 1502 2463 partes.
1541 2421 1622 2452 Erat
1651 2425 1760 2451 autem
1790 2424 1958 2450 accusator
1986 2419 2026 2450 L.

1170 2477 1305 2508 Lentuli
1334 2477 1476 2508 flaminis
1507 2486 1535 2507 a.
1566 2476 1626 2506 698
1655 2475 1775 2506 mortui
1797 2474 1893 2511 filius,
1922 2484 2019 2514 quem

1172 2532 1304 2563 Vettius
1327 2531 1407 2562 olim
1430 2530 1665 2562 coniurationis
1689 2530 1722 2560 in
1747 2529 1946 2569 Pompeium
1978 2528 2026 2559 in-

1172 2585 1351 2616 simularat.
1375 2585 1445 2616 Att.
1470 2585 1516 2615 11.
1539 2585 1588 2621 24,
1612 2585 1639 2614 2.
1667 2582 1800 2623 Pompeii
1822 2582 1979 2613 contentio
1993 2584 2025 2612 eb

1166 2648 1279 2679 preces
1301 2639 1335 2669 in
1358 2639 1418 2668 hac
1441 2648 1537 2668 causa
1560 2637 1775 2668 nominantur
1797 2636 1831 2666 in
1848 2645 1897 2676 ep.
1918 2635 1972 2666 cit.
1985 2636 2026 2666 ad

1174 2692 1215 2729 Q.
1238 2690 1276 2721 fr.
1299 2695 1331 2721 et
1353 2690 1435 2720 nihil
1456 2690 1512 2720 illo
1536 2690 1665 2720 consilio
1687 2688 1856 2719 sordidius.

1214 2742 1345 2773 XXXII
1364 2742 1621 2780 condemnarunt,
1651 2740 1792 2771 XXXIX
1818 2740 2027 2771 absolverunt.

1173 2796 1213 2826 ad
1238 2795 1279 2833 Q.
1302 2795 1338 2825 fr.
1363 2795 1383 2826 1.
1403 2795 1456 2825 cit.
1471 2793 1641 2825 Sententiis
1654 2792 1876 2824 condemnatus
1889 2790 2027 2829 XXXII,

1173 2857 1239 2878 cum
1262 2846 1353 2877 LXX
1372 2847 1530 2877 tulissent.

1215 2899 1341 2930 Iudicia
1364 2899 1485 2940 reliqua
1508 2899 1548 2930 de
1571 2897 1772 2938 repetundis,
1795 2907 1859 2938 qua
1881 2897 1915 2927 in
1931 2906 2027 2927 causa

1172 2957 1220 2983 tot
1250 2952 1421 2983 hominem
1453 2960 1604 2982 accusare
1634 2950 1800 2986 volebant,
1837 2954 1873 2979 ut
1901 2949 2026 2979 divina-

1173 3005 1262 3036 tione
1284 3015 1366 3046 opus
1389 3010 1472 3036 esset
1494 3005 1535 3035 ad
1566 3005 1606 3042 Q.
1632 3003 1669 3033 fr.
1700 3003 1766 3033 ΙΙΙ.
1798 3003 1826 3039 1,
1858 3003 1905 3032 15.
1938 3002 1966 3039 2,
1998 3003 2026 3032 1.

1172 3059 1392 3100 Eundemque
1413 3060 1453 3091 de
1476 3058 1600 3090 ambitu
1626 3067 1718 3088 reum
1734 3056 1853 3088 fecerat
1868 3055 1906 3086 P.
1923 3056 2028 3093 Sulla,

1173 3111 1251 3142 ibid.
1274 3113 1302 3150 3,
1329 3113 1358 3143 2.
