2117 3533
758 141 865 184 LIB.
900 143 934 183 Ι.
969 142 1053 183 ΕΡ.
1090 142 1161 181 13.
1786 136 1840 176 29

87 299 191 338 ceps,
225 298 275 323 ne
308 286 355 322 tu
386 280 486 321 forte
520 279 692 333 aliquem
724 282 907 319 nostrum
939 280 1055 332 putes
1091 299 1170 326 —-,
1204 278 1341 330 postea
1373 287 1457 314 rem
1490 287 1538 313 ex
1571 274 1732 312 senatus
1754 284 1845 310 0011-

88 355 192 397 sulto
225 354 275 396 ad
307 353 515 408 pontifices
547 351 712 392 relatam
745 349 867 404 idque
900 348 949 389 ab
982 349 1032 389 iis
1064 347 1175 389 nefas
1216 361 1300 387 esse
1345 345 1570 395 decretum,
1615 342 1759 384 deinde
1800 357 1849 383 ex

89 432 249 470 senatus
289 425 470 467 consulto
512 423 694 464 consules
734 422 982 477 roga-tionem
1016 420 1303 476 promulgasse,
1338 418 1453 459 uxori
1497 417 1706 458 Caesarem
1746 430 1849 456 nun-

89 500 191 541 tium
222 498 433 540 remisisse.
468 496 518 538 In
550 495 625 537 hac
659 511 777 537 eausa
810 495 904 536 Piso
938 493 1113 534 amicitia
1147 493 1194 533 P.
1229 491 1361 532 Clodii
1395 490 1541 530 ductus
1574 504 1734 545 operam
1765 487 1848 539 dat,

90 578 136 614 ut
168 587 213 614 ea
246 571 414 626 rogatio,
450 584 569 624 quam
601 569 685 624 ipse
719 568 796 609 fert
829 573 868 609 et
901 567 977 609 fert
1010 582 1058 607 ex
1092 570 1253 607 senatus
1287 564 1469 606 consulto
1502 568 1542 605 et
1576 563 1624 603 (10
1643 562 1849 616 religione,
1883 573 1897 598 ⁵

92 770 160 802 Cat.
182 769 246 800 III.
270 770 317 805 14,
341 768 397 808 qui
425 777 443 798 a
472 767 618 798 consiliis
647 767 687 797 de
718 776 783 807 rep.
816 776 849 798 se
881 768 949 807 ipse

93 827 266 859 removeat,
291 821 357 851 dici
378 820 462 851 nihil
487 824 639 859 agentem
661 829 735 849 eum
762 829 837 860 rep.,
850 824 885 849 ut
900 829 949 850 res

92 877 221 918 publica
242 884 300 917 per
321 870 596 920 προςωποποιΐαν
613 873 684 915 ipsa
706 873 844 904 consilia
866 873 950 904 inire

93 938 243 977 fingatur.

134 989 226 1019 Nihil
247 988 332 1019 mali.
355 988 474 1019 Abieci
496 988 547 1018 his
571 988 799 1028 interpositum
821 989 949 1023 metuas,

95 1042 181 1083 quod
203 1042 345 1081 glossam
367 1041 459 1081 sapit.
482 1040 569 1070 Nam
592 1049 705 1070 omnes
728 1039 855 1070 codices
871 1039 949 1075 noti,

95 1095 211 1136 quibus
234 1105 323 1125 nunc
346 1095 429 1124 addo
453 1095 533 1124 duos
554 1093 730 1134 Hispanos,
762 1094 841 1123 dant
870 1092 952 1122 m'ln‘l

94 1159 198 1190 speres
220 1148 305 1178 mali.
350 1147 499 1178 Verbum
520 1148 717 1187 cogitatione
739 1147 952 1186 repetendum

96 1203 182 1233 male
203 1202 401 1242 repetierunt
430 1201 555 1231 librarii
564 1215 570 1237 ς
603 1211 735 1237 novum,
767 1201 853 1240 quod
883 1209 952 1230 5011-

96 1258 217 1288 tentiae
253 1255 416 1291 convenit,
451 1260 563 1286 contra
603 1255 730 1286 codices
767 1255 954 1285 adiecerunt

98 1311 196 1351 primi
219 1311 368 1344 editores.
391 1313 522 1353 Sperare
545 1315 593 1341 est
616 1313 815 1349 exspectare.

139 1364 179 1394 In
202 1375 248 1396 me
262 1366 510 1405 perhonorificus
533 1375 566 1395 o:
592 1363 647 1404 qui
669 1362 848 1403 plurimum
873 1361 955 1392 mihi

97 1419 232 1449 honoris
253 1420 378 1450 tribuit.
402 1419 562 1451 Similiter
583 1418 628 1448 II.
648 1418 695 1453 18,
712 1417 727 1446 1
745 1414 955 1445 consalutatio

88 1472 232 1512 sorensis
246 1473 476 1514 22e)·l207207⁴ffiea
500 1472 635 1503 Curioni
658 1470 850 1510 impertitur.

144 1524 203 1565 Qui
226 1536 315 1556 mene.
338 1527 427 1557 Med.
451 1536 469 1556 a
490 1526 594 1566 prima
618 1534 717 1554 manu
730 1522 872 1552 habebat
886 1520 958 1562 quin

99 1578 196 1613 immo,
220 1580 306 1618 quod
328 1589 394 1609 non
418 1578 612 1609 Tullianum
634 1586 712 1613 esse,
744 1576 800 1606 sed
829 1574 959 1606 serioris

101 1632 222 1669 aetatis,
245 1643 327 1673 quae
356 1633 570 1664 delectaretur
598 1631 756 1662 similimn
784 1629 961 1660 verborum

101 1685 345 1716 coacervatione
381 1685 531 1715 observat
566 1683 718 1714 Handius
756 1682 852 1712 Turs.
896 1680 960 1711 III.

102 1747 131 1776 p.
155 1737 224 1767 233.
247 1737 358 1777 Atque
379 1737 411 1767 h.
435 1737 456 1767 l.
479 1746 520 1767 ne
543 1735 615 1777 quin
639 1744 720 1765 nunc
737 1734 870 1775 quidem
884 1732 960 1764 ferri

102 1800 204 1830 posse,
228 1800 329 1830 quum
353 1790 386 1821 in
409 1791 460 1821 his
483 1790 591 1821 verbis
614 1789 708 1819 nulla
730 1788 876 1828 gradatio
910 1787 959 1824 sit,

102 1843 229 1873 monuit
250 1843 506 1884 Wesenbergius
529 1843 669 1874 Emend.
692 1852 722 1882 p.
747 1842 816 1872 123.
861 1841 961 1871 Falso

103 1902 211 1928 autem
233 1898 384 1929 consules
411 1898 523 1928 leviter
552 1898 637 1928 inter
666 1907 698 1927 se
729 1896 885 1927 dissidere
915 1895 961 1926 di-

102 1958 228 1983 cuntur.
251 1952 304 1983 Ex
327 1952 366 1983 iis
389 1962 470 1993 quae
493 1957 671 1992 sequuntur
693 1950 892 1981 contrarium
909 1960 960 1991 ap-

103 2010 202 2044 paret.
246 2004 354 2043 Quare
377 2015 443 2035 non
467 2005 612 2036 dubitavi
636 2005 745 2034 locum
767 2004 843 2034 dare
872 2012 961 2043 prae-

103 2058 208 2089 clarae
244 2059 465 2089 emendationi
496 2058 718 2098 Peerlkampii
753 2058 828 2094 mei,
858 2057 915 2097 qui
944 2067 961 2088 e

103 2112 259 2152 scriptura
281 2113 351 2142 cod.
374 2112 462 2142 Med.
486 2112 568 2142 eruit
590 2111 641 2152 qui
662 2121 742 2141 mmo
758 2121 828 2147 non,
843 2111 961 2142 deinde

104 2165 162 2195 sed
188 2166 334 2196 mutavit.
379 2165 414 2196 Si
445 2166 549 2196 maior
579 2170 661 2196 esset
691 2165 864 2195 auctoritas
893 2166 963 2195 cod.

105 2218 254 2257 Hispani,
276 2227 317 2249 ex
333 2227 371 2248 eo
387 2222 495 2258 posset
509 2218 622 2248 scribi:
640 2216 691 2257 qui
707 2226 763 2247 nee
777 2216 890 2247 leviter
904 2222 963 2247 cet.

146 2270 186 2299 Et
209 2280 316 2300 vereor
344 2280 382 2300 ne
405 2270 469 2306 boc,
494 2270 575 2310 quod
595 2269 743 2310 infectum
775 2272 830 2306 esi,
859 2272 964 2309 serpat

106 2322 237 2361 lonqins.
282 2322 457 2362 Perperam
478 2323 558 2353 haec
582 2323 682 2362 vulgo
712 2322 896 2353 referuntur
925 2322 965 2352 ad

105 2384 192 2404 sacra
217 2375 329 2405 Bonae
352 2374 439 2405 Deae
462 2375 592 2405 violata.
623 2375 730 2405 Immo
753 2379 961 2414 opponuntiu·

106 2427 153 2463 iis,
178 2437 259 2467 quae
281 2428 478 2467 praecedunt
500 2437 604 2468 neque
628 2429 669 2458 ab
691 2428 730 2458 iis
753 2428 867 2458 divelli
890 2437 960 2468 pos-

105 2484 189 2510 sunt.
234 2480 348 2510 Cicero
370 2480 479 2521 itaque
502 2481 580 2511 dicit
602 2491 635 2512 se
658 2481 773 2518 vereri,
796 2491 838 2512 ne
868 2481 960 2511 disci-

106 2535 195 2565 dium
218 2535 300 2565 illud
322 2536 374 2566 vel
397 2535 556 2566 dissensio
579 2537 664 2567 inter
685 2537 836 2567 consules
866 2546 962 2567 causa

107 2587 264 2619 Clodiana
286 2588 500 2628 ingravescat.
534 2589 718 2620 Verebatur
739 2595 847 2621 autem
870 2600 961 2631 prop-

107 2646 193 2671 terea
216 2641 302 2680 quod
324 2641 449 2671 exitum
479 2642 566 2672 illius
596 2643 782 2673 certaminis
811 2643 962 2684 reipubli-

107 2704 162 2726 cae
184 2695 403 2735 perniciosum
425 2696 535 2726 animo
558 2697 783 2737 prospiciebat,
813 2698 845 2728 id
875 2699 963 2737 quod

107 2759 187 2780 mox
208 2750 304 2790 plane
327 2750 477 2781 declarat.
499 2751 717 2782 Locutionem
738 2751 885 2791 infectum
901 2763 963 2783 ser-

102 2800 151 2841 pit
167 2802 324 2842 explicuit
339 2803 364 2832 I.
380 2802 417 2833 F.
433 2801 532 2834 Gron.
549 2804 589 2833 ad
603 2803 677 2834 Liv.
691 2803 843 2842 XXVII,
853 2806 901 2841 20,
915 2806 963 2836 12.

151 2855 168 2893 ξ
191 2856 219 2885 3.
246 2854 338 2895 Apud
361 2854 536 2886 Caesarem.
560 2856 630 2887 Vix
652 2862 737 2888 recte
759 2858 850 2889 abest
876 2869 963 2899 prae-

109 2917 229 2939 nomen
255 2908 295 2945 C.,
319 2909 405 2948 quod
427 2918 504 2940 sane
526 2909 623 2941 facile
645 2919 663 2940 a
685 2910 827 2942 librariis
857 2913 964 2943 omit-ti

110 2961 223 3001 potuit.

150 3017 248 3059 quue
261 3018 447 3059 sacrificium
461 3029 551 3061 quum
565 3019 701 3060 virgsines
720 3020 964 3053 instaurassent.

998 765 1160 805 gitimum.
1204 763 1252 795 Cf.
1276 763 1316 802 Q.
1339 762 1377 793 fr.
1400 762 1445 793 II.
1469 761 1497 799 6,
1520 763 1549 792 4.
1583 761 1656 791 Liv.
1680 759 1723 791 V.
1748 760 1785 790 19
1809 759 1853 789 in.

1003 818 1145 860 Viryiwes
1167 823 1275 849 autem
1297 821 1372 848 sunt
1401 815 1551 853 Vestales,
1575 824 1657 855 quae
1684 812 1855 854 aliquoties

999 872 1117 912 ἁπλῶς
1138 875 1183 904 ita
1205 877 1372 904 vocantur.
1398 870 1446 902 Cf.
1464 869 1530 902 Cic.
1548 869 1617 901 Cat.
1632 869 1696 900 III.
1715 868 1743 899 9.
1767 867 1856 898 Suet.

998 932 1094 963 Dom.
1118 933 1146 962 8.

1041 985 1231 1015 Mentionem
1253 1003 1295 1008 —-
1306 983 1443 1025 faciam.
1485 982 1694 1014 Mentionem
1722 979 1859 1011 alicuius

995 1041 1042 1071 rei
1066 1041 1098 1070 in
1123 1044 1237 1070 senatu
1259 1039 1364 1069 facere
1387 1037 1539 1067 omnibus
1562 1035 1767 1067 senatoribus
1798 1034 1860 1064 fuit

996 1093 1206 1134 permissuum
1230 1090 1350 1131 referre
1373 1089 1417 1119 ad
1438 1091 1582 1119 senatum
1605 1089 1635 1120 ei
1650 1092 1779 1118 tantum
1794 1096 1860 1117 ma-

1003 1145 1163 1186 gistratui,
1187 1144 1243 1184 qui
1266 1147 1415 1174 senatum
1441 1142 1593 1172 habebat.
1615 1159 1656 1163 —
1677 1140 1718 1179 Q.
1749 1139 1862 1171 Corni-

997 1199 1099 1234 ficius,
1123 1197 1178 1238 qui
1202 1198 1235 1227 in
1259 1206 1384 1226 annum
1406 1195 1464 1225 691
1489 1194 1696 1225 consulatum
1726 1193 1863 1233 petierat

1003 1251 1084 1291 (vid.
1115 1261 1164 1291 ep.
1196 1250 1223 1286 1,
1256 1250 1298 1290 1),
1329 1249 1458 1279 videtur
1486 1247 1586 1278 fuisse
1615 1246 1804 1287 praetorius,
1827 1250 1863 1275 ut

1001 1304 1116 1336 Cicero
1138 1302 1272 1343 aliquem
1297 1303 1434 1332 nostrum
1457 1301 1544 1331 dicat
1567 1300 1711 1340 aliquem
1741 1309 1758 1330 e
1789 1308 1863 1328 con-

1001 1357 1174 1388 sularibus.

1043 1409 1091 1439 Ne
1118 1410 1152 1439 tu
1175 1426 1216 1430 —
1230 1409 1324 1448 putes
1355 1417 1388 1437 o:
1418 1406 1480 1437 hoc
1509 1410 1679 1446 propterea
1709 1404 1791 1440 dico,
1823 1412 1865 1433 ne

1003 1467 1038 1493 tu
1059 1480 1101 1485 —
1122 1466 1224 1502 putes.
1261 1461 1310 1491 De
1334 1470 1398 1500 quo
1422 1459 1567 1499 elliptico
1590 1457 1721 1488 dicendi
1745 1464 1865 1496 genere

1004 1516 1134 1547 monuit
1155 1516 1267 1546 Madv.
1291 1514 1332 1544 ad
1355 1513 1421 1544 Cic.
1445 1512 1519 1542 Fin.
1543 1512 1587 1542 ΙΙ.
1612 1510 1660 1543 77.

1047 1569 1099 1600 Ad
1112 1568 1287 1610 pom'ifiees.
1323 1567 1511 1607 Collegium
1533 1566 1725 1606 pontific-iun
1747 1565 1865 1595 iudica-

1007 1623 1061 1653 bat
1083 1623 1122 1653 de
1146 1621 1298 1652 omnibus
1321 1619 1435 1656 causis,
1460 1628 1543 1659 quae
1567 1618 1607 1648 ad
1637 1627 1728 1648 sacra
1758 1622 1789 1647 et
1818 1626 1864 1648 re-

1006 1675 1166 1715 ligionem
1188 1673 1406 1714 pertinebant.
1429 1672 1584 1711 Ineptum
1606 1670 1866 1700 additamentum

1007 1729 1077 1759 cod.
1100 1728 1125 1758 Z
1149 1731 1179 1758 et
1202 1726 1290 1756 Med.
1313 1725 1356 1755 acl
1377 1723 1513 1764 viv-fines
1537 1725 1628 1764 alque
1644 1721 1819 1764 pontzfiees,
1848 1732 1866 1752 a

1008 1781 1194 1821 Malaspina
1224 1780 1361 1819 aliisque
1395 1778 1561 1813 reiectum,
1599 1777 1731 1806 infirmo
1772 1785 1864 1815 argu-

1008 1841 1119 1867 mento
1151 1834 1269 1865 frustra
1297 1832 1444 1864 defendit
1470 1832 1682 1862 Meutznerus
1712 1830 1745 1860 in
1775 1829 1864 1859 Diar.

1007 1890 1124 1929 Antiq.
1147 1888 1227 1919 anni
1248 1886 1337 1924 1837,
1360 1897 1390 1927 1).
1414 1887 1484 1916 433.

1049 1941 1254 1982 Royationem
1268 1939 1485 1980 promulyasse
1514 1951 1527 1963 n
1538 1942 1573 1967 ut
1604 1936 1762 1967 iudicium
1794 1935 1866 1976 [ex-

1007 1993 1276 2033 traordinarium]
1299 1993 1339 2023 de
1368 1992 1501 2033 pollutis
1530 1991 1628 2022 sacris
1657 1989 1865 2021 constituere-

1008 2055 1069 2079 tur.
1113 2047 1162 2079 Cf.
1186 2056 1234 2087 ep.
1257 2047 1345 2086 seq.'’'
1370 2044 1537 2076 Corradus.

1055 2100 1149 2132 Uxori
1174 2099 1337 2130 Caesarem
1362 2098 1503 2129 nuntium
1533 2096 1700 2127 remisisse.
1738 2095 1787 2127 Cf.
1817 2104 1866 2136 ep.

1010 2156 1058 2191 12,
1082 2156 1110 2185 3.
1134 2153 1301 2184 Plutarch.
1326 2153 1359 2182 in
1384 2151 1450 2183 Cic.
1475 2152 1523 2188 28,
1548 2151 1581 2181 in
1606 2150 1697 2182 Caes.
1722 2150 1770 2181 10.

1051 2207 1133 2238 Boni
1157 2205 1217 2236 viri
1240 2211 1271 2236 et
1292 2205 1423 2245 optimus
1445 2205 1570 2246 quisque
1592 2213 1687 2243 saepe
1716 2203 1868 2233 dicuntur

1009 2261 1190 2301 optimateS,
1213 2259 1363 2299 publicae
1386 2259 1499 2289 salutis
1522 2257 1657 2288 studiosi
1675 2262 1705 2287 et
1719 2255 1869 2297 populari

1010 2315 1133 2346 levitati
1157 2317 1374 2352 adversanteS,
1405 2313 1435 2348 οἱ
1464 2310 1614 2362 ἄριστοι.
1647 2314 1695 2346 Cf.
1731 2315 1868 2346 Beierus

1010 2376 1050 2405 ad
1073 2374 1139 2405 Cic.
1164 2374 1226 2406 Off.
1249 2375 1294 2405 H.
1317 2376 1367 2405 43.

1051 2427 1204 2469 Lyemyez'
1224 2438 1256 2458 o:
1281 2428 1315 2459 in
1332 2429 1553 2468 oppugnando
1567 2428 1702 2458 homine
1719 2428 1868 2469 improbo

1011 2490 1109 2517 acres,
1140 2481 1245 2520 qualis
1278 2480 1339 2511 fuit
1366 2481 1547 2521 Lycurgus,
1585 2485 1692 2511 orator
1726 2481 1867 2518 Atticus,

1012 2543 1110 2574 quem
1133 2532 1247 2564 Cicero
1270 2533 1304 2563 in
1334 2533 1437 2564 Bruto
1470 2534 1529 2564 130
1559 2532 1752 2564 invidiosius
1780 2543 1867 2564 accu-

1011 2586 1161 2617 salionem
1185 2585 1359 2626 saclilasse
1394 2587 1515 2624 scribit,
1552 2586 1715 2617 Diodorus
1759 2592 1868 2618 autem

1013 2641 1109 2672 XVI.
1133 2643 1172 2672 88
1195 2639 1401 2690 πικρότατον
1427 2644 1617 2688 κατήγορον
1641 2643 1791 2684 appellat.
1818 2641 1867 2673 Cf.

1013 2705 1139 2740 praeter
1161 2699 1258 2730 Dion.
1280 2700 1389 2730 Halic.
1406 2705 1437 2731 et
1452 2700 1665 2732 Plutarchum
1679 2701 1723 2742 (p.
1739 2702 1798 2731 841
1812 2701 1867 2740 D),

1014 2763 1094 2793 quos
1130 2753 1242 2783 citavit
1277 2753 1404 2790 Rosius,
1441 2754 1659 2784 Ammianum
1690 2754 1808 2785 XXII.
1839 2754 1868 2785 9.

1014 2806 1129 2837 XXX.
1153 2808 1181 2837 8.
1204 2826 1245 2829 ——
1266 2807 1306 2838 In
1330 2808 1437 2839 verbis
1460 2808 1511 2849 qm*
1532 2826 1573 2831 —-
1585 2807 1762 2847 ficissemus
1782 2808 1869 2848 cogi-

1012 2861 1135 2891 tatione
1166 2861 1279 2891 addas:
1309 2860 1338 2890 sz'
1370 2860 1496 2891 Clodius
1523 2861 1630 2891 statim
1663 2871 1735 2892 reu-s·
1756 2860 1870 2901 factus

1014 2916 1095 2945 esset
1118 2918 1172 2944 aut
1194 2914 1318 2955 aliquid
1340 2914 1509 2945 eiusmodi.

1061 2966 1184 3004 Vereor,
1207 2977 1245 2998 ne
1265 2968 1343 2998 haec
1364 2986 1406 2991 ——
1426 2978 1522 2998 eausa
1544 2967 1596 2999 sit.
1631 2968 1785 3009 Plerique
1807 2967 1871 2999 sint

1015 3032 1058 3054 ex
1080 3022 1213 3062 antiqua
1242 3022 1452 3054 correctione.
1497 3021 1552 3059 Sit,
1582 3032 1649 3053 non
1678 3028 1808 3054 tantum
1837 3023 1870 3054 in

115 3071 226 3110 Quum
247 3082 338 3103 sacra
359 3074 484 3114 polluta
513 3079 628 3112 essent,
652 3075 760 3106 denuo
795 3081 886 3108 crant
922 3076 965 3107 fa·
990 3091 992 3111 ι
1015 3075 1114 3112 Μο(1.,
1137 3075 1233 3106 seda
1261 3075 1376 3106 Lamb.
1407 3075 1441 3106 in
1470 3075 1495 3106 Z
1524 3081 1697 3116 repertum,
1727 3075 1873 3107 defendit

113 3125 243 3163 cienda;
268 3135 330 3166 qua
353 3127 386 3158 in
409 3136 443 3158 re
471 3126 655 3159 instaurare
683 3133 730 3160 est
759 3129 894 3161 verbum
923 3130 966 3162 le-

991 3114 994 3179 1
1015 3129 1283 3170 IVesenbexgius,
1306 3129 1444 3162 Emend.
1467 3139 1497 3171 p.
1521 3128 1559 3163 75
1583 3130 1711 3162 numeri
1733 3130 1873 3171 quadam
