2117 3533
779 145 885 187 LIB.
920 145 955 186 I.
988 145 1073 186 ΕΡ.
1110 145 1179 185 16.
1798 142 1851 182 47

92 281 259 327 blicam.
328 282 398 321 13.
431 281 563 322 Lurco
596 284 728 320 autem
769 278 958 319 tribunus
1000 278 1069 333 pl„
1111 278 1137 321 †
1176 277 1246 331 qui
1285 277 1565 331 magistratum
1605 276 1725 317 simul
1765 291 1855 316 cum

99 353 185 406 lege
217 352 333 393 Aelia
365 354 471 403 iniit,
507 353 660 394 solutus
694 356 754 392 est
787 356 827 392 et
859 351 974 392 Aelia
1006 356 1047 392 et
1079 351 1205 401 Fufia,
1242 355 1288 390 ut
1312 350 1441 404 legem
1465 349 1512 390 de
1537 349 1692 391 ambitu
1714 350 1834 390 ferret
1845 367 1855 399 3

100 440 218 480 quam
251 424 317 465 ille
351 424 456 466 bono
490 425 667 480 auspicio
701 423 868 464 claudus
900 423 1019 463 1101110
1051 422 1333 478 promulgavit.
1400 422 1463 463 Ita
1496 422 1657 463 comitia
1690 422 1732 462 111
1766 428 1857 462 011130

100 498 205 539 (110111
238 511 299 539 VI.
334 499 427 539 Kal.
462 500 570 540 Sext.
606 498 729 539 dilata
763 502 870 538 sunt.
905 497 1013 537 Novi
1045 501 1106 537 est
1138 497 1180 536 in
1212 496 1299 549 lege
1334 496 1421 545 hoc,
1456 502 1502 535 ut
1534 496 1604 549 qui
1637 510 1780 535 numos
1814 495 1857 534 in

99 571 228 612 tribus
260 571 544 626 pronuntiarit,
580 571 613 611 si
656 585 738 611 11011
782 569 949 620 dederit,
993 569 1157 623 impune
1199 569 1273 619 sit3
1319 568 1381 609 5111
1423 567 1590 618 dederit,
1635 573 1681 608 1113
1726 565 1856 621 quoad
1889 581 1900 602 .-

99 644 208 684 vivat
241 643 410 698 singulis
443 643 631 684 tribubus
666 644 750 684 HS.
785 657 854 684 010
889 656 956 683 01¹.)
991 656 1060 683 010
1094 641 1251 682 (10100013.
1286 641 1382 681 Dixi
1416 640 1519 681 hanc
1551 641 1679 694 legem
1700 641 1747 680 P.
1768 639 1857 680 Clo—

99 715 211 757 dium
243 716 323 756 iam
357 722 448 757 ante
483 731 656 758 servasse
666 734 677 767 3
712 715 972 771 pronuntiare
1007 715 1113 755 enim
1147 714 1309 755 solitum
1342 729 1426 755 esse
1460 720 1500 754 et
1531 728 1611 754 non
1638 713 1744 753 dare.
1780 711 1858 753 Sed

98 789 197 830 heus
228 790 294 830 tu!
321 789 483 831 videsne
506 790 759 831 consulatum
781 789 895 830 11111111
918 792 1114 838 nostrum,
1140 803 1257 842 quem
1286 787 1407 828 Curio
1431 792 1547 827 ant-ea
1568 783 1859 828 ἀποθέωσιν

98 861 278 914 vocabat,
312 863 345 904 si
378 863 443 904 hic
476 863 605 904 factus
639 863 728 914 erit,
763 863 788 903 †
822 861 953 902 fabam
988 860 1152 901 minium
1188 860 1396 901 futurum?
1442 859 1590 910 Quare,
1624 863 1670 899 ut
1704 857 1858 912 opinor,

139 1050 157 1089 ἓ
181 1051 230 1081 13.
257 1049 318 1090 Qui
340 1051 558 1092 maqistratum
581 1051 674 1081 simul
695 1059 758 1080 cum
775 1050 842 1089 leffe
858 1049 951 1079 Aelia

94 1101 178 1132 iniit.
223 1103 331 1134 Locus
356 1104 475 1135 misere
506 1110 686 1143 corruptus,
717 1103 776 1133 etsi
804 1102 952 1141 Langius

96 1153 130 1183 in
154 1154 236 1195 disp.
258 1156 298 1187 de
328 1156 415 1196 legg.
438 1156 537 1186 Aelia
559 1161 590 1186 et
612 1155 707 1185 Fufia
729 1166 759 1195 p.
789 1156 829 1185 34
854 1155 953 1185 verba

96 1205 180 1236 hanc
204 1207 507 1248 interpretationem
531 1208 702 1238 admittere
724 1213 826 1248 putat,
849 1212 885 1237 ut
901 1206 953 1237 tri-

98 1258 204 1290 bunus
227 1261 270 1300 pl.
293 1262 524 1301 magistratum
547 1261 685 1300 augurio
705 1260 838 1291 caelesti
851 1259 955 1299 auspi-

100 1318 192 1343 catus
215 1322 284 1344 esse
306 1314 441 1350 dicatur,
464 1314 556 1344 cuius
580 1314 708 1353 augurii
731 1313 781 1343 ius
811 1322 853 1343 ex
883 1312 956 1351 lege

103 1366 195 1397 Aelia
216 1366 376 1398 habuerit.
405 1367 475 1398 Nee
497 1367 603 1397 multo
626 1367 721 1398 aliter
742 1367 956 1398 Meutznerus

102 1421 135 1452 in
158 1422 250 1453 Ann.
272 1423 387 1463 philol.
410 1423 430 1453 l.
454 1433 480 1453 0.
503 1433 533 1463 p.
565 1422 634 1453 163.
678 1422 860 1453 Bentivolii
889 1430 955 1451 sus-

101 1477 194 1517 picio,
218 1478 274 1518 qui
298 1478 414 1509 deletis
436 1478 487 1519 qui
517 1484 549 1509 et
571 1488 635 1508 cum
660 1478 726 1518 leffe
749 1476 841 1506 Aelia.
870 1477 956 1506 vole-

102 1531 155 1561 bat
178 1531 394 1572 Jaayz‘stratmt
417 1532 510 1562 simul
540 1532 587 1571 (ox
620 1531 711 1561 simul
741 1533 849 1571 nsque)
882 1530 955 1559 iniit

100 1590 132 1615 et
153 1584 299 1615 violenta
321 1590 369 1615 est
391 1591 423 1616 et
444 1585 602 1625 displicet,
633 1585 720 1625 quod
748 1584 856 1614 Lurco
886 1584 956 1614 51110

100 1637 200 1667 dubio
222 1648 289 1668 non
313 1638 422 1668 statim
446 1643 518 1677 post
541 1638 660 1668 initum
677 1637 881 1668 tribunatum
898 1637 955 1667 i.e.

100 1699 212 1721 mense
243 1690 414 1721 Decembr.
445 1700 472 1720 a.
504 1690 572 1726 6952,
602 1690 658 1720 sed
695 1699 784 1719 1111110
820 1689 954 1719 demum

100 1752 213 1773 mense
234 1743 333 1779 Maio,
357 1749 394 1773 ut
416 1742 553 1778 videtur,
580 1752 607 1772 a.
631 1742 690 1772 693
713 1742 786 1781 lege
809 1741 909 1772 Aelia
923 1747 955 1772 et

99 1795 194 1826 Fufia
216 1795 342 1826 solutus
365 1801 422 1826 est.
458 1794 512 1825 Fr.
534 1794 718 1825 Hofmanui
742 1794 881 1824 mutatio
903 1794 951 1824 iu-

98 1850 263 1880 simnlalus
290 1850 359 1890 [eye
387 1849 454 1879 alia
492 1850 651 1886 omniurn,
688 1859 768 1889 quas
797 1849 874 1886 vidi,
906 1855 954 1880 est

99 1903 332 1934 infelicissima.
355 1902 392 1933 Si
414 1903 448 1933 in
472 1912 505 1933 re
521 1903 689 1943 desperata
704 1902 829 1942 aliquid
843 1907 953 1932 tamen

100 1958 287 1987 audendum
304 1962 361 1993 est,
375 1956 527 1997 equidem
542 1956 697 1996 legerim:
716 1955 769 1996 qui
785 1955 950 1996 ›nce-(sistra-

99 2012 148 2041 ius
169 2010 262 2040 simul
284 2020 348 2041 cum
373 2010 440 2051 leye
465 2010 558 2040 Aelia
581 2009 710 2039 corruit.
740 2009 827 2039 Nam
851 2019 953 2049 quum

99 2063 156 2094 illa
178 2064 234 2094 lex
256 2064 396 2094 tribunis
419 2064 462 2104 pl.
486 2063 536 2093 ius
559 2064 598 2094 de
621 2063 712 2093 caelo
741 2063 893 2093 servandi
922 2068 954 2093 et

98 2118 316 2149 obnuntiandi
339 2119 506 2154 tribueret,
530 2127 607 2148 sane
622 2123 763 2158 potestas
779 2117 954 2148 tribunicia

99 2171 326 2203 infirmabatur
348 2172 421 2211 lege
444 2171 543 2202 Aelia
565 2172 704 2201 sublata.
718 2189 759 2192 —
779 2170 953 2201 Caeterum

100 2224 313 2256 casaubonus
349 2231 532 2266 opportune
569 2224 708 2261 monuit,
738 2225 798 2254 hoc
827 2224 953 2255 SCtum

99 2277 185 2308 bono
207 2278 354 2315 consilio,
383 2278 440 2308 sed
466 2278 608 2318 pessimo
637 2277 790 2317 exemplo
821 2276 953 2314 factum,

100 2331 223 2369 Clodio,
249 2333 387 2363 Vatinio
410 2338 442 2363 et
464 2332 537 2363 aliis
566 2332 705 2363 tribunis
734 2332 838 2372 plebis
866 2332 953 2362 viam

99 2385 270 2426 aperuisse,
301 2396 365 2426 qua
399 2386 564 2426 improbas
600 2385 690 2424 leges
727 2385 821 2414 nullo
856 2385 955 2425 impe-

99 2441 206 2473 diente
228 2442 360 2473 ferrent.
403 2441 595 2473 Ciceronem
620 2447 730 2472 autem
753 2441 809 2481 qui
832 2441 865 2471 in
889 2451 956 2471 ora—

101 2494 242 2525 tionibus
277 2495 372 2526 toties
406 2495 572 2525 invehitur
593 2494 627 2524 in
651 2503 714 2530 eos,
738 2504 756 2524 a
771 2494 890 2534 quibus
912 2494 955 2524 le-

98 2557 155 2588 ges
189 2549 289 2580 Aelia
323 2554 356 2580 et
396 2548 501 2585 Fufia,
537 2548 777 2589 propztymzcula
820 2547 956 2588 murique

98 2601 342 2643 tranquillitatis
364 2604 457 2642 atque
478 2601 536 2632 oriz·
559 2601 641 2641 (Pis.
664 2602 707 2640 9),
737 2611 815 2642 quae
843 2610 952 2640 Saepe-

99 2665 223 2687 numero
247 2655 429 2687 {ribmzz'ez'os
449 2658 581 2697 furores
608 2655 816 2686 debilitarunt
845 2658 874 2686 et
904 2664 952 2684 re-

92 2711 277 2748 presserunt
301 2708 430 2748 (Vatin.
455 2710 508 2749 18)
525 2718 656 2740 eversae
671 2715 757 2746 sunt,
772 2709 870 2739 huius
884 2719 954 2749 pec-

99 2762 162 2792 cati
185 2772 251 2792 non
274 2761 373 2793 fuisse
394 2762 594 2803 participem,
625 2772 667 2793 ex
696 2767 764 2793 toto
793 2762 854 2793 hoc
883 2763 955 2793 loeo

99 2814 274 2846 manifesto
296 2820 436 2856 apparet.
459 2815 508 2845 De
532 2815 661 2855 legibus
683 2815 784 2846 Aelia
806 2822 838 2846 et
860 2815 955 2846 Fufia

99 2868 178 2899 olim
201 2868 298 2899 multi
319 2868 541 2909 disputarunt;
565 2878 704 2908 quorum
724 2878 848 2900 errores
865 2869 956 2900 dissi-

97 2920 186 2960 pavit
207 2920 292 2951 Lud.
315 2920 463 2960 Langius
485 2930 553 2961 pec.
576 2930 694 2951 comm.
717 2931 745 2951 a.
762 2922 840 2951 1861
859 2922 956 2952 edita.

99 2973 132 3003 Is
161 2974 398 3004 demonstravit
425 2973 525 3004 fuisse
555 2974 644 3013 leges
671 2974 756 3004 circa
784 2984 811 3005 0.
840 2984 872 3005 11.
896 2974 956 3005 600

99 3025 180 3056 latas
203 3027 242 3057 de
265 3026 336 3057 iure
359 3032 391 3057 et
420 3032 565 3066 tempore
595 3026 707 3066 legum
736 3027 955 3066 rogandarum

99 3083 131 3108 et
159 3079 410 3119 magistratuum
445 3079 670 3109 creandorum.
708 3078 775 3109 Eae
804 3078 956 3119 impedie-

1000 1048 1116 1088 gandis
1138 1054 1284 1088 tempore
1307 1048 1415 1087 legem
1438 1047 1535 1078 ferret
1551 1047 1714 1077 tribunus.
1737 1045 1853 1085 Itaque

1001 1108 1037 1132 ut
1059 1102 1167 1141 legem
1190 1102 1297 1139 ferret,
1321 1107 1353 1132 et
1376 1102 1441 1132 illis
1465 1101 1594 1141 legibus
1617 1100 1701 1130 solvi
1715 1105 1747 1130 et
1762 1099 1859 1129 comi-

1002 1155 1047 1185 tia
1069 1155 1102 1185 in
1126 1155 1216 1185 aliud
1239 1160 1368 1195 tempus
1391 1154 1513 1185 differri
1536 1154 1711 1185 debebant.

1044 1207 1133 1237 Bono
1155 1207 1294 1247 auspicio
1317 1207 1450 1237 claudus
1472 1207 1568 1237 homo.
1614 1221 1627 1231 n
1638 1206 1767 1237 Malum
1791 1215 1860 1235 aus-

1003 1260 1125 1300 picium
1149 1265 1225 1296 erat,
1251 1260 1339 1300 quod
1355 1260 1463 1299 legem
1478 1260 1614 1290 claudus
1630 1259 1759 1289 ferreff'
1781 1258 1860 1288 Ern.

1003 1313 1049 1342 At
1085 1312 1161 1342 bono
1198 1312 1337 1351 auspicio
1373 1312 1481 1351 legem
1516 1311 1748 1352 promulgavit,
1785 1311 1860 1351 quia

1003 1374 1102 1395 1101110
1124 1365 1153 1396 01
1176 1364 1395 1395 obnuntiavit.
1417 1364 1491 1395 Lex
1512 1370 1622 1395 tamen
1646 1374 1713 1395 non
1730 1369 1779 1395 est
1792 1374 1862 1404 per-

1006 1418 1080 1454 lata,
1106 1427 1154 1458 ep.
1180 1418 1228 1454 18,
1253 1418 1281 1447 3.

1047 1471 1268 1501 Prommtiarit
1285 1481 1317 1501 o:
1348 1471 1543 1511 promiserit,
1575 1481 1656 1512 quos
1687 1477 1860 1512 postquam

1003 1530 1130 1556 creatus
1153 1530 1247 1561 esset,
1270 1525 1420 1555 solveret.
1450 1524 1565 1555 Plane.
1593 1526 1644 1555 45.
1675 1524 1716 1563 Q.
1746 1525 1784 1555 fr.
1814 1525 1861 1555 II.

1005 1579 1041 1609 15
1068 1579 1097 1608 b.
1119 1580 1149 1608 4.
1172 1577 1263 1609 Suet.
1287 1577 1379 1609 Caes.
1403 1579 1452 1608 19.

1049 1631 1161 1672 Quoad
1190 1631 1275 1661 vivat
1305 1641 1337 1661 o:
1368 1631 1525 1671 quamdiu
1559 1631 1641 1661 vivit
1671 1632 1857 1671 quotannis.

1047 1683 1242 1714 Cbnsulalzmz
1268 1683 1355 1713 illum
1380 1686 1528 1713 noslrum.
1564 1698 1576 1708 u
1590 1682 1691 1714 Curio
1713 1683 1861 1714 dictitare

1002 1737 1138 1773 solebat,
1161 1737 1264 1767 videri
1287 1736 1349 1766 sibi
1372 1746 1435 1772 005,
1460 1736 1517 1776 qui
1531 1737 1740 1767 consulatum
1754 1744 1863 1768 essent

1002 1790 1119 1831 adepti,
1142 1800 1245 1830 paene
1267 1790 1353 1821 Deos
1377 1799 1446 1821 esse
1469 1789 1571 1821 factos
1594 1796 1626 1821 et
1649 1790 1720 1821 Diis
1736 1792 1861 1831 pares.''

1002 1843 1225 1875 Casaubonus.

1043 1901 1059 1937 †
1075 1898 1188 1928 Fabam
1206 1898 1325 1928 mimum
1333 1898 1493 1938 surarum.
1515 1899 1650 1929 Retinui
1666 1899 1750 1929 hanc
1766 1900 1862 1939 scrip-

1003 1956 1118 1987 turam,
1142 1961 1241 1991 quam
1265 1950 1408 1981 Orellius
1431 1955 1579 1990 potuerat
1602 1951 1731 1981 munire
1755 1958 1861 1982 aucto-

1001 2004 1096 2034 ritate
1119 2004 1189 2033 cod.
1212 2003 1256 2039 Ζ.,
1281 2009 1362 2033 teste
1384 2003 1559 2033 Lambino.
1599 2003 1723 2034 Veram
1751 2009 1861 2034 tamen

1002 2066 1068 2086 non
1098 2061 1186 2096 puto,
1223 2055 1351 2086 etiamsi
1381 2055 1458 2086 satis
1487 2055 1658 2095 ingeniose
1689 2055 1861 2093 Corradus,

1001 2110 1195 2146 Lambinus,
1218 2108 1293 2140 Ger.
1316 2109 1455 2139 Vossius
1478 2110 1632 2150 suspicati
1655 2116 1732 2141 sunt
1746 2110 1860 2140 Fabam

1003 2171 1072 2193 esse
1095 2171 1217 2192 nomen
1240 2161 1323 2192 mimi
1346 2162 1403 2192 illo
1427 2168 1572 2202 tempore
1596 2163 1769 2193 notissimi.
1798 2163 1861 2193 Ne-

1002 2225 1065 2256 que
1089 2225 1131 2246 ex
1154 2215 1308 2246 undecim
1331 2216 1536 2252 coniecturis,
1555 2226 1635 2256 quas
1650 2217 1805 2257 descripsi
1819 2226 1861 2247 ex

1003 2270 1145 2300 editione
1167 2268 1299 2300 Graevii
1322 2275 1354 2300 et
1376 2269 1502 2306 Orellii‚
1524 2270 1595 2300 ulla
1611 2276 1666 2307 est,
1682 2281 1781 2311 quam
1796 2270 1861 2311 pal-

1003 2322 1139 2352 mariam
1169 2322 1276 2353 dicere
1306 2322 1422 2352 ausim.
1467 2321 1533 2352 Sed
1568 2322 1636 2352 veri
1672 2323 1862 2354 inveniendi

1004 2376 1091 2406 viam
1113 2376 1309 2406 monstravit
1331 2376 1460 2412 Bosius,
1484 2386 1587 2416 quum
1607 2376 1797 2408 defenderet
1819 2377 1862 2408 le-

1004 2428 1149 2468 gendum
1172 2438 1240 2459 esse
1253 2428 1365 2468 sabam
1390 2428 1490 2459 inicam.
1518 2428 1616 2459 Falso
1624 2443 1631 2465 ;
1656 2439 1733 2460 nam
1755 2439 1862 2470 neque

1006 2480 1097 2510 isram
1119 2491 1177 2520 pro
1199 2481 1326 2511 imorum
1350 2481 1545 2512 Tullianum
1568 2487 1625 2518 est,
1650 2492 1756 2523 neque
1786 2482 1862 2512 imos

1004 2534 1164 2574 posuisset
1186 2544 1244 2574 pro
1259 2533 1382 2574 inferi&
1404 2535 1453 2565 At
1468 2540 1555 2566 recte
1571 2535 1654 2565 vidit
1668 2535 1748 2566 haec
1763 2536 1863 2566 verba

1002 2588 1122 2629 opponi
1143 2591 1183 2637 τῇ
1212 2586 1425 2622 ἀποθέωσει.
1470 2589 1513 2619 Et
1535 2589 1597 2619 hoe
1626 2589 1790 2621 obtinebis
1820 2590 1862 2621 10-

1002 2649 1136 2679 vissima
1166 2648 1226 2678 1100
1248 2648 1449 2679 correctione
1463 2648 1577 2688 fabam
1606 2650 1749 2680 manium.
1793 2650 1862 2681 Fir-

1003 2709 1096 2734 mant
1124 2703 1210 2733 hanc
1242 2703 1474 2741 coniecturam,
1505 2714 1587 2745 quae
1615 2705 1656 2735 de
1684 2705 1777 2736 fabae
1800 2715 1861 2736 usu

1002 2757 1037 2787 in
1066 2756 1269 2797 parentando
1304 2756 1458 2787 manibus
1489 2757 1646 2797 leguntur
1674 2759 1759 2799 apud
1787 2758 1861 2789 Ovi-

1003 2812 1107 2848 dium,
1137 2810 1225 2841 Fast.
1256 2811 1298 2841 V.
1328 2812 1387 2842 435
1418 2821 1507 2852 seqq.
1551 2812 1700 2843 Plinium
1737 2813 1781 2843 H.
1820 2814 1862 2843 N.

1005 2865 1141 2896 XVIII.
1172 2865 1243 2895 118.
1267 2870 1297 2895 et
1316 2865 1348 2895 in
1363 2864 1460 2896 Pauli
1475 2866 1556 2897 Exc.
1572 2866 1658 2897 Fest.
1675 2877 1704 2907 p.
1718 2866 1767 2899 87.
1790 2868 1862 2898 Ali-

1004 2925 1052 2950 ter
1074 2924 1184 2949 autem
1207 2917 1316 2948 iudico
1338 2918 1378 2949 de
1397 2919 1505 2949 verbis
1521 2918 1664 2950 Senecae
1680 2919 1713 2950 in
1730 2920 1808 2951 ludo
1823 2921 1862 2952 de

1004 2977 1109 3003 morte
1132 2971 1263 3003 Claudii
1285 2981 1313 3002 c.
1336 2971 1364 3008 9,
1388 2982 1470 3012 quae
1493 2973 1534 3003 ad
1555 2973 1587 3003 h.
1611 2973 1632 3003 l.
1661 2973 1774 3005 citavit
1804 2973 1862 3005 Ca-

1005 3026 1181 3056 saubonus.
1203 3024 1253 3055 Ea
1274 3023 1447 3055 Fickertus
1470 3025 1556 3056 male
1579 3025 1625 3056 ita
1647 3026 1750 3058 dedit:
1771 3026 1860 3066 Olim,

1004 3078 1104 3119 inquit
1129 3077 1270 3118 (Ianus),
1294 3088 1407 3119 mayna
1425 3087 1475 3108 res
1491 3080 1560 3109 erat
1575 3079 1768 3121 deumfieri:
1788 3080 1861 3120 iam,

99 3130 186 3167 bant,
210 3141 275 3172 quo
297 3131 407 3162 minus
426 3131 632 3163 comitiorum
649 3131 894 3172 magistratibus
908 3142 957 3162 ro-
994 3131 1098 3171 firma,
1123 3130 1242 3162 >scincum
1254 3130 1379 3171 fecisti.
1422 3131 1461 3162 In
1485 3131 1616 3173 optimis
1639 3133 1731 3166 libris
1753 3134 1861 3166 scribi·
