2117 3533
242 195 272 221 x
953 182 1280 223 PRAEFATIO.

242 351 282 390 111
316 364 361 389 00
394 349 510 397 redit,
546 350 613 390 sed
648 365 747 404 quae
782 352 824 391 in
858 352 926 391 illo
945 351 1090 391 omissa
1114 357 1207 391 sunt
1230 354 1320 405 post
1341 349 1459 390 verba
1489 364 1562 390 non
1582 354 1782 390 servemur
1802 365 1992 402 maqmm,

241 434 282 474 in
316 433 391 474 hoc
424 433 584 474 aliunde
619 434 802 488 suppleta
836 438 944 475 sunt.

304 518 362 558 De
397 515 601 558 codicibus
634 516 776 558 harum
809 518 1066 573 epistolarum
1102 518 1295 559 Parisinis
1328 519 1507 560 nondum
1542 520 1638 559 satis
1659 519 1830 560 iudicari
1848 524 1993 574 potest.

241 601 380 643 0101111
412 606 554 655 rogatu
589 602 835 643 Hauthalius
868 603 1043 657 inspexit
1077 608 1261 657 quatuor,
1298 602 1366 644 sed
1398 618 1478 643 non
1512 603 1628 658 plane
1661 603 1703 643 in
1723 617 1792 644 sua
1821 603 1993 659 descrip-

240 687 348 727 tione
381 687 567 741 congruit
599 702 690 728 cum
726 688 972 738 Detlefseno‚
1008 689 1076 741 qui
1109 689 1151 730 in
1186 688 1474 743 disputatione,
1509 703 1609 742 quae
1641 688 1789 743 legitur
1821 688 1863 729 in
1910 689 1993 730 No·

241 773 300 814 vis
333 773 477 814 Annal.
512 772 657 814 Philol.
692 773 769 814 vol.
807 774 878 823 87,
914 789 952 828 p.
989 774 1230 814 551—573
1267 774 1443 829 quinque
1478 773 1634 814 codices
1667 788 1690 813 a
1722 788 1762 814 se
1796 774 1899 815 visos
1928 773 1994 814 de-

240 856 392 908 scribit,
427 857 470 898 in
505 857 650 910 quibus
685 863 745 898 est
779 857 902 898 codex
936 858 1005 898 lat.
1044 860 1177 908 8534,
1213 873 1330 913 quem
1364 873 1436 913 ego
1470 873 1627 913 quoque
1662 858 1755 898 olim
1803 857 1993 899 videram.

239 942 387 983 Contra
420 942 543 983 codex
580 945 712 993 8533,
748 958 864 997 quem
901 943 1147 984 Hauthalius
1182 949 1296 984 vocat
1328 945 1444 998 longe
1478 943 1880 998 praestantissimum,
1927 958 1993 984 110-

239 1042 314 1080 que
348 1041 370 1068 a
401 1041 477 1076 mv,
513 1041 639 1080 neque
673 1041 695 1066 a
730 1026 971 1077 Detlefseno,
1006 1033 1053 1068 ut
1086 1042 1105 1068 e
1140 1027 1298 1068 silentio
1332 1029 1418 1068 eius
1452 1027 1594 1078 efficio,
1629 1028 1802 1068 inveniri
1844 1027 1991 1082 potuit.

238 1111 381 1152 Variae
415 1111 645 1165 scripturae,
681 1125 778 1164 quas
811 1125 831 1150 e
866 1109 982 1150 codd.
1020 1113 1152 1161 8534,
1190 1113 1324 1161 85:56,
1362 1112 1495 1162 8537,
1536 1115 1652 1152 355&
1689 1111 1739 1152 ad
1768 1111 1867 1153 duas
1889 1112 1992 1167 prio-

238 1210 298 1236 res
331 1194 517 1249 epistolas
550 1192 642 1234 libri
676 1193 792 1248 primi
825 1200 1009 1235 accurate
1044 1194 1248 1251 descripsi,
1288 1211 1367 1237 non
1400 1197 1504 1237 tanti
1538 1202 1646 1248 sunt,
1675 1202 1721 1238 ut
1744 1211 1884 1252 operae
1908 1211 1996 1251 pre-

239 1280 339 1320 tium
374 1293 457 1319 esse
490 1278 673 1319 videatur
707 1279 749 1319 in
784 1278 858 1319 1100
893 1280 1054 1333 negotio
1089 1279 1214 1321 bonas
1248 1281 1364 1321 horas
1409 1296 1568 1336 ponere.
1620 1281 1696 1322 Sed
1741 1281 1995 1323 Detlefsenus

240 1365 377 1405 multis
409 1368 567 1419 gratum
601 1365 752 1415 fecerit,
787 1365 820 1405 si
855 1352 1005 1406 codicis
1038 1366 1108 1406 lat.
1148 1367 1310 1417 10339,
1345 1367 1411 1408 0111
1446 1367 1592 1421 primas
1618 1366 1793 1407 tribuere
1821 1367 1996 1418 videtur,

240 1451 413 1505 aliquam
448 1456 597 1507 partem
633 1467 725 1493 cum
758 1452 934 1494 editione
968 1452 1177 1493 Orelliaua
1210 1455 1477 1506 comparatam
1512 1451 1553 1492 in
1588 1450 1796 1505 publicum
1821 1450 1994 1506 proferre

240 1536 422 1577 voluerit.

302 1620 358 1660 Ut
391 1635 451 1661 res
485 1636 524 1662 se
558 1637 665 1662 1111110
700 1621 834 1672 habet,
870 1622 993 1663 codex
1027 1623 1235 1664 Mediceus
1269 1638 1351 1663 esse
1397 1621 1516 1662 debet
1550 1620 1870 1670 fundamentum,
1916 1635 1995 1674 quo

238 1705 412 1745 recensio
445 1705 701 1759 epistolarum
736 1705 784 1746 ad
820 1706 1001 1746 Atticum
1036 1705 1319 1746 constituenda
1367 1710 1440 1746 est.
1477 1705 1641 1745 Utinam
1676 1719 1766 1745 eum
1789 1704 1994 1746 consulere

240 1789 470 1844 potuissem,
506 1790 566 1830 vel
599 1790 659 1830 uti
693 1794 877 1830 accurata
910 1789 1121 1830 collatione
1155 1789 1301 1830 Theod.
1336 1789 1592 1830 Mommseni.
1658 1788 1734 1829 Sed
1769 1789 1834 1830 hic
1868 1803 1890 1829 a
1932 1803 1993 1830 me

243 1877 418 1927 rogatus,
466 1878 510 1914 ut
543 1888 629 1914 eam
663 1873 762 1914 mihi
796 1873 1074 1923 committeret,
1110 1874 1396 1915 humanissime
1420 1874 1582 1928 negavit
1603 1889 1644 1914 se
1666 1873 1863 1914 voluntati
1886 1888 1994 1914 meae

240 1957 464 1998 satisfacere
500 1973 628 2012 posse,
664 1958 852 2012 quoniam
887 1957 1042 1998 abiecto
1075 1957 1228 1999 iamdiu
1262 1958 1450 1999 editionis
1497 1958 1663 1998 consilio
1706 1957 1794 1998 illas
1839 1957 1996 1998 chartas

239 2040 414 2081 dedisset
459 2041 516 2082 M.
562 2041 757 2095 Hauptio,
805 2056 827 2081 a
860 2055 938 2095 quo
975 2041 1040 2081 Fr.
1076 2041 1332 2082 Hofinannus
1366 2042 1564 2096 accepisse
1605 2041 1819 2082 videretur.
1878 2041 1995 2082 Prae-

239 2125 344 2166 claro
378 2125 609 2166 adiumento
642 2124 859 2165 destitutus
894 2129 1172 2179 praeterquam
1206 2126 1249 2166 in
1284 2127 1422 2181 paucis
1456 2126 1649 2181 epistolis,
1685 2125 1734 2166 ad
1771 2139 1871 2180 quas
1896 2124 1995 2166 Hof-

240 2226 410 2252 mannus
460 2212 502 2252 111
544 2211 779 2251 selectarum
828 2210 1086 2265 epistolarum
1128 2210 1318 2251 fasciculo
1362 2212 1383 2252 I
1428 2211 1659 2252 varietatem
1704 2211 1853 2251 codicis
1887 2211 1998 2252 Med.

240 2297 600 2338 Mommsenianam
634 2297 851 2351 evulgavit,
886 2296 928 2337 111
964 2295 1128 2349 reliquis
1164 2310 1258 2335 usus
1292 2310 1379 2335 sum
1414 2295 1537 2350 copiis
1582 2294 1810 2344 Orellianis,
1852 2295 1895 2335 id
1937 2300 1996 2335 est

240 2382 450 2423 collatione
485 2383 648 2431 codicis,
683 2397 801 2436 quam
836 2381 1014 2422 instituit
1048 2381 1113 2421 Fr.
1150 2381 1213 2421 del
1249 2380 1383 2421 Furia.

301 2468 435 2518 Quum
482 2466 771 2507 enarrationem
818 2465 1050 2521 praecedere
1101 2464 1244 2506 debeat
1288 2465 1498 2506 emendata
1549 2466 1681 2515 lectio,
1727 2465 1767 2505 id
1824 2466 1994 2506 maxime

240 2552 428 2606 spectavi,
463 2556 509 2591 ut
544 2551 653 2599 vitia,
689 2565 788 2604 quae
833 2550 1052 2591 orationem
1097 2550 1322 2591 Tullianam
1367 2564 1482 2604 saepe
1529 2530 1769 2599 deformant,
1816 2550 1994 2591 tollerem

241 2638 301 2678 vel
334 2638 573 2678 emendandi
609 2639 708 2678 viam
745 2638 834 2678 aliis
868 2642 1142 2678 monstrarem.
1207 2635 1340 2675 Multa
1372 2640 1505 2675 tamen
1551 2640 1634 2676 tam
1673 2633 1842 2675 obscura
1885 2639 1994 2685 sunt,

243 2728 285 2762 ut
318 2722 402 2762 sine
439 2722 599 2763 meliore
633 2722 767 2762 codice
805 2722 869 2762 vix
903 2721 944 2762 in
979 2721 1179 2775 integrum
1216 2719 1374 2759 restitui
1408 2734 1521 2773 posse
1556 2719 1783 2759 videantur.
1831 2719 1873 2760 Si
1907 2718 1995 2759 aliis

240 2820 301 2846 res
335 2805 475 2846 melius
510 2805 710 2855 succedet,
745 2804 945 2858 gaudebo.
997 2803 1165 2844 Interim
1200 2802 1316 2855 aequi
1348 2802 1515 2852 iudices,
1550 2801 1628 2842 11151
1662 2801 1788 2852 fallor,
1824 2817 1885 2842 me
1920 2802 1995 2843 hoc

240 2890 281 2929 in
316 2904 458 2943 genere
493 2894 532 2929 et
565 2889 704 2929 alienis
737 2888 911 2929 inventis
955 2888 1168 2941 diligenter
1212 2902 1329 2927 usum
1373 2902 1456 2927 0550
1501 2886 1723 2928 censebunt
1766 2891 1806 2927 et
1848 2887 1991 2941 partim

242 2989 261 3013 e
296 2972 501 3013 codicibus
536 2972 680 3026 partim
714 2987 761 3012 ex
794 2972 957 3026 ingenio
992 2971 1131 3021 multa,
1178 2987 1277 3024 quae
1318 2972 1360 3012 111
1404 2971 1579 3012 editione
1622 2971 1825 3012 Orelliana
1868 2970 1993 3012 altera

243 3064 278 3095 ot
314 3057 355 3097 in
401 3056 607 3097 Klot-ziana
653 3056 790 3096 vitiose
836 3055 1110 3101 tradebantur,
1156 3056 1384 3096 correxisse.
1452 3055 1499 3095 111
1544 3055 1781 3109 recipiendis
1823 3055 1990 3096 aliorum
