2117 3533
184 957 216 983 lo

239 153 324 193 168
633 151 718 193 ΕΡ.
750 150 828 192 AD
860 150 906 191 T.
940 148 1290 191 POMPONIUM
1321 149 1584 191 ATTICUM.

236 286 368 342 palam
410 286 613 336 occiderit,
654 284 782 326 nihilo
826 299 938 326 suam
982 299 1141 326 causam
1181 284 1457 336 difficiliorem,
1508 299 1627 338 quam
1668 284 1798 326 adhuc
1839 285 1905 337 sit,
1947 285 1991 326 in

236 361 388 402 iudicio
422 360 611 400 futuram.
659 361 699 399 3.
733 359 876 413 Itaque
910 362 1002 399 ante
1035 358 1140 399 diem
1172 359 1336 399 tertium
1369 358 1467 399 Idus
1500 357 1733 408 Novembr„
1768 373 1891 412 quum
1925 359 1992 400 Sa-

238 449 303 474 cra
346 433 410 473 via
453 432 747 482 descenderem,
791 432 998 473 insecutus
1047 435 1107 472 est
1149 447 1211 473 100
1253 447 1345 472 011111
1386 432 1484 472 31113.
1527 431 1698 482 Clamor,
1732 431 1899 486 lapides,
1933 430 1994 471 fu-

238 510 330 556 stes,
364 505 502 559 gladii,
536 505 634 546 haec
667 505 883 560 improvisa
914 504 1062 545 omnia.
1097 504 1364 545 Discessimus
1398 504 1441 545 in
1475 503 1718 544 vestibulum
1751 503 1874 544 Το1111
1914 503 1993 544 Da-

237 578 396 619 mionis.
446 578 528 629 Qui
561 582 674 619 erant
706 592 877 628 mecum,
911 576 1026 618 facile
1061 592 1199 632 operas
1233 577 1346 618 aditu
1378 576 1686 632 prohibuerunt.
1731 576 1822 630 Ipse
1866 574 1995 615 occidi

237 651 384 707 potuit.
419 650 497 692 Sed
530 667 602 707 ego
636 652 768 692 diaeta
801 666 938 692 curare
971 651 1144 705 incipio,
1180 650 1405 704 chirurgiae
1437 649 1585 691 taedet.
1620 648 1693 690 Ele
1727 647 1907 689 omnium
1929 662 1995 688 vo-

238 723 352 765 cibus
386 738 510 778 quum
544 739 584 766 se
616 739 698 765 non
731 723 782 764 ad
814 723 1013 764 iudicium
1047 723 1116 765 sed
1150 723 1200 764 ad
1234 723 1476 779 supplicium
1508 737 1694 777 praesens
1735 720 1845 762 trudi
1888 719 1997 761 vide-

237 802 311 849 ret,
347 812 482 839 omnes
515 797 709 839 Catilinas
742 795 937 837 Acidinos
970 800 1108 851 postea
1139 795 1328 837 reddidit.
1363 796 1471 837 Nam
1503 794 1669 836 Milonis
1700 793 1863 834 domum
1896 807 1998 843 eam,

239 886 341 926 quae
374 874 434 911 031
465 870 508 911 10
542 869 738 920 Cermalo,
772 867 901 923 pridie
934 867 1034 909 Idus
1074 867 1294 909 Novembr.
1335 882 1563 922 expugnare
1605 871 1644 907 et
1688 866 1899 908 incendere
1942 866 2000 906 ita

240 947 407 984 conatus
441 946 515 994 est,
549 947 596 984 ut
628 942 759 998 palam
791 941 889 982 hora
922 955 964 982 V.
999 956 1089 982 cum
1124 941 1247 982 scutis
1280 941 1461 981 homines
1505 940 1661 981 eductis
1702 939 1860 994 gladiis,
1902 939 2000 980 alios

241 1031 332 1057 011111
365 1015 542 1057 accensis
575 1014 731 1057 facibus
765 1013 991 1056 adduxerit.
1042 1015 1134 1068 Ipse
1167 1013 1329 1055 domum
1371 1013 1419 1054 P.
1454 1013 1586 1055 Sullae
1629 1027 1700 1069 pro
1741 1012 1880 1053 castris
1923 1010 2000 1053 sibi

283 1179 301 1209 6
323 1178 431 1210 curari
452 1197 494 1202 —-
516 1178 534 1210 9
557 1178 590 1210 in
615 1178 759 1210 Germalo
781 1196 822 1201 —

283 1325 302 1365 ξ
325 1327 354 1356 3.
380 1324 476 1365 Quum
500 1324 598 1355 Sacra
614 1325 665 1355 via
681 1324 907 1356 descenderem.
930 1325 1031 1357 Sacra
1045 1327 1098 1358 via

241 1379 460 1410 descendebat
481 1378 558 1409 inde
582 1379 622 1409 ab
645 1388 683 1410 eo
706 1379 788 1417 loco,
812 1380 870 1410 ubi
892 1384 1003 1420 postea
1034 1389 1098 1410 am-

241 1432 465 1473 phitheatrum
492 1431 648 1463 Flavium
677 1436 881 1463 exstructum
912 1437 960 1464 est
995 1443 1099 1474 usque

243 1487 283 1516 ad
305 1485 451 1517 medium
474 1484 591 1522 forum,
627 1486 703 1516 inde
734 1486 852 1517 leniter
883 1487 1101 1518 adscendebat

243 1539 283 1569 ad
305 1539 426 1569 montis
450 1537 631 1579 Capitolini
654 1538 789 1569 radices.
827 1538 925 1569 Sacra
949 1538 999 1568 via
1035 1538 1100 1569 des-

243 1590 374 1622 cendere
395 1590 497 1630 igitur
518 1591 673 1621 dicuntur
694 1595 762 1621 tam
784 1591 816 1627 ii,
848 1591 905 1631 qui
940 1591 974 1621 in
1005 1591 1099 1632 Capi-

243 1644 372 1680 tolium,
404 1653 503 1684 quam
534 1644 591 1684 qui
622 1644 699 1674 inde
732 1644 766 1674 in
797 1644 904 1674 forum
937 1654 971 1675 30
993 1644 1100 1676 confe-

243 1704 330 1730 runt.
373 1699 450 1730 Vid.
487 1698 555 1730 Fea.
591 1700 632 1730 ad
666 1699 749 1730 Hor.
780 1699 883 1739 Epod.
915 1699 942 1737 7,
967 1700 985 1730 8
1016 1700 1102 1740 apud

244 1755 418 1788 Orellium.

284 1811 451 1841 Insecutus
473 1812 520 1840 est
542 1820 588 1840 me
609 1820 675 1840 cum
692 1809 768 1840 suis.
792 1809 898 1840 Paulo
914 1814 989 1840 ante
1005 1809 1102 1849 scrip-

243 1864 301 1895 sit:
325 1863 467 1893 desertus
490 1874 509 1893 a
538 1862 603 1892 suis
624 1881 666 1885 —
687 1871 843 1893 servorum
874 1862 1014 1892 consiliis
1042 1862 1102 1891 uti-

244 1920 314 1954 l2(r;
337 1918 435 1959 paulo
457 1922 530 1959 post
544 1927 655 1957 operas
679 1917 787 1948 Clodii
805 1916 963 1947 nominat.
986 1917 1103 1956 Itaque

244 1981 361 2002 verum
403 1976 492 2011 puto,
523 1971 610 2011 quod
639 1970 770 2001 Alanus
806 1970 968 2000 Emcndd.
1004 1979 1034 2009 p.
1064 1969 1099 1999 Il

245 2025 376 2056 monuit
408 2025 441 2055 h.
464 2025 485 2055 l.
509 2024 721 2055 scribendum
744 2032 813 2054 0330
835 2022 945 2059 servis,
970 2031 986 2053 e
1009 2023 1102 2053 cuius

247 2079 441 2120 compendio
463 2078 541 2109 s’m's
564 2083 671 2109 ortum
694 2084 742 2108 est
764 2078 840 2108 suis.

289 2132 496 2163 Discessimus
522 2131 555 2161 z'n
591 2130 773 2161 vestibulum
811 2131 905 2161 Teffr'i
931 2130 1103 2161 Dmnionis.

248 2186 276 2217 E
299 2185 456 2225 scriptura
479 2184 549 2215 eod.
580 2184 668 2214 Med.
703 2183 734 2213 in
765 2183 916 2213 vestibulo
947 2183 991 2213 JI.
1024 2182 1105 2213 Tetiz·

249 2249 315 2269 non
339 2238 416 2269 satis
438 2238 553 2278 liquet,
576 2241 687 2267 utrum
711 2236 754 2266 M.
779 2236 820 2266 sit
834 2246 1034 2276 praenomen
1050 2237 1105 2266 ho-

248 2292 347 2323 minis
371 2301 412 2322 an
436 2301 473 2322 ea
495 2291 589 2321 litera
613 2290 698 2320 male
722 2295 870 2330 separata
893 2290 936 2320 sit
958 2300 975 2320 a
992 2290 1105 2320 vocab.

248 2346 471 2387 praecedente.
497 2343 546 2375 Cf.
569 2343 838 2383 Wesenbergius,
863 2342 957 2375 Obss.
981 2343 1050 2374 crit.
1071 2343 1105 2373 in

249 2398 333 2430 Sest.
355 2409 386 2439 p.
409 2399 447 2429 25
472 2407 518 2438 sq.
541 2415 583 2419 —
611 2396 797 2426 Veslibulum
822 2402 871 2427 est
893 2397 1034 2437 spatium
1054 2406 1106 2427 va-

249 2461 347 2481 cuum
371 2456 446 2481 ante
467 2450 573 2480 aedes.
597 2449 674 2479 Vid.
697 2448 824 2479 Gellius
848 2449 890 2478 N.
912 2448 956 2479 A.
972 2448 1071 2479 XVI.
1088 2450 1105 2478 5

250 2509 281 2536 et
318 2504 358 2535 cf.
398 2503 542 2534 Bekkeri
577 2502 690 2533 Gallus
726 2503 770 2532 II.
801 2513 831 2542 p.
862 2503 921 2532 148
952 2511 1022 2542 sqq.
1050 2502 1107 2542 qui

250 2561 336 2588 recte
372 2565 494 2587 nomen
533 2555 660 2587 derivat
697 2565 716 2585 a.
752 2556 888 2585 vestare
931 2567 965 2580 ·::
1003 2556 1106 2584 emira-

249 2611 346 2640 δίαγε.
370 2609 532 2639 Veterum
555 2607 845 2648 graimnaticorum
861 2616 966 2646 nugas
983 2611 1106 2646 etymo-

250 2664 376 2703 logicas
399 2662 564 2702 congessit
586 2661 720 2692 Servius
750 2662 790 2691 ad
820 2661 923 2699 Vei-g.
944 2660 1032 2690 Aen.
1061 2660 1106 2690 II.

251 2719 322 2750 469.
346 2718 407 2748 VI.
432 2716 501 2749 273.
525 2735 566 2739 —
588 2716 715 2746 Tettius
737 2715 791 2745 hic
812 2714 931 2745 Damio
954 2723 1031 2744 sane
1060 2714 1105 2743 di-

252 2757 377 2802 11013113
386 2769 449 2800 fuit
472 2779 489 2799 a
511 2768 674 2798 Damione
698 2766 807 2798 Clodii
830 2766 957 2803 liberto,
980 2767 1020 2797 de
1043 2776 1107 2806 quo

253 2828 363 2853 narrat
385 2821 551 2852 Asconius
574 2820 608 2850 111
631 2820 750 2850 Milon.
772 2829 802 2859 p.
826 2818 865 2850 47
889 2817 943 2850 Or.

298 2876 416 2916 Operas
445 2879 539 2905 vocat
567 2873 796 2909 mercenarios,
833 2882 972 2912 quorum
1011 2881 1110 2912 opera

254 2930 388 2960 Clodius
410 2928 570 2958 utebatur.
595 2926 644 2957 Cf.
667 2936 696 2966 p.
717 2925 800 2956 Sest.
815 2926 863 2961 18,
881 2925 929 2961 59,
947 2924 1017 2954 106.
1040 2923 1108 2961 Qui

254 2983 287 3013 in
312 2982 422 3022 aliquo
445 2979 578 3020 negotio
601 2988 733 3019 operam
756 2977 829 3007 aliis
858 2980 1033 3017 praestant,
1063 2976 1108 3006 di-

253 3042 373 3067 cuutur
395 3045 460 3066 csse
482 3035 515 3064 in.
539 3033 649 3074 operis,
673 3039 710 3064 ut
732 3033 823 3063 Fam.
847 3032 949 3062 XIII.
973 3032 1000 3068 9,
1024 3033 1052 3061 3.

297 3089 413 3119 Diacla
439 3098 552 3118 curare
575 3087 700 3126 incipio,
731 3085 912 3125 cltt'rnryiae
943 3084 1048 3115 laedet
1072 3094 1102 3114 o:

255 3142 420 3173 moderate
454 3140 550 3171 rebus
580 3140 661 3169 meis
690 3139 855 3178 provideo
885 3137 1029 3168 violenta
1060 3146 1105 3167 re-

1146 1326 1256 1357 media
1278 1325 1342 1356 odi.
1372 1326 1412 1356 In
1435 1325 1564 1365 passivo
1587 1324 1694 1354 curm-23
1716 1324 1923 1355 emendando
1945 1334 2002 1355 no-

1148 1380 1195 1411 bis
1217 1379 1355 1420 praeivit
1378 1378 1520 1410 Cobetus
1544 1379 1577 1409 in
1601 1379 1764 1409 Mnemos.
1787 1378 1833 1409 II.
1855 1389 1885 1418 p.
1908 1379 1979 1409 423.

1188 1432 1377 1473 Sayffllioinm
1408 1441 1571 1472 praesens.
1616 1430 1666 1461 Cf.
1695 1440 1799 1470 poena
1837 1440 2004 1470 praeseus,

1146 1486 1259 1516 Divin.
1282 1486 1326 1516 II.
1353 1486 1420 1522 122,
1438 1484 1605 1524 praesenti
1627 1486 1723 1513 morse
1745 1484 1891 1514 multare.
1914 1483 2004 1514 Flor.

1146 1539 1172 1569 I.
1197 1538 1245 1575 26,
1270 1537 1287 1570 7
1311 1538 1449 1578 aliaque,
1473 1546 1555 1578 quae
1577 1536 1737 1567 Graevius
1767 1536 1934 1575 congessit
1964 1536 2005 1566 ad

1147 1591 1236 1622 Flor.
1265 1592 1331 1621 III.
1355 1591 1382 1628 1,
1407 1591 1435 1627 9,
1465 1608 1507 1613 —-
1534 1589 1631 1620 trudi.
1662 1588 1764 1620 Codd.
1794 1589 1864 1619 noti
1894 1588 2005 1619 videri.

1148 1645 1235 1685 quod
1264 1645 1330 1675 iam
1361 1644 1395 1674 in
1425 1643 1567 1684 antiquis
1597 1643 1687 1674 editt.
1720 1647 1806 1673 recte
1843 1646 2006 1673 mutatum

1148 1704 1206 1729 est.
1227 1698 1325 1729 Aliae
1342 1697 1560 1728 correctiones
1578 1695 1744 1732 reservari,
1761 1695 1876 1732 vocari,
1892 1694 2008 1734 uryeri,

1148 1751 1260 1782 vadari
1282 1751 1409 1788 merito,
1432 1755 1468 1781 ut
1490 1750 1668 1781 deteriores
1694 1749 1901 1780 reiiciuntur.

1192 1803 1301 1834 Omnes
1336 1803 1495 1834 Catilinas
1532 1802 1685 1832 Acidinos
1714 1803 1826 1841 postea
1856 1799 2007 1832 reddidit.

1148 1858 1304 1897 Plerique
1334 1857 1408 1887 intt.
1436 1856 1599 1887 Acidinos
1630 1855 1790 1895 respicere
1820 1860 1939 1895 putant
1967 1854 2009 1885 ad

1149 1912 1186 1942 C.
1209 1911 1373 1947 Mallium,
1399 1909 1562 1941 Catilinae
1585 1909 1763 1940 satellitem
1794 1912 1825 1939 et
1858 1908 1937 1939 belli
1965 1907 2009 1938 fa-

1148 1964 1259 1995 ciundi
1281 1964 1472 2004 principem.
1494 1962 1596 1993 Male.
1626 1962 1677 1992 Ita
1704 1955 1793 1992 enim
1815 1963 1929 2000 postea
1960 1961 2008 2000 (oz

1148 2019 1180 2049 in
1200 2020 1367 2058 posteram,
1391 2024 1427 2048 ut
1450 2017 1552 2047 VIII.
1576 2017 1604 2053 9,
1627 2018 1645 2046 3
1676 2016 1770 2045 villas
1799 2015 1933 2045 visurum
1964 2025 2010 2046 me

1141 2076 1254 2114 postea
1286 2072 1464 2113 desperavi)
1504 2072 1646 2103 otiosum
1685 2076 1769 2102 esset
1810 2074 1843 2102 et
1877 2070 2010 2101 reddere

1150 2127 1333 2157 insolenter
1355 2127 1394 2157 de
1417 2125 1595 2156 renovando
1617 2125 1752 2155 dietum.
1792 2125 1900 2154 Immo
1922 2123 2009 2163 cogi-

1150 2181 1286 2210 tandum
1309 2180 1349 2210 de
1372 2179 1411 2209 L.
1434 2178 1564 2209 Manlio
1586 2178 1731 2208 Acidino
1754 2177 1930 2214 Fulviano,
1945 2186 2011 2208 cos.

1152 2243 1178 2264 a.
1216 2233 1285 2269 575,
1316 2242 1414 2272 quem
1442 2232 1490 2262 M.
1520 2231 1632 2271 Scipio
1661 2230 1757 2260 virum
1790 2230 1898 2260 bonum
1928 2240 2011 2271 eyre-

1149 2285 1291 2326 yiumque
1315 2285 1407 2314 civem
1432 2283 1668 2324 pronuntiavit,
1693 2282 1782 2315 Orat.
1804 2283 1848 2313 II.
1866 2282 1936 2313 260.
1960 2282 2010 2313 Cf.

1152 2339 1192 2369 dc
1215 2339 1288 2378 lege
1311 2338 1395 2377 Agr.
1410 2338 1456 2367 ΙΙ.
1473 2337 1522 2367 64.
1545 2337 1634 2368 Dicit
1650 2336 1753 2376 igitur
1769 2340 1897 2366 tantum
1912 2335 2009 2366 fuisse

1154 2391 1263 2423 Clodii
1285 2390 1439 2427 furorem,
1462 2395 1498 2420 ut
1520 2391 1560 2420 ad
1582 2390 1679 2420 illum
1702 2388 1880 2430 comparati
1908 2388 2012 2419 homi-

1153 2455 1211 2476 nes
1222 2444 1383 2475 Catilinae
1396 2444 1520 2474 similes
1539 2443 1615 2474 boni
1630 2443 1692 2473 viri
1707 2443 1905 2474 viderentur.
1930 2442 2007 2472 Vid.

1153 2498 1271 2530 Onom.
1295 2498 1383 2528 Tull.
1406 2508 1436 2537 p.
1459 2497 1529 2529 376.
1574 2497 1698 2527 Eadem
1730 2496 1855 2527 ratione
1884 2495 2012 2536 quaerit

1154 2551 1196 2581 V.
1226 2551 1274 2587 20,
1305 2550 1338 2580 1:
1369 2549 1448 2579 Num
1474 2548 1567 2588 potui
1602 2547 1742 2578 Ciliciam
1765 2547 1922 2578 Aetoliam
1952 2549 2010 2578 aut

1153 2605 1370 2636 Macedoniam
1394 2604 1557 2635 reddere?
1578 2623 1620 2627 —
1642 2604 1690 2635 De
1713 2614 1774 2634 usu
1797 2603 1934 2644 pluralis
1952 2613 2009 2634 nu-

1153 2658 1243 2695 meri,
1267 2658 1398 2699 quando
1421 2667 1506 2687 unus
1527 2657 1627 2687 homo
1657 2657 1690 2687 in
1720 2656 1910 2696 exemplum
1938 2666 2009 2696 pro-

1153 2712 1294 2752 ponitur,
1317 2716 1454 2742 1110110111
1477 2710 1663 2743 0011300103
1686 2712 1725 2741 ad
1759 2710 1829 2741 Ecl.
1859 2710 1948 2740 Tull.
1977 2719 2008 2750 p.

1154 2765 1224 2795 195.
1246 2764 1382 2794 Ellendt
1404 2764 1443 2794 de
1467 2763 1556 2795 Orat.
1579 2763 1626 2794 ΙΙ.
1649 2773 1680 2803 p.
1704 2763 1763 2793 120
1785 2772 1831 2802 sq.

1196 2818 1235 2848 In
1261 2817 1410 2848 Cermalo.
1433 2817 1489 2848 Sic
1511 2817 1625 2857 scripsi
1645 2827 1703 2857 pro
1722 2816 1873 2853 Germalo,
1888 2815 2007 2856 partim

1154 2875 1262 2901 motus
1284 2871 1476 2901 auctoritate
1498 2868 1684 2905 Niebuhrii‚
1707 2868 1795 2898 Hist.
1813 2868 1906 2898 Rom.
1923 2867 1962 2897 T.
1978 2867 2006 2897 Ι.

1154 2925 1226 2955 adn.
1259 2925 1328 2960 932,
1359 2924 1477 2964 partim
1507 2923 1596 2963 quod
1625 2922 1785 2962 scriptura
1814 2920 1889 2951 libri
1918 2920 2007 2950 Med.

1156 2976 1294 3006 (ἰν-(171110
1316 2986 1354 3006 eo
1377 2975 1475 3006 ducit.
1501 2974 1782 3014 Praepositionem
1796 2977 1882 3003 recte
1898 2972 2008 3003 omitti

1153 3035 1243 3070 1111101
1265 3030 1460 3066 Gronovius,
1484 3029 1587 3059 citans
1610 3037 1692 3068 quae
1724 3028 1832 3058 adnot.
1862 3027 1900 3056 ad
1930 3027 2006 3057 Liv.

1152 3084 1195 3113 II.
1221 3084 1268 3119 28,
1294 3084 1320 3112 l.
1344 3083 1468 3113 Eadem
1483 3083 1598 3112 domus
1618 3080 1726 3111 statim
1743 3079 1925 3120 appellatur
1941 3080 2004 3109 An-

1152 3137 1259 3173 m'arm,
1282 3137 1338 3166 nbi
1362 3135 1492 3166 Milonis
1515 3143 1635 3165 nomen
1656 3133 1742 3164 male
1756 3133 1863 3165 seduli
1878 3133 2003 3164 librarii

2096 124 2117 219 1,

2100 219 2106 237 >

2106 269 2117 371 l
