2117 3533
301 164 385 201 290

704 160 781 200 ΕΡ.
817 158 892 198 AD
925 158 970 196 T.
1005 155 1352 196 POMPONIVM
1386 155 1648 196 ATTICUM.

299 296 487 345 Scrofam,
523 293 643 334 habes
677 292 831 333 Silium.
878 290 940 331 Ad
974 305 1039 331 eos
1072 304 1144 343 ego
1179 298 1218 329 et
1250 289 1328 329 iam
1362 294 1478 330 antea
1511 289 1650 342 scripsi
1683 288 1732 329 ad
1777 289 1907 343 ipsum
1952 288 2044 328 Hir-

297 383 398 408 rum.
441 368 618 407 Locutus
651 364 757 405 enim
791 367 873 403 erat
908 377 998 402 cum
1032 362 1094 401 his
1128 361 1332 401 commode
1367 376 1406 402 se
1441 360 1616 415 potuisse
1649 360 1841 415 impedire
1874 360 1942 401 sed
1974 375 2042 402 no-

298 441 430 489 luisse,
465 452 668 480 assensum
701 442 835 477 tamen
869 450 951 475 esse
985 434 1143 483 Catoni,

1189 433 1428 474 amicissimo
1472 447 1572 482 meo,
1618 447 1739 485 quum
1784 433 1818 473 is
1860 433 2044 474 honorifi-

295 511 562 552 centissimam
596 511 637 550 in
671 525 733 550 me
768 508 1007 549 sententiam
1041 507 1220 556 dixisset,
1255 522 1327 547 nec
1362 522 1422 546 me
1457 506 1505 547 ad
1531 521 1571 546 se
1594 505 1696 546 ullas
1720 505 1855 546 literas
1876 505 2042 556 misisse,

263 608 275 631 5
295 600 418 638 quum
451 584 501 624 ad
534 598 669 624 omnes
703 583 916 623 mitterem.
963 581 1112 621 Verum
1147 580 1327 630 dicebat;
1370 579 1419 620 ad
1461 595 1553 620 eum
1593 579 1698 619 enim
1743 578 1871 619 solum
1914 584 1954 619 et
1996 578 2045 619 ad

294 656 567 711 Crassipedem
601 671 683 697 non
717 655 964 709 scripseram.

1023 656 1059 694 9.
1094 655 1226 706 Atque
1261 652 1358 692 haec
1392 652 1440 693 de
1475 651 1592 693 rebus
1626 650 1863 692 forensibus.
1897 650 2045 692 Redea-

294 745 381 769 mus
414 728 590 769 domum.
634 728 852 781 Diiungere
888 742 948 766 me
984 724 1032 765 ab
1066 725 1134 765 illo
1169 725 1270 765 volo.
1306 724 1437 764 Mirus
1471 729 1531 765 est
1563 720 1801 780 φυράτης,
1836 737 2046 776 germanus

294 802 514 843 Lartidius.

440 896 588 941 “Amoe
619 895 682 940 τά
712 893 808 952 μὲν
841 892 1179 953 προτετύχθαι
1218 890 1446 949 ἐάσομεν,
1481 890 1769 950 ἀχνύμενοί
1793 906 1892 948 περ·

240 1018 275 1043 10
293 995 445 1049 reliqua
478 993 748 1048 expediamus.
791 993 881 1033 Hoc
914 991 1102 1046 primum,
1137 1004 1216 1043 quo
1249 989 1415 1029 accessit
1448 1003 1542 1029 cura
1576 987 1702 1029 dolori
1734 1004 1836 1040 meo,
1871 989 1940 1030 sed
1973 989 2046 1030 1100

292 1074 439 1118 tamen,
475 1066 673 1121 quidquid
706 1071 779 1115 est,
814 1064 1053 1105 Precianum
1087 1077 1177 1102 cum
1211 1061 1261 1102 iis
1294 1060 1531 1110 rationibus,
1577 1075 1675 1115 quas
1707 1061 1774 1102 ille
1807 1076 1913 1102 meas
1946 1066 2046 1102 trac-

290 1146 364 1191 tat,
398 1139 607 1181 admisceri
639 1139 745 1179 11010.
781 1137 929 1192 Scripsi
973 1135 1022 1176 ad
1063 1134 1303 1180 Terentiam,
1351 1133 1491 1188 scripsi
1535 1134 1655 1174 etiam
1700 1133 1749 1174 ad
1794 1135 1941 1189 ipsum,
1985 1149 2046 1174 me

292 1212 489 1267 quidquid
522 1227 677 1268 possem
710 1225 923 1252 numorum
957 1208 1006 1249 ad
1041 1211 1275 1262 apparatum
1309 1206 1455 1261 sperati
1484 1206 1680 1261 triumpai
1714 1206 1764 1247 ad
1797 1211 1836 1247 te
1866 1206 2047 1247 redactu-

290 1301 392 1327 rum.
426 1286 490 1326 Ita
522 1291 620 1341 puto
653 1282 889 1343 ἄμεμπτα
924 1283 1028 1332 fore3
1064 1296 1200 1321 verum
1233 1285 1279 1321 ut
1311 1279 1479 1321 lubebit.
1535 1280 1654 1320 Hanc
1688 1294 1846 1334 quoque
1891 1278 2046 1333 suscipe
2087 1286 2091 1291 ’

236 1386 270 1411 15
290 1374 424 1400 curam
458 1357 796 1414 quemadmodum
830 1356 1094 1412 experiamur.
1140 1352 1189 1394 Id
1223 1358 1264 1393 et
1296 1352 1506 1393 ostendisti
1546 1350 1788 1406 quibusdam
1831 1351 1957 1392 literis
2001 1366 2046 1391 ex

288 1433 411 1488 Epiro
445 1448 496 1473 an
529 1431 701 1472 Athenis
736 1431 839 1471 datis
873 1434 913 1470 et
946 1429 989 1469 in
1023 1442 1068 1468 eo
1103 1441 1175 1481 ego
1208 1432 1248 1466 te
1282 1425 1495 1467 adiuvabo.

329 1583 347 1625 1'
371 1605 424 1634 eyo
446 1595 539 1625 etiam
562 1596 658 1624 antea
680 1592 792 1633 scripsi
815 1594 844 1622 et
867 1592 911 1622 ad
933 1611 974 1616 -

330 1745 398 1782 ξδ.
430 1742 482 1773 Ad
513 1752 563 1772 eos
593 1752 647 1782 eqo
681 1742 712 1771 et
742 1740 803 1769 iam
834 1741 930 1769 antea
960 1736 1073 1777 scripsi
1103 1735 1146 1765 ad

287 1797 383 1837 ipsum
420 1796 561 1826 Hirrum.
605 1794 744 1825 Sublato
778 1794 808 1822 et
847 1797 922 1822 ante
959 1791 1002 1821 ad
1034 1790 1142 1830 ipsum,

291 1851 378 1891 quod
407 1850 496 1880 Med.
532 1859 600 1879 non
629 1848 736 1883 habet,
771 1846 865 1876 etiam
895 1844 1077 1876 necessario
1108 1843 1141 1873 in

290 1905 321 1933 et
349 1903 409 1933 iam.
444 1907 512 1933 erat
539 1901 746 1932 mutandum.
791 1898 898 1929 Simul
931 1897 995 1927 ruit
1030 1896 1142 1937 opinio

290 1956 445 1993 Kahntii,
483 1956 539 1996 qui
573 1955 606 1984 in
640 1953 754 1993 symb.
789 1951 869 1982 Crit.
898 1961 928 1991 p.
961 1950 989 1982 7.
1032 1949 1143 1989 scripsi

291 2010 452 2050 geminari
474 2008 576 2039 iussit.
600 2006 729 2037 Hirrum
754 2016 772 2036 a
794 2005 974 2045 glossatore
995 2004 1141 2034 additum

291 2072 418 2094 censeo.

334 2119 352 2157 ξ
375 2118 403 2147 9.
426 2116 598 2146 Redeamus
619 2114 737 2146 domum
759 2124 792 2144 o:
822 2112 992 2143 veniamus
1022 2113 1063 2142 ad
1091 2112 1143 2142 do-

292 2169 436 2200 mestica.
461 2168 555 2207 Quae
577 2172 759 2207 sequuntur
781 2166 821 2195 ad
836 2165 1053 2195 Philotimum
1070 2169 1145 2194 sunt

292 2222 469 2252 referenda.

334 2273 508 2304 Lartidius
535 2273 668 2303 Nebulo
690 2272 834 2311 ignotus.
862 2270 902 2300 In
933 2269 1068 2309 antiqua
1096 2269 1145 2299 in-

294 2327 469 2366 scriptione
491 2335 593 2366 quum
615 2325 787 2355 inventum
810 2328 894 2353 esset
916 2329 1146 2352 L.LAR1·1D1US

294 2389 330 2409 M.
360 2389 391 2409 L.
420 2386 580 2414 munus,
609 2377 742 2407 fuerunt
770 2375 826 2415 qui
858 2374 912 2404 hic
946 2383 1076 2414 quoque
1104 2374 1144 2403 de

294 2433 411 2462 Hilaro
434 2432 493 2462 illo
515 2430 706 2470 cogitarent,
730 2430 770 2459 de
798 2437 863 2468 quo
893 2436 1000 2457 senno
1029 2430 1077 2456 est
1105 2425 1144 2455 ad

294 2488 365 2516 Att.
388 2487 415 2515 I.
446 2486 494 2521 12,
525 2485 552 2514 2.
583 2483 757 2514 Turnebus
787 2480 951 2520 cogitabat
979 2480 1019 2510 de
1048 2479 1145 2510 Laer-

294 2539 380 2568 tiade
403 2548 435 2567 o:
459 2537 588 2577 Ulysse,
612 2541 645 2566 et
666 2534 851 2565 Gronovius
882 2532 1061 2572 suspicatur
1090 2531 1146 2561 ali-

296 2603 394 2633 quem
422 2598 550 2633 poetam
581 2601 598 2622 e
627 2589 797 2621 Laertiade
818 2588 932 2619 fecisse
965 2586 1146 2618 Lartidium.

912 2695 975 2734 II.

1191 1733 1396 1765 Sententiam
1419 1736 1506 1763 recte
1527 1732 1634 1763 reddit
1662 1731 1831 1762 Wielandi
1861 1731 2049 1771 interpreta-

1191 1788 1252 1818 tio:
1277 1787 1328 1818 εἴη
1350 1786 1586 1826 ακδῃεφηασβιέεν
1606 1785 1741 1815 Gamer.

1231 1840 1342 1872 Dolori
1364 1850 1427 1870 meo
1449 1849 1491 1870 ex
1513 1839 1604 1870 obitu
1625 1838 1770 1869 hominis
1792 1837 1874 1868 mihi
1896 1837 1962 1868 cari
1979 1846 2045 1868 sus-

1188 1900 1291 1936 cepto.
1316 1894 1365 1926 Cf.
1389 1894 1449 1924 VI.
1473 1894 1501 1930 9,
1525 1894 1553 1924 2.
1576 1893 1669 1923 Fam.
1690 1891 1788 1923 XIV.
1812 1893 1840 1927 5,
1863 1891 1891 1921 2.

1232 1945 1386 1988 Quicquid
1405 1947 1450 1975 est
1473 1955 1505 1975 0:
1530 1944 1821 1985 quantulacunque
1854 1948 1902 1974 est
1931 1952 1969 1973 ea
1991 1942 2044 1973 he-

1188 2001 1318 2033 reditas.

1230 2055 1282 2085 Ad
1307 2057 1337 2085 te
1366 2053 1563 2084 redacturum
1594 2063 1627 2082 o:
1658 2052 1718 2082 tibi
1748 2051 1914 2081 numerari
1943 2051 2044 2080 iussu-

1189 2118 1273 2139 rum.
1306 2106 1355 2138 Cf.
1381 2115 1465 2146 quae
1488 2106 1516 2136 I.
1537 2104 1576 2135 F.
1598 2103 1784 2134 Gronovius
1806 2103 1846 2133 de
1867 2103 1930 2132 hoc
1953 2102 2052 2133 verbo

1190 2159 1317 2200 scripsit
1340 2157 1476 2189 Observ.
1500 2157 1526 2187 I.
1550 2157 1599 2187 20.
1646 2155 1699 2185 Ad
1720 2158 1751 2186 ive
1773 2155 1890 2185 dui-mn
1921 2164 1990 2185 esse
2021 2158 2052 2184 et

1190 2212 1249 2243 vix
1272 2221 1389 2242 sanum
1410 2210 1551 2240 Ernesto
1574 2208 1729 2239 concedo.

1235 2263 1491 2304 Quemadmodum
1515 2260 1722 2301 experiamur,
1746 2260 1798 2291 ius
1820 2264 1970 2290 nostrum
1983 2267 2051 2299 per-

1190 2327 1364 2358 sequamur
1386 2322 1418 2347 et
1440 2315 1657 2346 Philotimum
1677 2313 1712 2343 in
1736 2313 1786 2343 ius
1807 2321 1970 2348 vocemus,
1996 2320 2051 2341 ex-

1189 2371 1288 2411 plica-t
1320 2369 1493 2400 Corradus.
1524 2368 1564 2398 Id
1589 2377 1656 2397 non
1686 2366 1783 2396 credo
1812 2365 1857 2396 sic
1887 2363 2051 2396 enuntiari

1190 2433 1294 2464 posse.
1340 2422 1535 2453 Wielandus
1572 2419 1708 2450 verbum
1747 2418 1828 2448 dicit
1865 2417 2051 2451 obscurum,

1190 2476 1310 2517 Aptius
1340 2480 1424 2506 esset
1458 2476 1702 2514 actor-queamch
1742 2481 1807 2511 quo
1844 2471 1915 2511 ipso
1951 2469 2051 2500 verbo

1190 2532 1350 2563 Ernestus
1372 2530 1474 2560 utitur
1498 2529 1531 2559 in
1555 2526 1752 2568 explicanda
1772 2526 1833 2556 hac
1853 2523 2026 2555 sententia.

1229 2586 1277 2616 Ex
1300 2585 1397 2626 Epiro
1419 2595 1461 2615 an
1486 2582 1633 2613 Athenis.
1659 2581 1709 2613 Cf.
1733 2581 1774 2611 ad
1795 2580 1821 2611 I.
1846 2581 1873 2616 3,
1897 2580 1926 2610 2.

1041 2694 1106 2745 (A.
1148 2693 1192 2733 U.
1231 2693 1272 2731 C.
1310 2690 1427 2743 704.)

360 2814 399 2853 1.
434 2809 694 2852 Brundisium
729 2808 909 2849 venimus
943 2820 1021 2848 vn.
1056 2804 1230 2847 Kalend.
1262 2803 1473 2846 Decembr.
1506 2803 1569 2844 usi
1601 2808 1673 2843 tua
1706 2799 1896 2841 felicitate
1940 2796 2047 2839 navi-

294 2885 437 2941 gandi3
471 2885 528 2924 ita
561 2883 661 2923 belle
695 2882 811 2922 nobis
860 2881 1001 2931 ,sflavit
1033 2879 1082 2919 ab
1116 2879 1239 2933 Epiro
1271 2878 1499 2919 lenissimus
1544 2872 1870 2917 Onchesmites.'’
1927 2871 2049 2911 Hunc

335 3029 352 3067 ξ
376 3028 403 3058 1.
434 3025 483 3057 Cf.
507 3024 634 3055 itineris
656 3022 829 3063 descriptio
852 3032 870 3052 a
900 3020 1007 3052 Patris
1037 3021 1142 3051 Brun·
1166 3028 1168 3058 ξ

292 3080 411 3109 ‹lisium
435 3087 536 3118 usque
552 3077 644 3107 Fam.
661 3075 758 3105 XVI.
777 3076 804 3111 9,
825 3075 851 3104 1.
875 3074 954 3104 Post
969 3074 1041 3104 idus
1057 3073 1142 3104 Nov.
1166 3065 1168 3125 ξ

1166 3125 1276 3177 jilov.
1300 3125 1359 3155 iter
1383 3124 1474 3157 fecit;
1500 3125 1555 3154 sed
1586 3134 1613 3153 a.
1644 3123 1673 3152 d.
1706 3122 1770 3152 VI]
1805 3120 1880 3151 Kal.
1910 3119 1987 3150 Dec.
2018 3126 2043 3147 a.

294 3139 417 3172 praeter
434 3131 658 3162 necessitatem
676 3138 772 3159 nenio
791 3137 878 3158 mare
894 3127 1052 3157 transihat
1069 3132 1142 3156 ante

1189 3021 1218 3050 d.
1244 3020 1296 3050 VI
1318 3019 1368 3050 Id.
1390 3019 1539 3056 Martias,
1563 3016 1619 3058 qui
1643 3023 1779 3048 vocatur
1809 3013 1928 3046 natalis
1957 3010 2045 3043 navi-

1190 3072 1342 3111 gationis.
1366 3071 1415 3102 Cf.
1440 3071 1558 3111 Veget.
1582 3070 1624 3100 V.
1649 3069 1679 3099 9.
1702 3069 1772 3099 Nec
1796 3066 1911 3099 Cicero
1932 3072 2045 3096 mense
