2117 3533
776 175 883 216 LIB.
918 175 969 216 V.
1003 175 1087 216 ΕΡ.
1125 176 1197 216 20.
1782 176 1867 219 243

108 311 293 361 sciebam,
329 310 425 365 quid
457 310 501 351 in
533 310 608 351 1106
641 324 783 364 genere
818 309 945 351 facere
985 325 1141 366 possem
1150 328 1161 361 3
1207 313 1312 351 recte
1353 308 1687 366 πεφυσίωμαι.
1751 309 1869 350 Ν11111

78 389 167 426 ‚est
199 383 453 438 praeclarius
499 382 667 424 Interim
710 382 808 423 haec
852 379 1069 441 λαμπρά.
1130 382 1418 424 Ariobarzanes
1463 398 1581 438 opera
1624 398 1712 424 mea
1751 382 1868 432 vivit,

109 460 262 510 regnat.
320 452 406 499 'Eas
437 448 657 513 παρόδῳ,
693 454 859 495 consilio
892 459 932 495 et
965 455 1201 495 auctoritate
1235 459 1274 495 et
1308 455 1413 508 quod
1447 455 1750 497 insidiatoribus
1784 456 1870 496 eius

107 526 385 587 ἀπρόσιτον
416 544 493 579 me,
534 544 614 569 non
647 527 765 569 modo
799 522 1180 587 ἀδωροδόκητον
1220 528 1399 584 praebui,
1444 544 1576 583 regem
1620 544 1867 583 regnumque

109 603 274 644 servavi.
308 603 466 644 Interea
500 618 520 643 e
553 601 808 656 Cappadocia
840 617 890 642 116
923 602 1050 657 pilum
1084 601 1260 656 quidem.
1295 602 1467 643 Brutum
1500 601 1715 654 abiectum,
1746 617 1870 657 quan·
1910 607 1924 631 5

107 680 195 716 tum
227 675 354 730 potui,
389 674 574 725 excitavi,
609 689 726 729 quem
758 690 839 715 non
872 675 1006 716 minus
1039 690 1128 716 amo
1162 691 1282 730 quam
1314 680 1374 726 tu,
1409 690 1533 730 paene
1565 675 1648 716 dixi
1672 691 1792 730 quam
1814 681 1869 716 te.

108 748 242 802 Atque
277 747 397 789 etiam
430 763 543 803 spero
576 752 661 788 toto
695 762 800 788 anno
833 747 991 802 imperii
1031 748 1158 789 nostri
1201 748 1429 789 teruncium
1471 752 1655 803 sumptus
1697 748 1740 789 in
1782 764 1870 803 pro-

108 821 240 861 vincia
272 821 429 862 nullum
462 821 559 862 fore.
598 821 637 861 7.
672 819 810 861 Habes
843 821 990 862 omnia.
1043 822 1165 862 Nunc
1198 820 1358 876 publice
1391 821 1526 862 literas
1570 822 1738 862 Romam
1779 821 1869 861 mit-

107 897 189 934 tere
222 893 426 948 parabam.
460 893 674 934 Uberiores
707 896 838 943 erunt,
874 908 994 947 quam
1028 893 1060 934 si
1094 908 1142 934 ex
1173 894 1331 935 Amano
1363 893 1575 935 misissem.
1630 895 1687 935 At
1718 898 1757 934 te
1792 895 1870 935 Ro-

106 981 194 1007 mae
227 982 309 1008 non
341 967 443 1008 fore!
497 966 574 1008 Sed
608 966 633 1010 †
665 970 726 1006 est
758 969 903 1016 totum,
939 965 1046 1020 quod
1079 966 1173 1007 Kal.
1207 967 1330 1008 Mart.
1364 966 1546 1007 futurum
1591 971 1665 1008 est.

107 1040 214 1080 enim
247 1055 311 1090 ne,
347 1055 469 1094 quum
504 1039 552 1080 (16
585 1038 791 1094 provincia
824 1042 977 1092 agetur,
1021 1038 1054 1080 si
1097 1038 1242 1080 Caesar
1282 1039 1454 1090 resistet,
1496 1055 1568 1081 nos
1612 1040 1870 1081 retineamur.

1721 967 1870 1008 Vereor

108 1113 186 1154 His
219 1117 265 1154 tu
298 1113 332 1154 si
365 1112 536 1163 adesses,
571 1111 674 1152 nihil
717 1111 913 1152 timerem.
978 1115 1019 1151 8.
1054 1111 1189 1153 Redeo
1234 1112 1284 1153 ad
1328 1112 1496 1164 urbana,
1537 1128 1638 1168 quae
1683 1129 1756 1169 ego
1800 1114 1871 1155 (liu

108 1186 296 1240 ignorans
330 1201 379 1227 ex
409 1186 491 1226 tuis
524 1184 827 1226 iucundissimis
860 1184 987 1225 literis
1020 1200 1056 1226 a.
1090 1184 1131 1226 d.
1165 1199 1207 1226 v.
1241 1186 1335 1227 Kal.
1369 1187 1458 1228 Ian.
1483 1186 1657 1242 denique
1686 1188 1870 1242 cognovi.

110 1258 188 1299 Eas
222 1257 526 1313 diligentissime
560 1257 814 1312 Philogenes,
850 1256 1017 1299 libertus
1050 1262 1160 1309 tuus,
1196 1260 1350 1300 curavit
1381 1259 1574 1315 perlonga
1608 1266 1648 1302 et
1670 1276 1751 1302 non
1775 1262 1872 1303 satis

108 1334 197 1372 tuta
230 1332 294 1372 via
325 1332 593 1387 perferendas.
643 1333 750 1374 Nam
784 1347 882 1386 quas
915 1331 1058 1372 Laeuii
1091 1333 1224 1387 pueris
1258 1332 1398 1374 scribis
1433 1333 1561 1384 datas,
1595 1349 1677 1375 non
1712 1350 1872 1389 3666116.-
1914 1353 1925 1375 3

109 1418 204 1444 ram.
237 1404 422 1446 Iucunda
455 1405 503 1446 de
543 1406 710 1446 Caesare
754 1408 794 1445 et
835 1420 935 1459 quae
979 1408 1140 1446 senatus
1182 1405 1359 1447 decrevit
1403 1411 1442 1447 et
1487 1422 1588 1460 quae
1632 1412 1679 1449 tu
1723 1423 1871 1463 speras,

151 1566 191 1596 10
212 1565 275 1597 Sed
295 1569 341 1597 est
364 1569 461 1600 totum
480 1587 521 1591 —
546 1570 584 1600 16
608 1568 750 1601 Iucunda
772 1587 814 1591 —

108 1728 140 1758 Is
164 1738 194 1768 p.
218 1728 275 1758 191
300 1729 394 1759 docet
416 1729 501 1760 tanti
530 1740 597 1760 esse
624 1731 709 1762 hanc
740 1733 807 1763 vim
836 1733 966 1771 habere,

107 1781 281 1812 ferendum
303 1783 428 1823 aliquid
451 1793 530 1820 esse,
545 1784 641 1816 facile
660 1787 738 1826 pati.
763 1787 853 1825 Quid
868 1788 967 1819 fuerit

108 1835 191 1865 tanti
212 1845 454 1876 nonnunquam
476 1847 544 1867 non
569 1838 708 1875 additur,
741 1841 797 1870 sed
827 1849 869 1870 ex
897 1851 966 1871 sen-

107 1889 285 1920 tentiarum
312 1899 403 1920 nexu
435 1890 575 1928 elicitur,
606 1897 643 1922 ut
672 1892 704 1922 11.
736 1892 755 1923 l.
783 1893 969 1933 pror-inciae

106 1943 278 1973 molestiam
301 1943 414 1974 subire.

152 1998 398 2030 Arz'abarzanes.
421 1999 471 2030 Cf.
495 2000 536 2030 ad
559 2009 608 2041 ep.
632 2001 680 2039 18,
704 2003 724 2031 4
745 2002 778 2032 h.
802 2002 822 2032 Ι.
853 2007 884 2034 et
906 2002 969 2043 epi-

108 2053 212 2084 stolae
234 2055 275 2084 ad
298 2053 458 2086 Catonem
481 2054 589 2095 (Fam.
614 2056 693 2087 XV.
717 2058 751 2096 4)
774 2058 854 2088 11366
868 2058 969 2088 verba
992 2067 994 2080 ¹

107 2107 129 2146 ξ
152 2106 189 2137 6:
213 2116 315 2147 reyem
337 2107 582 2138 Ariobarzanem
611 2127 652 2131 —
675 2110 896 2149 praesentibus
924 2110 970 2140 ἰη-

108 2160 202 2191 sz'dz'is
230 2161 465 2201 necopinantem
494 2161 635 2200 liberavi,
670 2173 767 2204 neque
806 2163 904 2194 solum
943 2164 971 2193 ei

108 2214 209 2245 saluti
221 2214 287 2255 fui,
312 2215 370 2245 sed
390 2215 485 2246 eiiam
509 2216 627 2254 curavi,
645 2218 679 2247 ut
695 2226 758 2247 eum
779 2217 971 2248 (victorilate

110 2271 267 2310 reynaret.

152 2322 200 2353 Ne
214 2323 316 2363 pilum
338 2322 456 2364 quidem
481 2333 524 2354 sc..
548 2324 666 2365 accepi,
683 2324 851 2365 repudiavi
869 2326 970 2365 quod-

111 2377 160 2407 vis
184 2377 283 2407 etiam
305 2377 438 2408 minimi
460 2378 555 2418 pretii
578 2388 708 2408 munus.

153 2431 287 2462 Brutum
311 2431 460 2462 abiectum
485 2438 545 2463 cet.
569 2433 645 2464 Non
669 2438 756 2464 recte
772 2433 869 2464 multi
886 2433 972 2464 hanc

112 2485 309 2516 sententiam
329 2490 400 2526 post
416 2491 607 2526 sequentem
625 2491 853 2527 transponunt.
876 2487 972 2517 Ario-

111 2538 246 2568 barzani
269 2542 300 2569 et
324 2537 548 2579 Cappadociae
572 2544 657 2570 recte
676 2540 866 2580 adiungitur
883 2549 972 2570 men-

112 2593 158 2623 tio
182 2593 285 2630 Bruti,
310 2593 367 2633 qui
389 2593 440 2623 illi
464 2593 535 2633 regi
557 2599 711 2624 mutuum
725 2595 868 2625 dederat.
892 2594 972 2624 Vid.

113 2656 160 2687 ep.
185 2647 233 2683 18,
257 2648 286 2676 4.

157 2703 174 2741 ξ
198 2702 226 2734 7.
249 2701 311 2732 Sed
333 2704 379 2733 est
401 2705 507 2739 totum,
530 2703 609 2744 quod
624 2703 699 2734 Kal.
719 2703 974 2743 Marhfidurum

113 2757 168 2785 est.
192 2755 372 2795 Explicant
393 2761 466 2795 post
498 2756 707 2786 Manutium:
740 2770 753 2781 a
766 2755 832 2786 Sed
861 2753 894 2786 in
925 2766 973 2792 6ο,

112 2808 201 2848 quod
236 2808 311 2838 Kal.
349 2808 446 2838 Mart.
483 2808 676 2839 decernetur
711 2809 750 2838 de
784 2808 972 2848 provinciis,

113 2861 194 2892 mihi
217 2861 329 2891 omnia
351 2866 435 2898 sunt,
468 2862 501 2892 in
533 2871 571 2892 eo
601 2862 697 2892 cardo
726 2862 773 2892 rei
801 2862 974 2892 vertum-‚²⁹

114 2914 226 2954 Aegre
249 2915 398 2945 desidero
421 2915 521 2946 verba
542 2914 575 2944 in
599 2925 643 2951 eo,
668 2915 701 2945 in
724 2915 785 2945 hac
807 2915 974 2946 locutione

114 2968 211 3008 plane
235 2968 426 3005 necessaria,
449 2978 532 3008 quae
555 2969 675 2998 adsunt
700 2969 739 2998 ad
768 2968 810 3006 Q.
840 2968 878 2999 fr.
908 2969 972 2999 III.

116 3022 143 3059 1,
177 3023 205 3052 1.
244 3021 350 3052 Totmn
382 3022 416 3052 in
446 3032 480 3052 eo
509 3024 564 3058 est,
594 3021 758 3052 sectoriam.
789 3023 824 3052 ut
855 3022 974 3052 concin-

114 3085 185 3105 mcm
207 3076 260 3106 sit.
300 3075 461 3116 Displicet
484 3075 583 3106 etiam
605 3075 689 3105 mira
710 3075 827 3105 horum
860 3075 974 3106 verbo-

115 3137 188 3158 rum
218 3133 292 3169 post
321 3128 521 3169 superiorem
558 3128 756 3159 sententiam
791 3127 974 3158 collocatio.

117 3181 253 3222 Scripsit
276 3182 401 3219 Cicero,
425 3183 459 3213 ni
487 3183 600 3213 fallor:
635 3183 677 3212 At
708 3184 739 3211 le
770 3181 883 3212 Romae
912 3192 972 3211 mm
997 3175 998 3214 ζ

1007 1734 1105 1775 fore!
1129 1736 1187 1775 (sc.
1210 1744 1313 1775 quum
1336 1743 1427 1765 meae
1450 1734 1565 1765 literae
1588 1732 1622 1764 in
1653 1738 1769 1764 sena-tu
1798 1732 1876 1764 rcci-

1018 1789 1175 1818 tabuntur
1208 1792 1239 1819 et
1270 1798 1327 1828 per
1355 1792 1456 1818 totam
1490 1788 1607 1818 urbem
1636 1787 1800 1828 plurimus
1835 1788 1876 1817 de

1016 1842 1098 1872 meis
1120 1842 1217 1872 rebus
1240 1842 1340 1882 gestis
1362 1851 1471 1872 sermo
1494 1841 1580 1882 erit).
1618 1840 1681 1871 Sed
1708 1842 1773 1871 esto
1803 1842 1876 1877 tum,

1015 1905 1105 1935 quum
1129 1894 1205 1924 Kal.
1230 1894 1326 1924 Mart.
1341 1893 1480 1933 futvrae
1495 1895 1578 1924 sunt.
1601 1894 1708 1933 Rogat
1724 1893 1877 1930 amicum,

1016 1954 1054 1979 ut
1075 1952 1189 1979 mense
1221 1948 1403 1979 Februario
1434 1952 1583 1978 extremo
1613 1947 1738 1978 Romae
1768 1947 1809 1978 sit
1838 1948 1878 1978 ad

1012 2011 1151 2032 causam
1173 2012 1265 2032 suam
1286 2002 1454 2032 tuendam.
1478 2020 1519 2023 —
1540 2001 1616 2031 Kal.
1640 2001 1770 2031 Martiis
1799 2011 1875 2031 eou-

1017 2055 1105 2086 sules
1134 2064 1176 2085 ex
1206 2054 1296 2086 SCto
1321 2055 1361 2085 de
1390 2054 1568 2095 provinciis
1606 2054 1741 2085 relaturi
1774 2060 1878 2085 erant.

1016 2107 1108 2138 Fam.
1133 2108 1232 2138 VIII.
1256 2109 1284 2145 8,
1310 2110 1338 2138 5.

1060 2160 1093 2190 Sz‘
1117 2161 1232 2192 Caesar
1254 2160 1379 2192 resistet
1402 2171 1435 2191 o:
1460 2161 1487 2191 si
1510 2161 1695 2192 exercitum
1714 2162 1878 2192 dimittere

1018 2216 1118 2246 nolet.

1061 2270 1130 2309 §8
1168 2269 1205 2300 A.
1235 2270 1267 2299 d.
1303 2268 1332 2298 V
1356 2269 1431 2300 Kal.
1461 2269 1532 2300 Ian.
1570 2269 1704 2311 denique
1738 2270 1876 2310 coynovi.

1019 2323 1196 2364 Superiora
1217 2324 1337 2364 scripta
1360 2330 1441 2355 sunt·
1460 2325 1684 2355 saturnalibus
1710 2325 1814 2356 tertiis
1842 2335 1875 2355 o:

1020 2387 1047 2407 a.
1070 2377 1102 2407 d.
1125 2376 1198 2407 XII
1220 2377 1296 2407 Kal.
1319 2377 1390 2407 Ian.
1416 2377 1527 2414 Quare
1550 2378 1583 2408 in
1608 2388 1747 2409 numero
1770 2378 1876 2408 turba-

1019 2435 1090 2460 tum
1127 2430 1256 2460 videtur
1291 2435 1322 2460 et
1358 2429 1495 2461 fortasse
1533 2441 1609 2460 611111
1653 2430 1810 2461 Schutzio
1846 2435 1878 2461 et

1018 2483 1166 2515 Grubero
1189 2484 1367 2524 legendum
1389 2483 1468 2515 XV.
1483 2503 1516 2507 —-
1537 2485 1619 2515 Voc.
1637 2485 1769 2526 denique
1784 2490 1878 2516 extra

1019 2537 1265 2568 conclusionem
1288 2538 1431 2578 positum
1461 2538 1633 2569 nonnullis
1662 2539 1745 2569 solet
1777 2539 1878 2570 offen-

1019 2590 1105 2621 sioni
1128 2599 1206 2627 esse,
1231 2596 1267 2621 ut
1291 2591 1406 2628 Bakio,
1430 2591 1486 2631 qui
1509 2592 1549 2621 ad
1573 2590 1640 2622 Cic.
1663 2592 1703 2622 de
1726 2592 1831 2632 Legg.
1846 2602 1875 2632 p.

1020 2643 1080 2675 4719
1103 2643 1250 2683 pluribus
1273 2643 1353 2674 loeis
1376 2644 1494 2674 demum
1516 2645 1636 2685 corrigi
1652 2645 1756 2675 iussit.
1786 2645 1878 2675 Hau-

1020 2696 1111 2726 dium
1135 2696 1162 2726 si
1185 2697 1357 2727 audiamus
1379 2697 1413 2727 iu
1437 2697 1580 2728 Tursell.
1604 2698 1650 2727 II.
1676 2707 1705 2737 p.
1730 2696 1799 2733 267,
1823 2697 1877 2727 1116

1020 2749 1112 2779 locus
1136 2749 1197 2779 erit
1218 2759 1304 2779 unus
1328 2759 1344 2780 6
1367 2749 1488 2789 paucis,
1519 2749 1575 2779 ubi
1605 2749 1737 2789 denique
1766 2749 1876 2780 id>in—

1020 2804 1116 2840 dicat,
1140 2804 1229 2844 qnod
1250 2809 1324 2844 post
1352 2804 1488 2843 longam
1518 2814 1644 2834 moram
1675 2803 1799 2833 tandem
1830 2805 1876 2834 fit.

1021 2856 1094 2896 Ego
1115 2865 1194 2886 vero
1216 2862 1248 2887 et
1269 2856 1362 2886 illam
1384 2857 1534 2887 mutandi
1556 2857 1730 2887 libidinem
1746 2861 1777 2887 et
1792 2857 1876 2886 hanc

1022 2910 1257 2950 interpretandi
1287 2911 1431 2951 repudio,
1470 2911 1525 2940 sed
1560 2910 1692 2951 denique
1720 2911 1877 2950 temporis

1021 2963 1183 2994 notationi
1205 2963 1378 3000 adiectum,
1400 2968 1435 2993 ut
1458 2964 1491 2994 in
1516 2963 1664 2993 formulis
1687 2973 1770 2993 mmo
1791 2963 1877 2993 dem*-

1017 3026 1085 3057 qne,
1113 3018 1175 3045 ium
1206 3016 1339 3057 denique
1369 3016 1519 3056 proxime
1549 3017 1589 3046 ad
1619 3016 1798 3056 particulae
1827 3016 1877 3046 de-

1018 3079 1098 3099 mum
1118 3068 1188 3099 vim
1212 3069 1364 3099 accedere
1386 3074 1476 3109 puto.
1512 3068 1562 3100 Cf.
1592 3068 1754 3109 Feldhiig.
1787 3070 1826 3099 ad
1856 3070 1878 3100 l.

1019 3122 1073 3153 cit.
1097 3122 1165 3153 Cic.
1193 3123 1232 3153 de
1255 3122 1336 3163 Leg.

1060 3176 1203 3207 Iucunda
1221 3177 1362 3207 Ernesto
1371 3177 1452 3207 duce
1463 3177 1651 3216 scripsimus
1667 3187 1725 3216 pro
1734 3176 1878 3207 iacmzrle.

1608 3231 1692 3271 lor

1893 981 1904 1005 l
1909 981 1926 1004 (⁷)
