2117 3533
757 165 863 208 LIB.
899 167 972 207 VI.
1006 167 1091 208 ΕΡ.
1127 168 1169 207 6.
1756 162 1839 203 177

87 298 323 352 paruissem!
367 326 423 330 —
469 300 525 341 516
570 300 684 341 video
716 301 886 355 placere.
931 302 957 345 †
1001 301 1188 355 Reliquia
1221 305 1301 341 est:
1349 297 1599 357 Σπάρταν
1643 290 1840 355 ἔλαχες,

89 370 279 416 ταύταν
310 371 500 430 κόσμει.
541 375 635 414 Νο11
668 374 894 416 mehercule
928 390 1090 431 possum
1125 379 1165 415 et
1198 374 1421 414 Philoxeno
1455 373 1635 427 ignosoe,
1671 370 1740 424 qui
1786 384 1845 410 re-

87 444 179 485 duci
211 445 253 485 in
288 460 481 486 carcerem
516 447 672 487 maluit.
709 448 994 489 Verumtamen
1026 448 1069 488 id
1102 448 1236 503 ipsum
1269 462 1424 488 mecum
1458 447 1501 487 in
1532 445 1595 486 his
1617 443 1717 485 locis
1740 457 1846 483 com-

88 522 253 568 mentor,
288 524 334 559 ut
366 520 443 561 ista
474 520 696 575 improbem
729 521 850 575 idque
883 527 943 572 tn,
979 536 1103 576 quum
1137 536 1218 561 una
1250 520 1413 569 erimus,
1448 517 1716 559 confirmabis.
1752 517 1787 556 A
1805 519 1846 556 te

87 589 219 631 literas
253 590 390 634 crebro
424 593 473 634 ad
507 609 570 634 me
604 594 724 635 scribi
758 595 895 646 video;
931 594 999 635 sed
1035 610 1171 635 omnes
1203 609 1285 635 uno
1318 598 1495 647 tempore
1531 591 1680 646 accepi.
1732 589 1845 640 Quae
1886 607 1901 633 5

86 677 147 703 res
181 664 300 705 etiam
333 666 445 706 auxit
478 665 654 707 dolorem
687 682 834 707 meum.
885 667 990 708 Casu
1024 667 1131 707 enim
1164 667 1290 707 trinas
1331 670 1422 707 ante
1466 665 1654 719 legeram,
1698 661 1846 717 quibus

89 736 320 778 meliuscule
353 738 527 780 Lentulo
561 755 645 780 esse
681 740 874 795 scriptum
910 745 1009 781 erat.
1045 741 1149 781 Ecce
1184 744 1347 794 quartae
1380 738 1548 779 fulmen.
1583 737 1661 779 Sed
1694 737 1776 787 ille,
1800 740 1847 776 ut

87 810 240 865 scripsi,
275 827 356 852 non
388 813 506 853 miser
517 831 527 863 3
563 828 635 853 nos
669 828 760 854 vero
793 814 818 856 †
853 814 960 854 ferri.
1009 816 1050 854 3.
1085 813 1204 865 Quod
1238 828 1300 854 1116
1335 812 1539 862 admones,
1584 815 1632 851 ut
1676 809 1847 851 scribam

87 883 155 924 illa
189 885 473 936 Hortensiana,
519 887 561 927 in
607 886 683 927 alia
728 887 853 927 incidi
898 902 977 927 non
1018 888 1225 927 immemor
1263 885 1382 926 istius
1426 883 1606 925 mandati
1649 883 1725 924 tui.
1771 882 1847 924 Sed

88 956 311 998 mehercule
345 959 575 1013 incipiendo
609 959 739 1014 refugi
773 975 837 1009 ne,
873 960 941 1014 (1111
976 960 1111 1000 videar
1145 959 1266 1001 stulte
1297 958 1406 999 illius
1430 957 1548 999 amici
1570 956 1848 1012 intemperiem
1871 971 1905 996 10

88 1044 167 1069 non
201 1029 355 1080 tulisse,
390 1046 527 1072 rursus
562 1031 683 1072 stulte
716 1031 907 1072 iniuriam
940 1032 1051 1072 illius
1086 1032 1229 1072 faciam
1263 1031 1475 1080 illustrem,
1521 1028 1555 1069 si
1589 1028 1686 1082 quid
1728 1028 1848 1083 scrip-

87 1116 187 1152 sero,
222 1107 262 1143 et
295 1103 414 1144 simul
446 1119 495 1145 ne
529 1100 767 1160 βαθύτης
800 1120 901 1155 mea,
937 1120 1037 1158 quae
1071 1105 1113 1146 111
1148 1104 1303 1158 agendo
1327 1099 1528 1159 apparuit,
1562 1102 1604 1143 in
1637 1100 1850 1142 scribendo

132 1303 146 1333 1
171 1303 333 1345 Reliquum
355 1305 418 1336 iam
440 1307 487 1337 est
510 1325 550 1328 —
571 1306 590 1335 8
613 1314 668 1335 uos
690 1314 762 1336 vero
776 1303 882 1345 ferrei
903 1322 945 1328 -—-

86 1500 214 1531 videtur
236 1499 337 1530 latere
359 1497 475 1539 reliqui
495 1497 531 1528 z'd
552 1500 607 1535 est,
631 1497 695 1528 nisi
717 1497 799 1528 forte
827 1506 862 1527 re
892 1496 941 1526 bis

87 1553 245 1594 scriptum
261 1553 302 1583 sit
322 1556 352 1584 et
366 1562 448 1593 quae
463 1558 648 1593 supersunt,
662 1557 733 1581 orta
748 1560 790 1581 ex
806 1549 943 1591 Iozquies.

129 1606 317 1637 Philon-eno.
340 1606 549 1637 Philoxenus
568 1605 753 1646 Cytherius,
771 1608 866 1644 poeta
879 1612 944 1634 me-

91 1659 183 1695 licus,
213 1669 231 1689 a
260 1659 419 1699 Dionysio
446 1659 570 1689 maiore
599 1659 632 1688 in
662 1658 837 1688 lautumias
870 1667 945 1687 con-

94 1713 194 1744 iectus
218 1718 274 1751 cst,
298 1714 385 1754 quod
407 1714 447 1744 de
477 1713 610 1753 tyranni
640 1712 793 1743 facultate
822 1711 948 1741 musica

93 1777 159 1798 non
185 1768 326 1807 benigne
349 1767 559 1798 iudicaverat.
588 1767 671 1798 Inde
702 1767 882 1802 arcessitus,
912 1770 948 1796 ut

91 1822 130 1852 de
154 1821 219 1851 alio
242 1822 388 1852 eiusdem
411 1822 555 1851 carmine
589 1821 786 1852 sententiani
815 1821 946 1857 diceret,

90 1880 261 1916 postquam
301 1885 421 1916 paucos
454 1885 566 1906 versus
600 1875 785 1911 audivisset,
823 1874 946 1905 dixisse

88 1927 191 1959 fertur
213 1922 328 1972 ἄπαγέ
355 1939 395 1973 με
424 1925 469 1964 εἰς
499 1925 675 1972 λατομίας.
707 1927 815 1967 Igitur
837 1925 946 1956 reduci

88 1983 121 2012 in
145 1993 299 2014 carcerem
322 1984 442 2021 maluit,
472 1994 571 2024 quam
600 1984 688 2014 mala
717 1982 850 2023 tyranni
880 1990 945 2010 car—

88 2037 178 2067 mina
199 2038 342 2069 ]audarc.
385 2038 470 2069 Rem
493 2037 589 2068 multi
613 2047 655 2068 ex
677 2037 843 2067 veteribus
866 2034 945 2066 refe-

87 2096 164 2121 runt
188 2101 302 2123 eamve
324 2092 522 2132 significant.
545 2091 613 2130 Qui
636 2091 731 2131 plura
745 2090 835 2130 cupit
850 2090 944 2120 adeat

85 2143 279 2183 diligentem
312 2145 356 2175 A.
386 2144 424 2175 G.
458 2144 730 2175 YVinckehnanni
761 2144 870 2174 adnot.
905 2143 945 2173 ad

86 2194 176 2226 Plut.
200 2197 368 2228 Eroticum
390 2208 420 2238 p.
445 2198 505 2228 200
527 2208 606 2238 sqq„
625 2195 943 2237 quilVyttenbachii

85 2249 246 2282 diatriben
290 2252 330 2282 de
366 2251 573 2288 Philoxenis,
614 2251 734 2281 editam
776 2250 810 2280 in
848 2249 942 2279 Misc.

85 2303 194 2336 Doctr.
218 2306 263 2335 II.
294 2317 322 2346 p.
355 2306 395 2335 64
423 2315 523 2345 seqq„
556 2305 725 2345 repetitam
757 2305 790 2334 in
822 2302 940 2343 Opusc.

84 2361 128 2391 II.
154 2371 182 2400 p.
207 2361 380 2397 wal—301,
404 2361 571 2400 ignorasse
594 2360 734 2390 videtur.

129 2413 166 2443 Ut
188 2413 251 2443 isla
274 2413 444 2453 improbem.
478 2414 518 2443 In
542 2413 686 2443 diversas
708 2416 815 2452 partes
838 2420 939 2450 agun-

83 2473 135 2497 tur
157 2467 359 2507 interpretes,
384 2477 425 2498 ex
447 2478 513 2507 quo
533 2466 719 2506 Malaspina
748 2466 781 2496 in
811 2465 938 2495 duobus

81 2520 174 2551 libris
197 2521 362 2551 invenisse
392 2521 520 2561 scripsit
544 2520 678 2560 probem,
709 2528 846 2559 eamque
876 2518 937 2548 166-

81 2574 205 2605 tionem
227 2575 321 2605 alteri
344 2575 509 2615 praetulit.
551 2575 663 2605 Minor
692 2574 732 2604 de
762 2572 936 2612 scriptione

80 2630 240 2660 dubitatio
263 2630 332 2667 erit,
358 2631 385 2660 si
407 2630 578 2666 constabit,
593 2640 657 2670 quo
674 2628 849 2669 respiciant
863 2627 935 2657 isla.

79 2683 160 2714 Esse
183 2694 229 2721 ea,
253 2695 332 2724 qnae
353 2687 386 2714 lu
408 2684 522 2714 suades
544 2684 662 2714 frustra
685 2684 779 2714 docet
807 2682 936 2713 Bosius.

83 2735 224 2766 Obstant
238 2737 336 2773 6111111,
352 2746 435 2777 quae
451 2737 610 2767 continuo
629 2742 827 2776 sequuntur:
844 2734 935 2775 idque

80 2792 114 2820 lu
136 2791 344 2831 confirmabis,
367 2790 431 2822 Sed
454 2791 517 2821 isla
539 2791 618 2822 dicit
626 2792 826 2831 praesentem
844 2788 890 2818 rei
900 2798 935 2828 p.

79 2845 206 2875 statum.
240 2845 345 2884 Atqui
367 2845 393 2875 is
416 2845 628 2876 vehementer
662 2843 854 2884 displicebat
884 2841 936 2872 Ci-

79 2897 203 2933 ceroni;
229 2907 306 2937 crgo
329 2898 436 2937 potius
466 2897 608 2928 rationes
638 2897 823 2937 quaerebat,
857 2906 934 2937 quo—

79 2950 175 2980 modo
198 2951 288 2981 salva
311 2951 473 2990 dignitate
498 2951 681 2991 improbare
703 2956 820 2990 posset,
850 2959 932 2990 quae

79 3003 213 3043 probare
236 3005 379 3041 nolebat,
403 3015 500 3045 quam
523 3009 645 3035 contra.

122 3057 241 3088 Trina&
278 3058 495 3089 Consentiunt
518 3064 594 3089 vett.
619 3058 693 3088 libri
716 3058 749 3089 111
780 3058 841 3088 hac
872 3058 933 3089 lec-

78 3110 167 3142 tione
188 3116 224 3142 ut
246 3112 308 3150 hic,
332 3113 377 3143 ita
405 3113 467 3144 XI.
498 3112 546 3149 17,
579 3113 607 3143 1.
652 3112 754 3153 Apud
782 3112 935 3143 Tacitum

78 3162 163 3194 Ilist.
187 3164 213 3193 I.
236 3165 255 3194 2
277 3166 380 3196 codex
404 3165 615 3196 Μαι-6111111115
639 3165 736 3195 babet
758 3165 853 3200 irino,
878 3165 934 3195 alii

140 3219 174 3258 I.

993 1498 1094 1528 lerna.
1110 1497 1210 1528 Illam
1224 1497 1365 1527 formam
1379 1497 1562 1538 pluralibus
1573 1500 1704 1528 tantum
1715 1495 1853 1536 adiungi

995 1552 1090 1582 docet
1113 1551 1221 1581 Varro
1244 1551 1283 1582 de
1306 1551 1346 1581 L.
1368 1551 1407 1581 L.
1431 1550 1476 1581 X.
1500 1550 1549 1583 67.

1037 1604 1225 1636 Meliuscule
1255 1604 1389 1635 Leozliclo
1419 1613 1495 1635 esse.
1536 1603 1586 1635 Cf.
1621 1603 1714 1634 Fam.
1753 1602 1854 1633 XVI.

996 1660 1025 1695 ἴ),
1050 1658 1064 1687 1
1090 1668 1179 1699 qnam
1203 1657 1386 1687 meliuscule
1408 1656 1464 1687 sibi
1487 1659 1578 1687 esset.
1612 1657 1671 1687 Est
1695 1656 1785 1697 quod
1807 1655 1853 1686 di-

996 1714 1118 1744 cimus:
1144 1713 1196 1743 het
1215 1715 1294 1753 qaut
1317 1724 1337 1743 u
1360 1723 1415 1744 een
1439 1713 1538 1753 beelje
1560 1713 1656 1744 beler.

1035 1770 1052 1805 †
1075 1768 1176 1798 Ferri.
1200 1767 1255 1798 Sic
1279 1773 1326 1798 est
1349 1768 1382 1798 in
1406 1768 1585 1808 cod.Hisp.
1599 1767 1679 1798 etin
1702 1766 1854 1798 Mediceo

994 1832 1012 1851 a
1035 1822 1139 1862 prima
1163 1832 1273 1851 manu.
1308 1821 1501 1852 Correctum
1523 1821 1558 1852 in
1581 1821 1643 1851 hoc
1667 1825 1716 1851 est
1736 1819 1854 1860 ferrei,

994 1875 1080 1913 quod
1096 1873 1242 1905 Orellius
1257 1874 1346 1914 expl.
1361 1888 1374 1898 υ
1386 1874 1486 1904 11111115
1498 1874 1668 1914 patienteS,
1687 1865 1853 1912 ἀπαθεῖς,

993 1933 1048 1972 (1111
1072 1932 1177 1962 adhuc
1200 1932 1350 1962 vivamus
1374 1941 1433 1962 nec
1457 1932 1644 1962 voluntaria
1666 1935 1771 1961 morte
1794 1938 1854 1960 nos

993 1986 1207 2016 liberemus.u
1231 1985 1406 2016 Schutzius
1428 1985 1544 2025 probat
1573 1984 1715 2015 Victorii
1745 1992 1854 2014 emen-

992 2041 1159 2071 dationem
1181 2040 1273 2071 servi.
1298 2041 1450 2071 Klotzius
1473 2040 1617 2081 scripsit:
1641 2049 1698 2070 7208
1712 2048 1783 2069 vero
1800 2037 1854 2068 mi-

990 2094 1125 2125 serrimi.
1147 2095 1267 2125 Malim
1289 2094 1486 2134 simplicius:
1510 2104 1566 2124 nos
1588 2103 1660 2123 vero
1683 2091 1799 2122 miseri.

1035 2148 1052 2186 ξ
1077 2149 1106 2178 3.
1129 2147 1195 2177 Illa
1219 2146 1450 2177 Hortensiana.
1483 2146 1605 2184 Qualia
1637 2145 1770 2176 Atticus
1798 2154 1852 2174 vo-

992 2201 1089 2231 luerit
1111 2201 1313 2240 ignoramus,
1337 2202 1394 2231 sed
1417 2201 1503 2231 male
1525 2200 1590 2230 huc
1612 2199 1697 2230 trahi
1719 2199 1850 2235 librum,

991 2267 1088 2297 quem
1111 2258 1150 2287 de
1173 2257 1270 2287 laude
1300 2256 1527 2297 philosophiae
1557 2265 1645 2286 anno
1675 2255 1734 2287 709
1764 2264 1848 2285 com-

990 2310 1099 2349 posuit
1121 2315 1153 2340 et
1165 2310 1382 2340 Hortensium
1400 2308 1573 2349 inscripsit,
1589 2318 1687 2339 nemo
1703 2307 1849 2347 negabit.

1030 2363 1216 2404 Incipiendo
1239 2363 1354 2405 resuyz'.
1378 2364 1491 2394 Potest
1513 2363 1688 2404 explicari:
1713 2373 1779 2392 eum
1801 2361 1848 2391 in-

986 2415 1115 2456 ciperem
1141 2416 1252 2456 refuyi,
1276 2417 1332 2447 sed
1356 2426 1458 2456 quum
1482 2416 1597 2447 Cicero
1622 2424 1663 2446 ne
1687 2415 1847 2455 incepisse

985 2468 1119 2508 quidem
1142 2469 1299 2505 videatur,
1330 2469 1450 2499 melius
1473 2469 1534 2500 erit
1557 2468 1699 2499 scribere
1722 2467 1761 2498 ab
1783 2467 1844 2498 inc.

985 2521 1044 2561 ref.
1066 2532 1140 2552 cum
1163 2522 1404 2562 U'escnbergio
1428 2523 1468 2552 ad
1491 2523 1589 2553 Tusc.
1614 2522 1657 2552 V.
1674 2522 1723 2558 80,
1740 2531 1770 2562 1).
1784 2520 1845 2551 366

984 2574 1033 2604 6(1.
1057 2573 1158 2605 Orcll.
1183 2575 1239 2605 alt.

1026 2629 1121 2660 Illivs
1144 2630 1245 2661 amici.
1268 2640 1302 2661 o:
1327 2631 1427 2668 illius,
1451 2631 1532 2661 dum
1554 2631 1679 2661 amicus
1702 2634 1780 2660 erat.

1022 2679 1182 2727 βαθύτης
1204 2687 1331 2714 constat
1363 2684 1397 2714 in
1427 2685 1607 2715 condendis
1630 2684 1750 2715 nostris
1772 2693 1842 2714 sen-

981 2740 1079 2776 sibus,
1103 2745 1215 2780 estquc
1238 2741 1431 2780 prudentiae
1453 2751 1527 2781 pars
1539 2751 1614 2771 cum
1627 2740 1840 2771 simulatione

982 2793 1166 2824 coniuncta.
1201 2794 1351 2824 Eandem
1374 2793 1498 2825 Graeco
1527 2794 1662 2824 nomine
1692 2793 1843 2832 designat

984 2845 1025 2875 V.
1050 2846 1097 2882 10,
1121 2847 1149 2876 3.
1173 2846 1234 2876 VI.
1276 2846 1303 2883 l,
1327 2846 1356 2876 2.
1396 2846 1516 2877 Postea
1538 2856 1616 2877 vero
1649 2845 1713 2878 Off.
1745 2846 1773 2875 I.
1802 2846 1841 2875 88

981 2899 1100 2930 Latine
1115 2899 1348 2939 interpretatus
1365 2905 1412 2931 cst
1423 2900 1624 2931 altitudinem
1643 2899 1749 2936 animi,
1763 2909 1842 2940 quae

980 2951 1107 2988 dieitur,
1132 2952 1308 2992 eademque
1337 2952 1557 2992 appellatione
1585 2952 1634 2982 usi
1664 2956 1739 2983 sunt
1772 2951 1840 2983 Sal.

980 3007 1054 3046 lug.
1078 3007 1126 3043 95,
1151 3008 1169 3037 3
1193 3011 1224 3037 et
1241 3007 1346 3037 Tacit.
1368 3007 1461 3037 Aun.
1476 3007 1542 3037 ΙΙΙ.
1555 3008 1604 3037 44.
1618 3007 1704 3037 Hist.
1717 3006 1778 3037 IV.
1789 3007 1840 3037 86.

980 3060 1068 3091 Aliis
1091 3060 1171 3090 locis
1193 3060 1332 3090 altitudo
1355 3059 1452 3090 (ιηὶιηί
1475 3060 1542 3090 fere
1575 3070 1651 3090 cum
1678 3060 1840 3101 yravitale

980 3113 1203 3153 coniungitur,
1228 3115 1268 3144 ad
1302 3113 1547 3153 mayniludz'nem
1571 3114 1669 3144 animi
1690 3114 1839 3151 refertur,

980 3168 1187 3207 cerniturque
1210 3167 1241 3198 in
1265 3167 1428 3207 capiendis
1445 3167 1645 3198 incommodis
1659 3170 1689 3198 el
1707 3168 1839 3198 mamime

1599 3225 1649 3262 12
