2117 3533
699 188 807 229 LIB.
841 188 894 228 V.
926 187 1012 228 ΕΡ.
1049 186 1182 226 5—7.
1736 180 1821 219 210

55 329 165 371 novi.
199 326 308 368 Illud
341 330 476 367 tamen
508 339 589 366 non
623 323 817 373 desinam,
853 322 948 363 dum
984 321 1120 362 adesse
1154 319 1319 375 putabo,
1363 319 1412 359 de
1447 315 1629 358 Caesaris
1661 313 1823 355 nomine

59 415 211 456 rogare,
245 403 292 440 ut
326 398 553 440 confectum
585 397 801 451 relinquas.
853 395 980 436 Avide
1015 397 1202 449 exspecto
1242 396 1334 433 tuas
1376 391 1512 432 literas
1553 393 1594 429 et
1637 387 1824 437 maxime,

56 478 103 516 ut
135 472 264 515 norim
300 476 459 527 teinpus
491 469 749 527 profectionis
782 473 890 510 tuae.

56 670 191 691 narrem.
214 658 309 697 Quae
332 667 420 698 seqq.
443 657 591 688 mandavi
607 658 709 688 omnia
729 658 916 700 ctnarrubo,
940 675 942 678 ⁴
966 656 1093 688 bitandi
1117 656 1194 693 vim,
1219 663 1318 695 quam
1340 653 1374 683 in
1405 661 1454 692 cp.
1485 653 1512 688 5,
1545 652 1572 681 l.
1609 651 1723 690 Itaque
1753 648 1830 690 quid

57 725 145 756 quum
174 712 299 754 aliquid
331 712 445 743 habebo
481 712 553 743 novi
587 712 714 753 liquido
742 713 919 743 ostendunt
967 709 1164 740 mutandum
1186 707 1220 738 in
1243 704 1334 747 quod.
1357 704 1434 736 vid.
1457 703 1614 735 Wesenh.
1638 703 1661 732 l.
1681 712 1708 732 0.

57 767 165 800 verbis
188 777 245 798 neo
269 767 366 798 habeo
389 766 422 796 11.
445 767 466 797 l.
489 776 556 797 non
587 766 692 806 magis
724 766 830 797 inesse
861 766 918 796 du-

663 895 762 936 VJJ.
828 897 893 949 (A.
937 893 982 934 U.
1021 893 1063 933 c.
1102 892 1219 944 703.)

121 1022 312 1074 Quotidie
346 1021 408 1062 vel
442 1021 575 1076 potius
605 1022 648 1062 in
684 1021 768 1063 dies
803 1021 982 1076 singulos
1014 1020 1214 1061 breviores
1248 1017 1384 1058 literas
1421 1017 1470 1057 ad
1492 1022 1530 1056 te
1555 1015 1686 1055 mitto.
1721 1014 1830 1064 Quo—

62 1095 160 1137 tidie
195 1094 301 1136 enim
334 1093 462 1148 magis
497 1093 677 1149 suspicor
709 1098 748 1135 te
782 1094 826 1135 in
859 1094 1027 1149 Epirum
1061 1092 1141 1133 iam
1175 1089 1414 1146 profectum.
1470 1087 1546 1130 Sed
1592 1091 1740 1134 tamen,
1786 1090 1833 1126 ut

62 1168 297 1211 mandatum
333 1167 435 1208 scias
468 1181 531 1207 me
565 1181 737 1218 curasse,
772 1166 879 1221 quod
913 1171 1021 1217 ante,
1064 1165 1120 1206 ait
1155 1179 1195 1204 se
1229 1161 1445 1217 Pompeius
1480 1160 1625 1215 quinos
1659 1158 1833 1214 praefec-

64 1247 126 1283 tos
160 1241 387 1282 delaturum
421 1240 447 1282 †
464 1235 604 1280 'novos
638 1240 880 1291 vacationes,
909 1238 1162 1280 iudiciariam
1187 1251 1363 1277 causam.
1398 1235 1485 1288 Ego
1507 1247 1631 1288 quum
1654 1230 1833 1272 triduum

65 1329 156 1355 cum
190 1313 383 1369 Pompeio
417 1317 457 1354 et
492 1313 601 1368 apud
635 1313 873 1369 Pompeium
908 1313 1088 1362 fuissem,
1124 1308 1402 1366 proficiscebar
1436 1305 1699 1349 Brundisium
1733 1321 1768 1345 a.
1794 1304 1834 1344 d.

106 1504 126 1533 4
149 1511 293 1533 curasse.-
315 1503 387 1543 quot
409 1503 485 1532 ante
506 1519 548 1524 —-
571 1501 588 1531 5
611 1499 789 1531 delaturum
813 1508 906 1530 novos
914 1513 924 1535 ,·
948 1500 1125 1530 vacationis
1146 1517 1186 1521 -—

113 1672 259 1713 Quotidie
285 1672 335 1703 vel
350 1672 459 1712 potins
483 1672 515 1703 in
537 1671 604 1703 dies
620 1670 759 1710 sinqulos
776 1669 930 1701 breviores

68 1731 128 1758 cet.
159 1727 267 1758 Aeute
289 1727 388 1757 Laur.
412 1726 512 1757 Valla
534 1726 629 1765 Eleg.
658 1725 724 1755 ΙΙΙ.
755 1724 793 1754 68
823 1724 930 1755 obser-

69 1783 132 1816 vat,
155 1779 288 1819 quando
311 1779 532 1819 comparativo
555 1778 608 1809 vel
632 1777 742 1813 verbo,
766 1777 854 1817 quod
877 1786 930 1806 au-

69 1833 169 1873 gendi
191 1832 259 1863 vim
283 1833 390 1869 habet,
416 1832 547 1863 additur
567 1831 601 1861 in
624 1831 691 1862 dies
713 1830 853 1872 sinyulos
877 1830 930 1861 vel

68 1886 167 1918 etiam
189 1886 222 1916 in
245 1886 312 1916 dies
336 1885 416 1925 (vid.
440 1886 509 1917 Att.
534 1886 595 1916 VI.
619 1886 646 1922 2,
679 1886 727 1915 10.
757 1884 850 1914 Fam.
880 1884 928 1914 ΙΙ.

69 1940 118 1977 18,
143 1940 187 1980 1),
210 1939 390 1979 significa-ri
412 1949 462 1971 res
485 1939 602 1980 quovis
636 1939 689 1969 die
719 1942 839 1969 auctas.
876 1938 930 1967 In-

69 1992 229 2032 telligitur
251 2001 329 2031 ergo
352 1991 477 2032 aliquid
509 1991 666 2022 interesse
696 1990 783 2021 inter
812 1994 930 2020 utram-

71 2054 134 2085 que
156 2044 345 2075 dictionem.
368 2043 467 2082 Quod
490 2043 586 2084 quale
610 2043 753 2074 sitrecte
770 2041 931 2083 expressit

70 2103 224 2134 Handius
247 2103 281 2133 in
305 2103 399 2133 Turs.
423 2102 488 2133 III.
511 2113 542 2143 p.
565 2103 635 2138 342,
660 2101 716 2142 qui
738 2102 819 2132 haec
831 2101 933 2132 verba

72 2155 117 2186 ita
138 2155 307 2187 describit:
346 2155 513 2191 uLiterae,
544 2163 625 2194 quas
654 2154 694 2184 ad
724 2159 755 2184 te
785 2152 931 2193 quotidie

71 2209 167 2240 mitto
190 2219 257 2239 non
280 2209 379 2239 modo
402 2208 567 2239 breviores
599 2212 675 2238 sunt
707 2217 806 2247 quam
840 2206 930 2243 olim,

73 2265 131 2295 sed
153 2274 229 2294 cum
251 2273 451 2303 unoquoque
474 2263 525 2294 die
549 2263 715 2293 breviores
737 2262 854 2292 fiunt.⁸”
890 2261 931 2291 In

74 2318 269 2357 fragmentis
281 2318 448 2349 Labeonis
465 2322 496 2348 et
511 2317 649 2358 Ulpiani
664 2316 742 2355 Dig.
759 2315 933 2346 XXXIII.

75 2371 103 2408 1,
126 2372 147 2402 l.
173 2370 220 2408 17,
245 2372 262 2401 1
287 2376 319 2402 et
342 2371 360 2401 6
384 2371 404 2401 l.
429 2372 477 2407 13,
502 2371 535 2401 in
566 2370 685 2411 quibus
716 2370 810 2400 heres
844 2368 933 2399 iube-

76 2432 129 2457 tur
150 2423 317 2466 quolanwis
344 2424 378 2454 in
407 2433 506 2454 annos
532 2424 674 2465 sinyulos
702 2423 818 2453 vinum
847 2422 934 2461 lega-

75 2479 158 2510 tario
188 2479 264 2509 dare
299 2487 341 2509 ex
377 2482 524 2509 accurate
566 2477 730 2508 scribendi
762 2477 934 2506 voluntate

76 2532 287 2573 pleonasmus
310 2531 518 2562 excusandus
541 2535 599 2561 est.
637 2529 729 2568 Quae
752 2534 862 2559 autem
891 2527 934 2558 10-

77 2589 202 2625 guntur
230 2584 301 2615 Att.
325 2583 368 2614 V.
392 2576 421 2620 9,
444 2585 462 2614 3
489 2582 668 2622 Dionysium
690 2591 808 2621 semper
829 2599 870 2603 —
889 2579 935 2610 di-

76 2638 151 2676 lexi,
174 2638 232 2668 sed
250 2637 388 2678 quotidie
403 2637 510 2678 pluris
523 2636 624 2676 facio.
648 2636 742 2667 Fam.
765 2636 830 2666 III.
853 2636 882 2671 4,
906 2634 934 2665 2.

78 2693 165 2724 Phil.
200 2693 229 2723 Ι.
259 2692 287 2729 2,
319 2694 336 2722 5
368 2702 458 2733 quum.
486 2691 623 2732 quotidie
654 2690 752 2731 maqz's
780 2689 936 2730 mcc-(sisque.

73 2745 195 2786 perdili
217 2745 355 2776 homines
385 2744 581 2774 minarentur
612 2749 644 2774 et
677 2743 799 2774 similia
828 2742 937 2773 discri-

79 2809 165 2837 men,
205 2800 293 2840 quod
322 2798 528 2839 grammatici
565 2798 651 2829 inter
678 2796 815 2838 quotidie
845 2801 877 2828 et
904 2796 938 2826 in

77 2852 146 2884 dies
169 2862 238 2884 esse
261 2856 417 2889 statuunt,
441 2861 507 2882 non
531 2851 737 2882 convellunt.

125 2906 163 2937 Ut
187 2906 368 2937 mandalum
391 2925 432 2928 —
453 2904 653 2935 iudiciariam
677 2914 813 2935 causam.
842 2904 940 2935 Redit

81 2963 121 2994 ad
144 2963 186 2999 id,
210 2963 250 2993 de
272 2972 336 3003 quo
360 2972 409 3002 ep.
432 2963 464 2998 4,
485 2963 505 2991 4
528 2961 715 3001 scripserat:
740 2961 779 2990 cle
807 2960 940 3001 quinque

75 3015 258 3056 praefeclz's,
281 3015 357 3057 qnid
378 3015 541 3055 Pompeius
555 3014 710 3054 facturas
729 3014 781 3051 sil,
797 3024 885 3054 quum
902 3023 940 3044 ex

82 3068 148 3109 ipso
169 3079 309 3110 coynoro,
322 3068 447 3109 facimn
471 3071 505 3098 ul
528 3068 622 3098 scias.
645 3068 712 3098 Sed
726 3077 811 3107 quae
827 3067 866 3097 de
882 3067 943 3097 hac

84 3129 118 3151 re
151 3132 239 3152 nunc
274 3122 380 3152 amico
415 3121 545 3152 nuntiat
576 3126 642 3151 tam
677 3124 827 3159 corrupta
857 3123 942 3154 sunt,

84 3175 140 3205 vix
163 3179 207 3212 ut,
230 3176 308 3216 quid
330 3186 373 3207 ex
388 3175 547 3216 Pompeio
562 3173 765 3214 cognoverit,
781 3176 943 3214 appareat.

980 1671 1120 1711 Singula
1153 1670 1268 1701 ordine
1296 1678 1482 1710 persequar.
1519 1666 1611 1707 Quod
1635 1669 1709 1697 ante
1739 1666 1838 1703 Med„

977 1725 1049 1764 quot
1073 1723 1213 1754 editores
1235 1726 1307 1763 post
1338 1720 1536 1752 Victorium.
1574 1720 1664 1750 Illud
1694 1718 1836 1749 retineo:

977 1776 1059 1817 quod
1080 1786 1123 1807 sc.
1146 1776 1355 1811 mandatum3
1380 1775 1437 1805 scd
1460 1774 1600 1805 verbum
1624 1773 1762 1803 addatur
1784 1772 1837 1802 de-

977 1830 1054 1861 disti
1078 1830 1131 1861 vcl
1153 1829 1261 1860 simile
1284 1829 1372 1869 quid.
1405 1828 1445 1858 In
1470 1826 1603 1868 apodosi
1634 1827 1714 1857 haec
1745 1830 1837 1856 sunt:

979 1885 1026 1916 ait
1052 1894 1085 1915 Se
1115 1884 1275 1924 Pompeius
1304 1882 1414 1924 quinos
1441 1881 1622 1922 praefectos
1653 1880 1841 1911 delaturum.

978 1942 1018 1972 In
1041 1941 1092 1972 his
1115 1941 1362 1971 distributivum
1384 1944 1471 1970 recte
1493 1939 1572 1980 poni
1595 1939 1750 1969 adversus
1782 1937 1842 1967 Er-

978 1999 1108 2026 nestum
1144 1993 1296 2025 defendo.
1339 1992 1470 2023 Iudicat
1508 1991 1598 2022 enim
1642 1990 1842 2030 Pompeium

978 2060 1081 2081 onmes
1102 2049 1234 2091 quinque
1255 2047 1349 2079 simul
1370 2047 1544 2087 designare
1566 2046 1663 2077 velle.
1694 2045 1745 2076 Cf.
1767 2045 1842 2076 Rei-

979 2103 1055 2143 sigii
1077 2102 1208 2133 scholae
1231 2101 1271 2131 de
1294 2110 1433 2140 gramm.
1458 2099 1532 2130 Lat.
1557 2099 1574 2138 ἓ
1598 2098 1668 2128 116.
1701 2097 1772 2128 Nos
1795 2098 1842 2128 di-

979 2156 1083 2186 cimus
1105 2154 1171 2184 alle
1193 2153 1263 2193 vzjq'fl
1299 2152 1433 2192 Deferre
1460 2150 1659 2191 praefectum
1686 2160 1754 2181 non
1785 2154 1842 2187 est,

979 2214 1016 2240 ut
1039 2208 1204 2239 Corradus
1227 2206 1373 2247 putabat,
1397 2204 1548 2236 beneficii
1571 2214 1668 2234 causa
1691 2204 1731 2234 ad
1754 2213 1843 2234 aera-

981 2265 1069 2295 rium
1091 2262 1227 2298 deferre,
1250 2261 1339 2301 quod
1361 2269 1468 2300 neque
1491 2268 1580 2289 nunc
1603 2258 1675 2289 fieri
1706 2262 1844 2298 poterat,

981 2327 1085 2358 quum
1107 2315 1191 2346 nihil
1226 2314 1380 2354 egissent,
1411 2322 1518 2353 neque
1549 2322 1568 2342 a
1596 2312 1756 2352 Pompeio
1788 2312 1845 2342 sed

982 2382 1000 2402 a
1024 2371 1184 2403 Cicerone
1207 2368 1279 2399 fieri
1305 2367 1454 2404 debebat,
1472 2366 1499 2397 si
1514 2366 1675 2397 iudicaret
1691 2375 1746 2397 eos
1762 2365 1846 2396 bene

982 2426 1021 2456 de
1043 2423 1156 2464 repub.
1179 2431 1249 2454 esse
1261 2420 1405 2452 meritos.
1429 2420 1507 2450 Vid.
1536 2419 1604 2451 Cic.
1628 2419 1721 2450 Fam.
1737 2419 1780 2450 V.
1795 2419 1846 2456 20,

983 2478 1011 2511 ’7.
1034 2478 1137 2509 Α1·011.
1160 2479 1189 2508 5.
1212 2477 1307 2508 Balb.
1332 2475 1380 2506 63.
1410 2474 1504 2504 Nihil
1528 2473 1619 2504 aliud
1642 2482 1721 2510 esse,
1746 2482 1846 2513 quam

983 2531 1157 2571 designare
1180 2540 1205 2561 s.
1228 2530 1335 2560 faeere
1357 2526 1537 2568 praefectos
1568 2531 1699 2567 apparet
1729 2535 1745 2556 e
1776 2535 1846 2556 ver-

984 2586 1033 2616 bis
1057 2594 1106 2625 ep.
1130 2585 1178 2621 11,
1204 2584 1237 2614 6:
1261 2583 1295 2613 in
1313 2580 1489 2622 praefectis
1511 2598 1552 2603 —
1573 2590 1648 2621 quos
1670 2580 1764 2616 volae,
1795 2579 1847 2609 de-

975 2639 1076 2679 serto.
1102 2637 1286 2678 Supersunt
1306 2636 1403 2667 haec:
1428 2644 1522 2665 novos
1552 2633 1734 2665 vacationes
1762 2632 1846 2663 iudi-

985 2690 1116 2721 cientium
1140 2699 1275 2720 eausam.
1301 2688 1392 2727 Quot
1422 2687 1531 2723 verba,
1562 2690 1610 2717 tot
1643 2685 1773 2716 menda.
1811 2684 1849 2716 Si

986 2743 1153 2784 quaeritur
1188 2742 1324 2782 aliquid,
1354 2741 1441 2781 quod
1470 2738 1616 2779 intelligi
1647 2737 1757 2778 possit,
1786 2737 1849 2768 hoc

986 2797 1122 2828 fortasse
1145 2806 1213 2827 non
1235 2796 1333 2836 plane
1356 2792 1561 2834 displicebit:
1586 2802 1647 2822 non
1670 2791 1737 2821 vult
1759 2791 1848 2831 (cum

986 2850 1129 2881 Graevio
1153 2855 1208 2880 aut
1230 2859 1307 2880 cum
1329 2849 1357 2879 Ι.
1378 2847 1416 2878 F.
1440 2845 1626 2878 Gronovio:
1650 2845 1774 2885 nullas)
1797 2854 1849 2874 va·

987 2901 1128 2933 cationes
1149 2912 1169 2931 a
1198 2900 1327 2933 iudiciis
1356 2900 1454 2930 aliam
1482 2898 1518 2929 ob
1549 2907 1675 2928 causam
1705 2907 1738 2927 o:
1770 2896 1849 2927 solis

987 2954 1168 2996 praefectis,
1191 2964 1259 2984 non
1279 2953 1352 2984 aliis
1364 2952 1493 2983 civibus
1508 2950 1677 2987 Romanis,
1693 2949 1749 2990 qui
1766 2948 1850 2980 forte

988 3009 1022 3039 in
1045 3007 1215 3049 provincia
1238 3012 1343 3043 erunt,
1368 3004 1519 3036 concedit
1539 3003 1755 3040 vacationem,
1773 3012 1851 3043 quo-

988 3063 1098 3093 minus
1108 3061 1236 3092 iudiciis
1245 3070 1379 3101 operam
1386 3060 1474 3090 dent.
1490 3058 1651 3088 Libenter
1660 3056 1783 3088 multos
1790 3056 1852 3087 hac

988 3116 1160 3147 vacatione
1182 3125 1257 3145 usos
1279 3113 1380 3144 fuisse
1402 3116 1535 3153 apparet
1556 3120 1573 3142 e
1588 3109 1656 3142 Cic.
1672 3111 1777 3142 Bruto
1791 3110 1850 3143 117

989 3174 1021 3201 et
1044 3168 1069 3199 si
1094 3168 1196 3199 altero
1220 3171 1301 3199 teste
1324 3175 1406 3207 opus
1430 3169 1477 3196 est
1499 3173 1517 3195 e
1539 3163 1643 3194 Plinii
1662 3172 1711 3204 ep.
1739 3162 1783 3194 X.
1801 3163 1851 3196 67.
