2117 3533
669 176 777 218 LIB.
811 177 893 218 III.
928 177 1012 218 ΕΡ.
1043 178 1115 218 19.
1152 178 1223 218 20.
1739 175 1821 214 147

72 328 120 353 ex
152 326 245 366 agro
277 316 347 352 tuo
380 315 539 352 ‘tantum
572 311 762 365 assignes,
798 316 994 366 quantum
1035 326 1122 352 meo
1162 326 1323 366 corpore
1367 308 1553 365 occupari
1595 312 1741 364 potest,
1787 312 1827 348 et

70 400 211 440 pueros
244 384 294 425 ad
325 400 387 426 me
421 399 511 425 cum
544 383 670 424 literis
704 398 823 438 quam
856 384 1029 438 primum
1063 388 1102 424 et
1136 398 1255 437 quain
1289 383 1518 438 saepissime
1543 381 1695 423 mittas.
1729 380 1825 421 Dat.

73 471 163 499 XVI.
195 456 288 498 Kal.
323 457 488 498 Octobr.

110 617 144 648 Si
172 618 281 649 minus.
310 619 362 649 Ita
389 620 468 650 dant
497 620 591 650 codd.
624 620 656 650 h.
686 620 708 650 1.
739 624 769 651 et
800 618 863 651 Off.
895 620 923 650 I.
969 619 1032 650 IX.
1056 620 1104 656 15,
1129 619 1144 649 1
1170 628 1187 650 6
1215 618 1366 650 Mediceo
1395 623 1527 649 notatur
1547 618 1577 648 Sz'
1599 618 1710 649 minus.
1740 618 1825 649 Utro

72 672 112 702 14
134 677 217 702 extr.
241 671 291 702 De
320 671 409 704 Orat.
434 673 480 703 H.
510 673 571 703 306
604 682 647 704 ex
675 674 805 714 optimis
834 673 862 703 ει·
891 673 926 703 z'cl
969 673 1066 703 modo
1089 673 1258 709 scribatur,
1281 672 1366 702 nihil
1387 672 1533 703 interest.

70 727 169 756 minus
191 727 331 758 restituit
352 727 487 759 Ellendt
509 738 567 768 pro
589 728 639 758 sin
661 728 696 759 ἑά
711 728 822 759 acinus.
855 728 924 758 Att.

679 835 768 875 XX.
836 835 900 887 (A.
942 834 986 874 U.
1025 834 1066 873 C.
1102 835 1221 887 696.)

230 929 414 966 6106110
446 932 480 968 6.
518 931 558 968 n.
589 931 636 980 Q.
668 931 906 968 61601110
938 931 984 980 Q.
1015 932 1057 969 F.
1089 930 1435 968 POMPONIANO
1468 929 1665 967 ATTioo,

134 1037 173 1076 1.
207 1034 325 1087 Quod
359 1034 521 1090 quidem
553 1034 610 1074 ita
643 1048 726 1074 esse
760 1038 800 1073 et
833 1032 1076 1073 avunculum
1109 1037 1224 1072 tuum
1257 1031 1442 1072 functum
1475 1047 1559 1072 esse
1594 1029 1736 1080 officio,
1761 1044 1825 1069 ve-

70 1108 366 1148 hementissime
398 1106 544 1162 probo,
578 1105 751 1160 gaudere
783 1120 845 1146 me
878 1110 967 1146 tuin
1000 1104 1144 1156 dicam,
1190 1105 1224 1145 si
1266 1104 1367 1145 mihi
1414 1104 1489 1144 hoc
1530 1103 1649 1144 verbo
1687 1102 1827 1144 licebit

75 1179 145 1220 111;1.
190 1180 259 1220 Μ6
292 1181 501 1222 miserum!
539 1195 658 1234 quam
693 1179 826 1220 omnia
860 1183 992 1219 essent
1025 1194 1071 1218 ex
1107 1178 1319 1228 sent-entia,
1355 1178 1388 1218 si
1420 1177 1537 1218 nobis
1579 1176 1750 1227 animus,
1793 1176 1827 1216 si

72 1253 297 1304 eonsilium,
332 1254 366 1294 si
399 1253 495 1294 fides
529 1268 679 1302 eorum,
715 1251 862 1306 quibus
897 1251 1155 1301 credidimus,
1190 1266 1271 1291 non
1313 1249 1525 1291 defuisset!
1573 1264 1673 1303 quae
1718 1248 1827 1290 colli-

70 1339 161 1378 gere
194 1325 301 1376 11010,
335 1342 385 1367 116
418 1341 586 1380 augeam
618 1340 850 1366 maerorem.
901 1324 979 1366 Sed
1012 1324 1089 1364 tibi
1121 1324 1255 1365 venire
1288 1324 1332 1364 in
1365 1328 1540 1363 mentem
1582 1327 1688 1363 certo
1731 1322 1826 1373 scio,

72 1412 172 1451 quae
206 1398 288 1439 vita
321 1403 424 1439 esset
456 1402 606 1448 nostra,
641 1412 740 1451 quae
765 1397 954 1447 suavitas,
980 1412 1080 1451 quae
1105 1396 1295 1451 dignitas.
1331 1395 1396 1436 Ad
1420 1411 1520 1450 (111116
1543 1395 1827 1450 recuperanda,

70 1484 138 1523 per
171 1469 370 1512 fortunas!
405 1469 606 1519 incumbe,
641 1474 688 1510 ut
720 1469 831 1519 facis,
867 1469 1052 1523 diemque
1086 1469 1261 1510 natalem
1294 1468 1447 1509 reditus
1480 1468 1559 1509 mei
1592 1483 1687 1508 cura
1719 1468 1831 1508 utin

114 1656 150 1697 Q.
174 1656 310 1687 C'aecz'lz'o
336 1656 371 1697 Q.
394 1657 430 1687 F.
454 1656 668 1697 Pomponiano
686 1656 803 1686 Attico.
828 1656 926 1687 Corn.

69 1708 179 1749 Nepos
208 1709 242 1739 in
279 1709 394 1740 Attico
433 1711 449 1739 5
489 1710 602 1740 scribit
633 1709 854 1748 Pomponium
886 1709 927 1738 ab

69 1762 233 1792 avunculo
265 1761 306 1800 Q.
347 1761 499 1799 Caecilio,
538 1763 672 1793 homine
702 1762 802 1793 divite
833 1767 927 1792 testa·

72 1818 183 1844 mento
212 1815 402 1854 adoptatum
439 1820 471 1845 et
501 1824 544 1845 ex
577 1815 735 1845 dodrante
770 1815 927 1845 heredem

72 1866 194 1898 factum
218 1876 296 1898 esse.
319 1868 409 1898 Hinc
432 1868 530 1898 modo
552 1868 591 1898 T.
615 1867 818 1907 Pomponius
841 1868 926 1898 Atti-

70 1929 125 1950 cus
147 1920 244 1950 modo
267 1920 308 1958 Q.
333 1919 495 1950 Caecilius
517 1920 650 1950 Atticus
673 1920 850 1956 dicebatur,
886 1920 927 1950 cf.

71 1972 178 2003 Varro
200 1973 240 2003 de
262 1973 310 2003 Re
332 1972 424 2003 Rust.
447 1973 492 2003 ΙΙ.
516 1973 544 2002 2.
568 1972 660 2003 Suet.
690 1973 764 2003 Tib.
789 1973 815 2009 Τ,
848 1973 928 2003 eius·
951 1982 953 1997 ι

70 2035 132 2066 (1116
154 2025 273 2056 liberto
295 2024 336 2063 Q.
361 2024 505 2056 Caecilio
528 2025 681 2065 Epirotae
704 2035 824 2056 nomen
857 2025 927 2055 fuit.

68 2077 158 2109 Suet.
181 2079 220 2108 de
243 2087 380 2117 grainan.
404 2077 451 2107 16.
476 2077 591 2108 Cicero
615 2088 740 2108 novum
756 2087 877 2108 nomen
895 2085 925 2108 et

69 2133 285 2164 hereditatem
315 2132 430 2163 festive
461 2142 548 2163 nunc
588 2133 694 2162 amico
731 2133 926 2172 gratulatur.

69 2187 155 2217 Nam
178 2187 309 2217 initium
331 2186 487 2226 epistolae
506 2187 625 2226 pendet
641 2196 683 2216 ex
699 2186 923 2226 inscriptione,

71 2246 107 2271 ut
127 2240 221 2271 Fam.
243 2240 270 2270 I.
295 2241 343 2277 10,
370 2240 426 2270 ubi
457 2239 540 2269 nihil
570 2240 669 2276 deest,
701 2246 731 2270 et
763 2240 841 2269 VH.
874 2240 922 2277 29,

71 2293 164 2324 cuius
202 2292 350 2323 initium:
389 2291 459 2321 Sum
490 2291 567 2321 enim
598 2291 723 2335 χρήσει
762 2289 821 2336 μὲν
857 2294 928 2321 tuus

951 2268 953 2284 1

71 2350 184 2382 referri
205 2350 302 2381 debet
326 2352 366 2380 ad
388 2349 430 2385 id,
454 2349 540 2389 quod
563 2349 596 2378 in
619 2349 832 2390 inscriptione
862 2356 926 2381 est:

76 2404 216 2435 Ciceroni
239 2414 303 2434 suo.

114 2456 147 2487 Sz'
169 2457 254 2487 nobis
276 2456 407 2492 animus,
430 2461 489 2486 cet.
525 2456 625 2487 Recte
648 2456 799 2487 observat
822 2457 928 2487 Mose-

71 2520 126 2541 rus
147 2510 263 2550 Symb.
287 2510 367 2541 Crit.
392 2509 434 2539 V.
458 2520 488 2549 p.
512 2510 540 2546 3,
563 2519 659 2540 voces
684 2520 797 2546 eorum,
821 2510 929 2550 quibus

70 2562 259 2593 credidimus
281 2562 322 2592 ad
343 2562 448 2592 solam
459 2562 559 2601 fidem
591 2562 764 2602 pertinere,
793 2562 926 2592 annnam

71 2621 103 2646 et
124 2615 286 2645 consilium
308 2615 411 2655 ipsius
434 2614 602 2645 Ciceronis
625 2624 704 2645 esse.
742 2614 790 2646 Cf.
815 2616 855 2645 ad
886 2616 926 2653 Q.

70 2668 109 2699 fr.
132 2669 160 2699 Ι.
182 2670 211 2705 4,
235 2668 262 2704 1,
285 2667 332 2697 ita
354 2668 430 2698 milii
450 2667 534 2698 nihil
554 2667 663 2698 misero
678 2670 810 2708 praeter
827 2667 925 2709 fidem

70 2721 246 2757 mazicorum,
268 2723 393 2751 cautum
415 2731 509 2751 meum
541 2721 701 2751 consilz'mn
730 2721 842 2761 defuit,
873 2722 928 2762 qui

73 2774 163 2805 loeus
193 2775 361 2814 aliquanto
390 2775 502 2815 purior
530 2775 599 2811 erit,
630 2775 656 2804 si
687 2776 787 2806 verba
816 2775 863 2806 ita
896 2781 926 2806 et

72 2827 155 2859 m'lcil
177 2837 194 2859 e
217 2823 445 2871 ὃιττογραφίᾳ
467 2833 537 2857 orta
559 2827 770 2867 expunxeris.

117 2883 206 2915 Cerdo
227 2883 301 2913 seio.
332 2883 433 2913 Multi
455 2888 532 2913 sunt
562 2883 767 2922 grammatici
791 2883 824 2913 in
851 2884 927 2914 defi-

74 2938 196 2969 niendo
231 2936 420 2968 discrimine
455 2936 542 2967 inter
570 2936 654 2966 hanc
685 2936 861 2966 formulam
897 2942 927 2967 et

73 2993 157 3022 certe
178 2991 258 3026 6010,-
277 2990 334 3020 illa
353 2990 479 3020 ratione
494 2989 674 3025 veritatem,
693 2989 726 3019 in
742 2989 810 3029 ipsa
827 2990 927 3021 scien-

75 3046 120 3076 tia
141 3045 290 3085 positam,
313 3043 473 3074 declarari
494 3043 611 3073 volunt
631 3049 669 3073 ut
690 3043 747 3073 sit:
772 3046 859 3074 certa
883 3046 930 3074 est

74 3097 151 3128 milli
172 3097 219 3128 rei
240 3097 394 3134 scientias
417 3097 477 3127 hae
501 3101 611 3126 autem
633 3096 778 3127 veritatis
801 3106 929 3137 persua-

75 3151 212 3188 sionem,
246 3151 279 3181 in
309 3150 448 3181 dicentis
476 3149 597 3180 iudicio
625 3149 781 3188 positam:
813 3152 927 3179 eeriwm
951 3184 955 3193 ,

975 1658 1020 1686 est
1043 1666 1088 1686 me
1110 1656 1201 1686 seire.
1225 1655 1301 1686 Vid.
1324 1655 1448 1694 Reisig.
1472 1653 1584 1685 Schol.
1613 1654 1631 1692 ἓ
1666 1654 1725 1684 135
1756 1662 1833 1684 cum

975 1710 1049 1740 adn.
1073 1710 1143 1740 249.
1178 1708 1243 1739 Sed
1266 1708 1382 1738 merito
1404 1708 1463 1738 has
1486 1706 1629 1747 argutias
1651 1706 1834 1737 contemnit

950 1787 951 1799 1
974 1763 1164 1802 Madvigius
1188 1762 1221 1792 in
1244 1762 1344 1802 praef.
1369 1762 1410 1792 ad
1432 1760 1502 1792 Cat.
1525 1760 1601 1791 mai.
1623 1765 1653 1791 et
1669 1760 1832 1796 Laelium,

976 1815 1129 1845 Hauniae
1153 1816 1243 1851 1835,
1270 1825 1301 1855 p.
1325 1815 1367 1851 V,
1392 1815 1425 1844 in
1449 1813 1676 1844 cuiusiudicio
1691 1812 1833 1853 acquies-

976 1870 1117 1900 cendum
1139 1875 1228 1908 puto,
1253 1878 1311 1908 pro
1335 1870 1420 1898 cerlo
1443 1868 1543 1899 etiam
1567 1869 1650 1897 certe
1672 1866 1751 1907 poni
1779 1876 1835 1906 po-

977 1923 1086 1957 tuisse,
1112 1932 1179 1952 non
1203 1927 1325 1958 contra,
1350 1926 1380 1952 et
1405 1921 1484 1961 quid
1499 1929 1630 1961 quoque
1646 1920 1719 1949 loco
1738 1919 1835 1959 scrip-

977 1982 1048 2006 tuni
1081 1976 1130 2011 sit,
1162 1985 1178 2006 e
1209 1975 1358 2005 codicum
1396 1974 1589 2004 auctoritate
1626 1973 1836 2003 statuendum

977 2040 1056 2061 esse.
1080 2030 1120 2060 In
1143 2029 1251 2060 verbis
1273 2039 1352 2069 quae
1377 2027 1440 2058 rita
1465 2029 1544 2057 esset
1566 2029 1685 2063 nosfra,
1708 2026 1836 2066 imperf.

976 2084 1140 2115 coniunct.
1172 2085 1251 2113 esset
1283 2092 1324 2113 ne
1347 2082 1399 2112 cui
1422 2082 1572 2112 videatur
1594 2080 1773 2121 praeceptis
1796 2081 1836 2110 de

975 2136 1207 2167 consecutione
1220 2141 1407 2175 temporum
1421 2143 1614 2174 repugnare,
1632 2133 1835 2163 monendum

977 2192 1383 2231 Ciceronemloquentem
1407 2191 1446 2221 de
1469 2190 1546 2226 vita,
1561 2199 1643 2230 quae
1664 2188 1834 2219 0111611116-

977 2252 1032 2282 set,
1056 2256 1123 2276 non
1147 2254 1230 2286 quae
1260 2252 1331 2274 tuni
1362 2248 1454 2280 esset,
1485 2243 1580 2274 aliter
1603 2242 1744 2273 scribere
1766 2252 1832 2272 non

976 2300 1130 2340 potuisse.

1018 2353 1080 2383 Pes·
1093 2352 1249 2392 fortunas
1272 2361 1314 2381 sc.
1337 2355 1368 2381 te
1391 2360 1458 2386 Ol'O,
1482 2350 1569 2389 quod
1591 2349 1719 2390 saepius
1739 2349 1832 2380 omit-

952 2434 953 2437 ,
977 2410 1066 2440 titur.
1104 2408 1179 2438 Vid.
1210 2406 1362 2446 exempla
1394 2414 1476 2445 quae
1506 2404 1640 2444 collegit
1662 2405 1768 2435 Kritz.
1792 2406 1830 2435 ad

976 2461 1043 2492 Sal.
1074 2462 1146 2500 Ins-f.
1176 2461 1223 2495 14,
1247 2460 1297 2489 525.
1334 2457 1497 2489 Orellium
1519 2466 1597 2487 vero
1620 2467 1687 2487 non
1718 2457 1831 2497 probo,

974 2515 1030 2556 (1111
1053 2515 1176 2554 ubique
1212 2512 1388 2543 formulam
1410 2521 1472 2551 per
1501 2513 1531 2540 te
1562 2510 1643 2551 (cos)
1664 2509 1830 2549 fortunam

975 2570 1047 2599 sim.
1071 2568 1184 2598 Tullio
1207 2566 1381 2597 obtrudere
1404 2564 1537 2600 studuit,
1561 2568 1597 2594 ut
1619 2563 1712 2594 Fam.
1731 2563 1831 2594 XIV.

976 2624 1002 2659 1,
1028 2624 1056 2652 5.
1079 2621 1192 2651 Plane.
1216 2620 1285 2649 103.
1307 2617 1480 2648 Vtrumvis
1495 2622 1581 2647 recte
1597 2617 1724 2653 dicitur,
1740 2626 1830 2647 more

975 2675 1184 2709 Graecorum,
1220 2672 1311 2702 velut
1346 2671 1380 2700 in
1410 2669 1522 2710 Eurip.
1554 2669 1643 2699 Med.
1672 2669 1710 2699 65
1751 2669 1830 2709 legi-

974 2739 1047 2758 mus
1070 2721 1308 2771 πρὸςγενεὶου,
1326 2723 1404 2753 ibid.
1421 2723 1490 2753 324.
1505 2719 1589 2766 πρὸς
1606 2732 1641 2753 σε
1658 2720 1829 2765 γονάτων.

974 2784 1036 2814 Per
1049 2783 1204 2823 fortunas
1225 2789 1335 2811 rursus
1357 2779 1479 2819 legitur
1500 2778 1544 2808 V.
1568 2778 1615 2814 11,
1641 2777 1655 2807 1
1682 2783 1712 2808 et
1736 2778 1783 2815 13,
1800 2779 1828 2809 3.

974 2837 1023 2867 De
1047 2835 1180 2866 aedibus
1202 2833 1307 2864 Attici
1330 2831 1370 2862 cf.
1394 2831 1492 2862 Corn.
1514 2830 1587 2861 Att.
1612 2831 1661 2860 13.

1016 2888 1105 2918 Dieuc
1128 2886 1266 2917 natalem
1289 2884 1412 2914 reditus
1434 2882 1501 2913 mei.
1525 2882 1603 2913 Dies
1626 2883 1744 2912 natalis
1758 2892 1830 2923 pro-

976 2941 1044 2981 prie
1073 2946 1121 2970 est
1149 2939 1228 2975 dies,
1264 2948 1328 2978 quo
1357 2937 1430 2976 quis
1460 2935 1619 2971 nascitur3
1651 2941 1720 2965 tuni
1750 2935 1828 2972 dies,

976 3003 1039 3033 quo
1062 2991 1238 3032 quotannis
1260 2989 1422 3020 natalium
1451 2987 1610 3018 memoria
1638 2987 1830 3018 celebratur.

977 3047 1031 3077 Sic
1054 3045 1132 3076 diem
1156 3044 1276 3075 redilus
1304 3043 1442 3072 nalalem
1472 3045 1566 3071 vocat
1598 3040 1705 3080 ipsun]
1735 3040 1828 3071 illtun

976 3101 1073 3137 diem,
1097 3109 1161 3139 (1110
1184 3099 1217 3129 111
1232 3097 1372 3138 patriani
1385 3096 1514 3131 rediret,
1530 3094 1612 3125 Sest.
1630 3095 1700 3132 131,
1717 3095 1831 3126 eadem

976 3162 1053 3184 usus
1087 3151 1285 3191 metaphora,
1315 3159 1379 3190 qna
1408 3147 1551 3178 reditum
1579 3156 1676 3178 suum
1697 3146 1832 3177 alterius

1559 3200 1647 3242 1οἥ
