2117 3533
192 945 228 971 10

245 143 332 186 202
649 140 733 181 ΕΡ.
767 139 843 180 AD
875 138 922 178 T.
956 135 1305 178 POMPONIUM
1338 134 1602 177 ATTICUM.

241 277 349 318 cium
383 279 474 316 ante
509 272 672 314 comitia
703 272 815 313 fieret
847 270 897 313 ab
930 271 981 312 iis
1013 270 1205 321 consiliis,
1248 285 1349 325 quae
1390 274 1504 312 erant
1543 270 1570 314 †
1613 268 1800 311 omnibus
1844 269 1998 322 sortita,

241 350 285 391 in
318 347 495 402 singulos
529 344 778 386 candidatos.
811 345 987 399 Magnus
1017 344 1137 385 timor
1170 344 1489 386 candidatorum.
1523 342 1601 385 Sed
1635 342 1798 397 quidam
1830 340 1998 391 iudices,

243 424 286 464 in
319 421 381 462 his
415 418 614 474 Opimius,
650 417 836 468 Veiento,
879 417 1066 467 Bantius,
1108 415 1293 458 tribunos
1342 417 1398 473 pl.
1442 415 1707 472 appellarunt,
1751 429 1801 456 ne
1843 414 2002 455 iniussu

243 493 382 550 populi
414 491 653 533 iudicarent.
688 490 766 530 Res
800 489 919 530 sedit.
953 488 1126 529 Comitia
1160 489 1284 530 dilata
1316 504 1364 530 ex
1398 494 1560 530 senatus
1593 488 1790 539 consulto,
1821 487 1917 528 dum
1939 487 2002 528 lex

244 567 293 608 de
325 564 449 606 tacito
481 563 632 605 iudicio
666 563 849 604 ferretur.
883 562 1008 603 Venit
1039 562 1120 616 legi
1153 561 1252 603 dies.
1286 563 1498 604 Terentius
1522 561 1760 603 intercessit.
1794 560 2003 610 Consules,

243 638 311 693 qui
342 636 444 679 illud
476 636 554 677 levi
587 635 749 677 brachio
783 635 970 690 egissent,
1004 648 1088 675 rem
1121 634 1171 675 ad
1206 639 1388 676 senatum
1422 634 1667 676 detulerunt.
1727 634 1808 675 Hic
1842 632 2002 674 Abdera

243 726 325 753 non
356 713 514 751 tacente
547 723 624 749 me.
669 708 809 748 Dices:
844 708 995 748 Tamen
1037 711 1084 748 tu
1123 722 1205 748 non
1247 707 1445 761 quiescis?
1489 707 1672 762 Ignosce,
1717 706 1784 747 vix
1827 720 2003 761 possum.

245 784 533 824 Verumtamen
566 779 663 835 quid
697 784 779 820 tam
811 778 1056 820 ridiculum?
1101 779 1271 820 Senatus
1316 778 1556 829 decreverat,
1598 794 1647 819 ne
1691 778 1802 833 prius
1843 777 2006 818 comitia

245 855 501 904 haberentur,
536 868 655 908 quam
687 852 752 894 lex
783 852 864 893 lata
897 855 1021 902 esset3
1056 851 1089 892 si
1122 851 1192 906 qui
1224 851 1527 901 intercessisset,
1562 866 1624 892 res
1656 850 1812 905 integra
1843 848 2005 891 referre-

246 934 328 970 tur.
362 927 512 983 Coepta
544 926 638 966 ferri
670 924 831 975 leviter3
866 924 1130 965 intercessum
1162 939 1244 964 non
1276 924 1415 965 invitis
1424 942 1436 975 3
1470 939 1531 965 res
1566 924 1615 965 ad
1649 928 1853 965 senatum:
1888 922 1937 963 de
1960 937 2006 963 ea

247 1016 289 1042 re
320 1000 378 1041 ita
411 1002 653 1040 censuerunt
685 996 849 1038 comitia
888 996 1017 1051 primo
1058 1010 1217 1050 quoque
1261 1000 1437 1051 tempore
1482 995 1620 1037 haberi
1660 1011 1745 1037 esse
1789 1011 1809 1037 e
1850 1010 1891 1036 re
1934 1010 2005 1050 pu-

249 1072 367 1114 blica.
404 1073 445 1112 4.
479 1071 665 1119 Scamus,
700 1068 770 1124 qui
803 1072 888 1109 erat
919 1067 1058 1123 paucis
1093 1066 1235 1108 diebus
1268 1067 1349 1109 illis
1383 1067 1607 1118 absolutus,
1642 1082 1767 1123 quum
1790 1082 1863 1122 ego
1891 1067 1916 1113 †
1939 1082 2006 1123 pa-

292 1245 309 1276 1
321 1244 430 1285 fieret.
451 1242 497 1273 Ab
518 1241 560 1274 iis
573 1260 615 1265 —
636 1242 656 1273 2
678 1241 877 1281 candidatos,
900 1252 1029 1284 maynus
1050 1260 1092 1266 —
1113 1244 1131 1274 3
1156 1242 1272 1274 Antius
1294 1260 1336 1265 -—-
1357 1242 1377 1272 4
1399 1241 1459 1273 Res
1484 1241 1566 1274 cedit
1580 1259 1621 1265 —
1637 1241 1677 1272 12
1691 1241 1877 1283 eqopccrtem
1891 1239 2010 1271 eius—

251 1414 284 1445 h.
301 1414 324 1444 l.
345 1418 555 1451 memoratur,
579 1432 620 1436 —
641 1423 718 1444 nam
741 1413 860 1444 indicia
883 1414 985 1444 tacita
1006 1413 1041 1444 in
1063 1413 1110 1444 ΙΙ.

252 1467 316 1500 Off.
338 1468 357 1508 ξ
380 1468 421 1498 24
442 1468 482 1498 de
512 1468 577 1498 alia
605 1477 640 1499 re
669 1467 733 1498 dici
767 1467 863 1499 facile
891 1468 1049 1499 obtinebo
1070 1486 1112 1489 —

251 1522 359 1552 lucem
381 1520 498 1561 accipit
518 1530 535 1551 e
550 1521 794 1561 comparatione
812 1520 886 1551 SCtz‘
904 1520 1006 1558 taciti,
1022 1521 1111 1561 quod

251 1575 421 1615 descripsit
449 1575 554 1605 Iulius
585 1574 793 1615 Capitolinus
829 1574 864 1606 in
896 1574 1052 1606 Gordian.
1080 1585 1111 1615 p.

253 1628 312 1661 157
335 1628 377 1659 A.
402 1629 442 1659 B.
465 1628 541 1659 edit.
563 1627 665 1659 Salm.
688 1628 768 1658 Erat
792 1628 962 1665 iudicium,
985 1628 1037 1659 cui
1058 1637 1112 1659 ne-

253 1683 337 1714 mini
369 1682 434 1713 nisi
469 1682 676 1713 senatoribus
714 1682 872 1713 interesse
914 1683 1044 1720 licebat,
1082 1687 1113 1713 et

253 1737 347 1767 cuius
369 1736 532 1768 sententia
555 1746 622 1767 non
646 1736 710 1767 nisi
734 1741 806 1777 post
835 1737 949 1768 habita
979 1737 1113 1767 comitia

254 1790 477 1830 evulgaretur.
523 1789 665 1821 Senatus
688 1790 750 1820 hoc
772 1790 954 1821 decrevisse
984 1790 1114 1821 videtur

256 1853 299 1874 ex
321 1843 484 1874 sententia
507 1842 650 1873 Catonis.
683 1843 811 1873 Locum
835 1843 924 1874 enim
947 1853 964 1874 e
987 1843 1112 1874 Plutar-

256 1898 310 1929 chi
333 1897 403 1929 Cat.
426 1897 506 1928 min.
529 1898 570 1927 44
592 1907 667 1928 cum
690 1897 885 1928 Drumanno
907 1897 973 1927 huc
999 1897 1113 1928 referri

256 1959 349 1991 posse
371 1954 534 1990 putamus.
557 1950 598 1980 In
614 1950 724 1980 verbis
740 1949 982 1989 distinguendis
995 1958 1114 1988 sequor

257 2002 472 2035 Gronovium.
495 2003 662 2033 Iudicium
684 2003 768 2033 illud
789 2002 978 2034 habendum
994 2006 1062 2033 erat
1080 2002 1113 2032 ἐκ

257 2055 398 2095 sinyulos
419 2054 616 2092 candidatos,
640 2065 742 2096 quum
771 2063 885 2086 omnes
912 2059 1020 2086 essent
1049 2063 1114 2084 sus-

258 2108 344 2149 pecti
365 2109 406 2139 de
429 2109 566 2145 ambitu,
591 2113 622 2139 et
639 2108 829 2139 habendum
843 2118 863 2137 a
879 2106 1022 2138 consiliis
1034 2107 1114 2138 iudi-

258 2173 332 2194 cum
355 2167 440 2193 501το
461 2162 630 2193 ducendis.
1093 2155 1097 2158 ’

304 2215 391 2256 Quae
413 2218 505 2246 erant
527 2218 543 2254 †
565 2214 703 2246 omnibus
724 2215 850 2246 sortita.
882 2214 966 2246 Cum
990 2213 1116 2246 Orellio

259 2271 392 2311 signum
422 2270 495 2301 vitii
525 2270 659 2311 apposui
688 2269 797 2300 verbis
826 2268 964 2300 omnibus
993 2267 1116 2305 sortita,

260 2326 316 2356 sed
338 2325 550 2355 vehementer
570 2323 717 2364 repudio,
737 2324 824 2363 quod
839 2323 898 2353 ille
913 2322 948 2353 in
966 2322 1116 2361 margine

260 2378 445 2418 adscripsit:
471 2377 562 2408 Fort.
578 2378 670 2407 erant
686 2376 824 2407 omnibus
839 2375 978 2406 tribubus
991 2375 1117 2405 sortita.

262 2430 407 2462 Consilia
430 2430 578 2460 iudicum
600 2429 671 2460 sine
694 2428 794 2459 dubio
817 2438 834 2459 e
857 2428 935 2459 solis
964 2428 1118 2459 senat-ori-

263 2483 321 2513 bus
343 2482 537 2513 constabant
558 2482 593 2512 in
615 2482 678 2512 hoc
700 2481 798 2511 tacito
816 2481 945 2511 iudicio.
967 2480 1119 2511 Fortasse

261 2535 486 2566 scribendum:
514 2544 593 2574 quae
615 2535 707 2564 erunt
731 2543 769 2563 ex
795 2533 877 2563 omni
900 2532 989 2563 curia
1012 2533 1066 2564 vel
1081 2542 1119 2562 ea·

261 2587 408 2624 omnibus,
434 2587 487 2628 qui
509 2587 647 2617 aderunt
669 2588 754 2617 sorte
781 2585 887 2616 ducta.
931 2585 1033 2616 Erunt
1061 2596 1120 2625 pro

262 2642 354 2671 erant
375 2639 562 2671 Gronovius
584 2648 715 2680 quoque
737 2638 875 2678 scripsit.

308 2691 455 2732 Opimius,
473 2690 609 2728 Veiento,
619 2690 765 2721 Bantius.
788 2690 959 2722 Praeclare
975 2689 1120 2722 Orellius

263 2755 307 2778 ex
328 2756 395 2776 uno
416 2746 561 2782 homine,
584 2754 682 2785 quem
710 2745 803 2775 codd.
837 2743 1120 2780 Veientormzeimn,

271 2797 497 2829 Vietorantfflm
520 2797 695 2837 appellant,
718 2796 794 2827 feeit
816 2797 891 2832 duo,
912 2795 1118 2833 Veientonem,

261 2852 319 2893 qui
351 2860 463 2882 rursus
493 2850 681 2881 nominatur
708 2849 778 2879 Att..
809 2849 889 2879 VII.
921 2849 949 2885 3,
984 2850 1019 2885 53
1049 2858 1116 2879 non

263 2910 350 2936 recte
373 2904 513 2935 alterum
535 2903 712 2944 appellavit
734 2902 874 2939 Antium,
905 2912 1006 2942 quum
1035 2912 1052 2933 e
1082 2902 1118 2932 li·

265 2957 330 2987 bris
352 2958 487 2997 prodeat
509 2965 630 2987 nomen
654 2955 800 2985 Rantz'us.
823 2955 917 2986 Idem
939 2963 1060 2985 nomeu
1076 2964 1119 2985 ex

263 3009 477 3050 inscriptione
499 3008 739 3040 latino-Graeca
761 3008 925 3049 prolatum
948 3013 998 3039 est
1019 3017 1037 3038 a·
1055 3008 1118 3038 Bu-

265 3064 395 3096 chelero
417 3065 451 3095 in
474 3065 559 3096 Mus.
582 3064 688 3096 Rhen.
710 3063 772 3094 XI.
795 3073 825 3104 p.
849 3064 918 3093 534.

1155 1411 1266 1443 simus.
1289 1411 1318 1442 Ε
1340 1411 1433 1442 codd.
1463 1414 1594 1441 notatur
1621 1408 1750 1440 rescidit
1779 1414 1812 1441 et
1839 1419 1890 1440 res
1918 1408 2012 1447 cedit,

1155 1465 1243 1506 quod
1265 1464 1321 1497 Or.
1344 1464 1475 1505 recepit.
1505 1463 1571 1495 Sed
1593 1472 1699 1504 neque
1729 1472 1829 1503 quam
1857 1463 1927 1493 vim
1955 1462 2011 1493 ha-

1156 1518 1229 1549 beat
1250 1517 1332 1548 haec
1355 1517 1486 1554 locutio,
1516 1525 1622 1557 neque
1652 1525 1716 1556 quo
1746 1520 1942 1555 argumento
1974 1514 2008 1545 in

1155 1570 1216 1600 hac
1238 1570 1425 1601 narratione
1447 1578 1599 1610 praesens
1627 1567 1709 1599 cedit
1739 1567 1872 1599 defendi
1898 1568 2011 1608 possit,

1155 1623 1326 1664 perspicio.
1360 1623 1409 1654 Ea
1430 1631 1482 1654 res
1504 1632 1592 1659 vero,
1624 1630 1709 1662 quae
1739 1631 1806 1652 non
1836 1621 2011 1662 peragitur,

1155 1676 1260 1707 sidere
1281 1677 1410 1714 dicitur,
1435 1676 1524 1717 quod
1546 1676 1683 1706 verbum
1697 1680 1808 1705 utrum
1823 1675 2014 1715 inperfecto

1155 1729 1218 1760 sicli
1240 1729 1346 1767 faciat,
1369 1739 1411 1760 an
1433 1729 1510 1767 sedi,
1533 1729 1723 1759 Priscianus
1753 1733 1842 1759 certo
1870 1738 2013 1768 pronun-

1157 1783 1242 1814 ciare
1265 1793 1331 1813 non
1355 1792 1453 1813 ausus
1476 1787 1535 1813 est.
1558 1781 1636 1812 Vid.
1656 1780 1726 1812 eius
1748 1781 1858 1812 Instit.
1874 1791 2014 1821 gramm.

1157 1835 1202 1865 X.
1223 1836 1252 1872 4,
1276 1835 1314 1865 23
1338 1840 1371 1866 et
1393 1837 1421 1872 5,
1445 1835 1493 1865 29.
1517 1834 1607 1873 Ergo
1620 1833 1683 1864 hoc
1703 1839 1862 1871 narratur,
1877 1833 2014 1864 tacitum

1157 1888 1316 1919 iudicium
1328 1886 1431 1918 nimia
1443 1887 1682 1918 nonnullorum
1693 1886 1840 1918 iudicum
1852 1887 2014 1927 religione

1157 1941 1352 1981 impeditum
1374 1940 1428 1971 vel
1457 1940 1598 1970 dilatum
1621 1948 1700 1970 esse.

1202 1992 1373 2030 Terentius,
1397 1992 1547 2023 tribunus
1580 1991 1695 2032 plebis.
1730 1990 1825 2022 Nihil
1855 1991 1946 2023 aliud
1973 1992 2014 2024 de

1157 2056 1196 2079 eo
1217 2052 1356 2078 constat.

1202 2102 1359 2139 Consules,
1383 2101 1435 2142 qui
1456 2100 1539 2131 illud
1553 2099 1614 2131 levi
1628 2099 1755 2130 brachio
1770 2098 1904 2139 eqissent
1938 2101 2014 2132 Non

1159 2156 1281 2187 mirum
1316 2154 1468 2186 consules
1505 2153 1653 2184 noluisse
1682 2153 1850 2190 iudicium,
1881 2163 1923 2184 ex
1951 2164 2016 2194 quo

1160 2208 1221 2249 ipsi
1245 2207 1415 2238 infamiam
1438 2212 1632 2237 metuerent.
1654 2205 1720 2235 vid.
1750 2206 1768 2244 ξ
1791 2206 1820 2236 2.
1846 2205 1921 2236 Levi
1948 2206 2017 2236 bra-

1161 2262 1230 2292 clzz'o
1246 2266 1293 2292 est
1308 2260 1428 2297 leviter,
1444 2264 1481 2290 ut-
1496 2259 1582 2289 infra
1594 2259 1737 2299 ponitur.
1753 2257 1802 2289 Cf.
1818 2259 1858 2288 ad
1880 2259 1925 2289 II.
1943 2259 1970 2296 1,
1987 2259 2016 2290 6.

1202 2315 1266 2345 Hic
1288 2314 1414 2344 Abdera
1437 2323 1469 2344 o:
1494 2313 1527 2343 in
1551 2317 1666 2343 senatu
1697 2317 1767 2343 tum
1798 2312 1917 2343 stultae
1945 2321 2016 2343 sen-

1161 2369 1283 2400 tentiae
1306 2368 1412 2398 dictae
1434 2372 1520 2398 sunt.
1540 2365 1590 2397 Cf.
1613 2366 1693 2396 VH.
1717 2364 1744 2402 7,
1760 2366 1790 2395 4.
1814 2364 1869 2396 Sic
1882 2365 2014 2396 Martia-

1161 2421 1202 2451 lis
1224 2430 1327 2461 quum
1349 2420 1450 2451 vellet
1471 2419 1579 2449 dicere
1602 2417 1719 2447 stultus
1741 2427 1783 2454 es,
1805 2417 1919 2447 stolide
1936 2417 2015 2458 ayis,

1162 2474 1260 2505 dixit:
1285 2472 1497 2503 Abderitanae
1517 2473 1643 2511 pectora
1659 2469 1761 2510 plebis
1782 2470 1887 2500 babes.
1902 2470 1946 2501 X.
1966 2472 2017 2502 25.

1206 2526 1414 2557 intercessum
1437 2535 1498 2556 non
1521 2523 1630 2554 invitis
1651 2533 1715 2554 om.
1745 2523 1931 2554 consulibus.
1968 2524 2016 2554 Hi

1163 2580 1252 2612 enim
1274 2580 1383 2619 legem
1405 2579 1445 2609 de
1479 2577 1577 2608 tacito
1607 2576 1728 2607 iudicio
1756 2576 1909 2607 habendo
1937 2577 2017 2608 tule-

1163 2640 1244 2672 rant,
1268 2634 1321 2665 cui
1344 2634 1406 2674 ipsi
1429 2633 1694 2664 adversabantur.

1206 2688 1223 2726 ξ
1246 2689 1275 2717 4.
1299 2686 1434 2717 Scaurus
1457 2704 1498 2707 -—
1520 2685 1679 2715 absolutus
1701 2684 1734 2714 in
1758 2683 1880 2714 iudicio
1902 2684 1942 2715 de
1972 2694 2018 2715 re-

1164 2740 1327 2781 petundis.
1351 2739 1400 2770 Cf.
1425 2740 1465 2769 ad
1489 2748 1537 2779 ep.
1562 2738 1609 2774 16,
1634 2737 1662 2767 6.
1699 2737 1883 2767 Accusatus
1913 2736 2019 2768 fuerat

1165 2803 1182 2825 e
1205 2793 1367 2829 Sardinia,
1392 2802 1491 2832 quam
1513 2790 1717 2832 provinciam
1731 2799 1788 2830 pro
1804 2796 1952 2830 praetore
1964 2790 2018 2820 ob-

1163 2846 1314 2877 tinuerat.
1338 2845 1416 2875 Vid.
1438 2843 1577 2875 Asconii
1599 2852 1725 2882 argum.
1748 2841 1956 2873 Scaurianae.

1211 2903 1311 2939 Quum
1335 2912 1390 2943 eqo
1406 2904 1422 2938 †
1428 2903 1553 2942 patrem
1566 2899 1632 2931 eius
1649 2898 1847 2930 ornatissime
1861 2897 2018 2938 defendis-

1163 2966 1234 2986 sem.
1259 2955 1374 2986 Cicero
1397 2954 1511 2985 Scauri
1533 2958 1657 2994 patrem
1674 2960 1844 2991 nunquam
1859 2950 2016 2988 defendit,

1165 3018 1224 3039 nec
1247 3008 1422 3039 defendere
1445 3016 1501 3047 per
1525 3011 1663 3037 aetatem
1693 3003 1807 3044 potuit.
1850 3003 2019 3034 Manutius

1158 3064 1283 3102 partem
1305 3061 1450 3092 scribens
1472 3060 1582 3090 locum
1605 3058 1750 3089 nondum
1766 3056 1902 3092 sanavit,
1916 3066 2018 3096 quum

309 3116 370 3148 Res
391 3116 483 3148 sedit.
506 3117 582 3148 Una
605 3117 698 3148 litera
721 3120 845 3148 mutata
867 3115 984 3147 vitium
1003 3115 1120 3146 abster-
1167 3114 1282 3146 Cicero
1310 3123 1437 3144 cansam
1474 3122 1540 3143 non
1575 3116 1670 3142 vocet.
1698 3110 1830 3149 partem.
1874 3108 2019 3148 Elegans
