2117 3533
228 960 262 986 10

285 158 339 197 52
679 155 764 196 ΕΡ.
798 154 875 195 AD
907 154 953 195 Τ.
987 152 1633 220 ΡΟΜΡΟΝΠΤΜᾏΑΤΤΙΟΠΜ.

282 305 406 345 paene
440 305 462 331 a
496 293 637 331 senatu
670 304 753 329 esse
788 288 1032 338 disiunct0s3
1068 287 1138 341 qui
1169 287 1343 342 primum
1376 286 1477 328 illud
1510 286 1625 327 valde
1653 286 1826 341 graviter
1848 286 2042 336 tulerunt,

282 362 579 417 promulgatum
613 378 661 403 ex
694 366 855 403 senatus
889 360 1072 402 consulto
1106 360 1241 411 fuisse,
1287 365 1334 401 ut
1366 360 1415 401 (16
1459 360 1530 410 615,
1576 359 1646 414 (1111
1689 359 1739 400 ob
1780 359 2044 401 iudicandum

283 435 543 489 accepissent,
579 439 847 489 quaereretur.
899 433 990 484 Qua
1023 433 1067 473 in
1099 447 1140 473 re
1175 432 1424 473 decernenda
1458 447 1581 486 quum
1615 447 1688 486 ego
1732 446 1827 473 casu
1869 446 1951 472 non
1991 430 2046 471 af-

282 506 446 548 fuissem
481 507 771 560 sensissemque
804 505 847 546 id
881 509 1106 559 equestrem
1139 496 1320 545 ordinem
1353 503 1453 545 ferre
1487 504 1652 545 moleste
1675 518 1805 557 neque
1829 508 1963 558 aperte
1987 502 2046 542 di·

283 593 383 630 cere,
418 578 627 633 obiurgavi
660 583 857 628 senatum,
891 582 938 617 ut
969 576 1070 617 milii
1102 576 1211 617 visus
1246 591 1347 626 sum,
1392 591 1546 617 summa
1591 590 1681 616 cum
1726 576 1963 617 auctoritate
2008 580 2048 615 et

281 652 324 692 in
358 666 477 692 causa
509 666 592 692 non
624 649 849 692 verecunda
882 648 1098 689 admodum
1131 648 1262 703 gravis
1295 653 1335 689 et
1368 649 1551 703 copiosus
1596 648 1669 689 fui.
1724 650 1763 689 9.
1798 649 1902 689 Ecce
1948 648 2046 689 aliae

284 725 449 766 deliciae
483 724 665 779 equitum
698 723 765 763 vix
797 720 1000 762 ferendae!
1038 735 1136 775 quas
1170 735 1242 774 ego
1275 735 1357 760 non
1392 720 1521 761 solum
1543 720 1634 771 11111,
1660 719 1728 761 sed
1752 720 1873 761 etiam
1896 719 2047 761 ornavi.

283 799 423 839 Asiam
457 798 527 852 qui
560 797 608 837 de
643 794 874 837 censoribus
908 793 1200 844 conduxerunt,
1236 793 1367 847 questi
1411 798 1506 834 sunt
1548 794 1590 834 in
1633 798 1774 834 senatu
1814 808 1854 833 56
1896 792 2050 848 cupidi-

284 876 366 912 tate
399 871 602 926 prolapsos
635 870 807 910 nimium
840 882 985 922 magno
1019 867 1280 917 conduxisse3
1314 870 1361 906 ut
1393 866 1651 907 induceretur
1683 866 1843 916 locatio,
1875 865 2050 920 postula-

285 948 443 984 verunt.
477 944 564 997 Ego
598 942 784 997 princeps
816 940 860 980 in
894 938 1146 980 adiutoribus
1181 943 1299 992 atque
1333 938 1431 979 adeo
1466 938 1679 980 secundus.
1735 938 1857 989 Nam,
1901 942 1948 978 ut
1991 936 2051 978 issi

328 1119 346 1147 8
369 1116 492 1155 Asiani,
515 1115 568 1157 qai
588 1135 630 1139 —

285 1287 480 1319 monstravit
501 1286 690 1326 Madvigius
713 1286 747 1316 111
770 1285 850 1316 Exe.
875 1285 912 1316 II
927 1285 968 1316 ad
983 1284 1051 1316 Cic.
1067 1284 1145 1315 Fin.

284 1352 315 1383 p.
339 1342 400 1372 812
421 1351 509 1382 seqq.

327 1396 345 1435 ξ
369 1397 397 1425 8.
433 1393 580 1425 Graviter
602 1393 742 1424 tulerant
765 1411 806 1415 —
834 1393 1047 1433 quaereretur.
1080 1391 1147 1429 Qui

286 1450 328 1480 ob
350 1459 420 1480 rem
443 1448 653 1479 iudicandam
681 1447 854 1487 pecuniam
884 1446 1044 1486 accepisse
1073 1455 1148 1475 6011-

285 1502 364 1532 victi
388 1505 488 1538 erant,
513 1510 555 1531 ex
577 1501 650 1540 lege
664 1500 736 1530 XII
753 1499 940 1529 tabularum
955 1499 1060 1539 capite
1075 1507 1148 1538 poc-

284 1566 343 1587 nas
360 1555 505 1586 luebant.
535 1553 619 1585 Gell.
642 1553 684 1585 N.
707 1554 750 1584 A.
774 1552 854 1584 XX.
879 1553 906 1584 1.
930 1552 1048 1582 Postea
1071 1560 1148 1581 vero

284 1609 366 1639 haec
389 1607 536 1648 quaestio
559 1606 693 1636 confusa
723 1610 771 1636 est
793 1615 869 1635 cum
898 1604 1019 1634 iudicio
1038 1604 1078 1634 de
1102 1612 1147 1634 re-

286 1661 451 1702 petundis.
477 1659 545 1690 016.
570 1658 664 1689 Verr.
688 1658 764 1688 Act.
788 1658 815 1687 I.
839 1658 888 1687 38.
924 1655 1055 1687 Cluent.
1078 1655 1148 1685 103.

286 1713 352 1744 Sed
374 1712 501 1753 equites
524 1711 691 1751 negabant
714 1710 797 1740 illud
819 1713 916 1749 caput
938 1708 1022 1748 Iegis
1045 1708 1084 1738 de
1101 1716 1147 1738 re-

285 1765 438 1807 petundis
468 1765 508 1795 ad
537 1774 633 1795 suum
662 1763 811 1793 ordinem
840 1762 1020 1802 pertinere;
1051 1761 1148 1791 credo

285 1820 373 1860 quod
388 1823 553 1850 senatores
568 1817 649 1847 olim
665 1816 727 1847 soli
742 1815 863 1846 iudices
872 1814 1012 1845 fuerant.
1027 1813 1148 1851 Quaes-

286 1874 332 1904 tio
355 1878 465 1904 autem
478 1872 559 1903 11366
574 1871 645 1903 51116
660 1870 760 1901 dubio
775 1869 935 1900 iudicium
950 1868 1148 1899 Clodianum

287 1926 461 1967 spectabat.
499 1924 673 1956 Caeterum
696 1933 799 1963 quum
828 1921 978 1962 legitima
1007 1920 1150 1951 formula

288 1984 372 2011 esset
408 1979 442 2009 ob
478 1988 541 2009 rem
575 1976 777 2007 iudicandam
806 1974 975 2014 pecaniam
1010 1973 1150 2014 accipere

290 2034 370 2074 (vid.
395 2032 462 2064 Cic.
487 2032 583 2062 Verr.
606 2031 652 2061 II.
677 2030 725 2066 78,
749 2030 788 2060 de
804 2029 846 2059 N.
863 2028 903 2058 D.
919 2027 1051 2059 111.74.
1074 2027 1148 2057 Fin.

289 2087 337 2117 11.
361 2087 410 2115 54.
447 2085 524 2115 Tac.
546 2083 638 2114 Ann.
662 2081 724 2112 IV.
748 2081 798 2111 31.
838 2080 969 2118 Quinct.
994 2080 1021 2109 I.
1045 2078 1082 2110 Ο.
1107 2079 1150 2109 V.

291 2139 340 2175 10,
364 2137 412 2170 87.
436 2136 521 2168 Gen.
545 2136 566 2166 1.
590 2145 616 2166 c.
639 2134 696 2165 ubi
718 2134 805 2164 male
827 2132 927 2164 scribi
948 2131 983 2162 ob
1013 2141 1076 2161 rem
1106 2130 1150 2161 dz'-

291 2191 420 2223 cendam
442 2195 568 2222 certum
590 2190 663 2230 est),
686 2187 718 2218 11.
742 2187 763 2217 l.
788 2196 855 2217 non
878 2185 984 2225 magis
1013 2185 1150 2225 proban-

292 2245 371 2275 dum
394 2249 442 2275 est
464 2243 498 2273 ob
527 2240 741 2277 iudicandam,
773 2249 872 2279 quam
901 2238 987 2278 apud
1018 2237 1152 2275 Quinct.

292 2299 314 2330 l.
337 2309 365 2330 c.
396 2298 430 2329 ob
460 2296 633 2333 dicendum,
664 2305 766 2335 quum
796 2303 864 2325 esse
896 2293 1014 2324 debeat
1046 2291 1081 2322 ob
1103 2291 1152 2321 ius

295 2352 470 2385 dicendam.
493 2349 543 2382 Cf.
568 2348 636 2381 016.
659 2348 755 2379 Verr.
778 2348 825 2378 II.
850 2347 919 2377 119.

335 2404 545 2445 Accepissent.
580 2403 635 2434 Sic
658 2411 771 2433 omnes
794 2401 887 2431 codd.
917 2400 1036 2430 omisso
1058 2408 1152 2439 peca-

295 2458 388 2495 niam,
412 2458 498 2498 quod
520 2466 587 2486 non
602 2454 707 2494 magis
724 2454 854 2484 additur
868 2453 941 2482 1060
957 2452 1010 2482 cit.
1035 2450 1154 2481 Cluen-

295 2514 411 2546 tianae.
459 2513 499 2542 In
528 2512 602 2551 lege
634 2510 723 2549 Iulia
757 2514 968 2550 praeceptum
998 2511 1075 2542 erat,
1116 2515 1154 2534 ne

295 2566 363 2609 quis
386 2583 427 2589 —-
448 2563 571 2605 aliquid
593 2562 757 2602 acciperet.
788 2562 865 2592 Vid.
889 2561 910 2591 1.
935 2560 951 2593 7
975 2571 1022 2601 pr.
1044 2559 1085 2589 D.
1115 2558 1155 2589 de

294 2624 316 2654 l.
339 2620 427 2653 Iulia
450 2619 617 2660 repetund.
642 2619 705 2658 (48,
731 2618 794 2656 11).

337 2673 442 2716 Neque
465 2682 498 2704 o:
523 2681 628 2712 neque
651 2676 771 2702 tamen.
796 2670 838 2700 V.
862 2671 902 2700 ad
924 2670 952 2700 Ι.
976 2670 1024 2705 13,
1049 2669 1078 2699 2.

338 2732 378 2763 In
401 2740 497 2761 caasa
520 2740 582 2760 non
604 2728 792 2760 verecunda.
835 2727 899 2758 Per
928 2727 1043 2757 litoten
1074 2724 1153 2755 (11611

299 2786 446 2828 equitum
469 2784 639 2825 querelam
662 2792 739 2813 sane
763 2782 987 2822 inpudentem.
1010 2779 1155 2810 111161311-

299 2841 368 2877 dus,
392 2840 585 2880 plerumque
609 2837 642 2867 in
667 2835 861 2866 Ciceronem
883 2834 1030 2874 iniquior
1045 2833 1155 2868 iudex,

299 2893 467 2927 Ciceronin
488 2892 550 2922 hae
573 2891 606 2921 in
638 2899 672 2921 re
702 2889 821 2929 agendi
850 2888 1011 2919 rationem
1041 2887 1157 2918 merito

298 2945 453 2979 defendit.
499 2944 587 2975 Nam
610 2943 644 2974 in
666 2952 700 2973 re
723 2941 855 2982 publica
876 2950 971 2981 saepe
1001 2940 1080 2972 talia
1109 2949 1157 2971 ac-

298 3000 423 3038 cidunt,
445 2998 479 3030 in
495 2997 611 3038 quibus
627 3004 789 3026 summam
803 2993 984 3026 honestatis
998 2993 1158 3024 rationem

300 3053 421 3085 habere
445 3050 570 3083 civitati
594 3048 817 3090 perniciosum
840 3052 931 3079 esset.
962 3047 1039 3078 Vid.
1064 3047 1158 3079 inter-

302 3104 493 3147 pretationis
515 3102 625 3134 Germ.
648 3100 692 3132 V.
714 3100 742 3131 Ι.
765 3111 795 3141 p.
818 3101 878 3131 308
900 3109 989 3141 seqq.

350 3159 368 3202 ἓ
391 3159 419 3189 9.
443 3156 588 3188 Deliciae
612 3170 625 3181 υ
637 3160 714 3186 511111
736 3164 859 3192 eorum,
883 3154 1001 3195 quibus
1023 3164 1090 3186 non
1116 3152 1158 3186 fa-

1194 1285 1256 1316 cile
1279 1284 1430 1315 satisfieri
1453 1289 1568 1324 potest,
1591 1282 1648 1323 qui
1664 1282 1775 1313 onmia
1790 1281 1857 1313 fere
1872 1281 2054 1319 fastidiunt,

1142 1348 1145 1350 ·
1194 1338 1312 1377 quibus
1336 1347 1402 1367 non
1425 1336 1492 1367 fere
1515 1336 1578 1366 nisi
1603 1344 1685 1375 quae
1709 1335 1875 1375 exquisita
1897 1339 1929 1365 et
1946 1334 2052 1374 splen-

1194 1389 1269 1420 dida
1292 1394 1367 1419 sunt
1397 1389 1430 1419 in
1453 1388 1542 1419 victu
1567 1393 1598 1419 et
1619 1388 1709 1418 cultu
1724 1388 1863 1428 placent,
1883 1387 1939 1427 qui
1955 1386 2055 1417 etiam

1193 1441 1306 1472 morosi
1329 1446 1496 1471 vocantur.
1518 1459 1559 1462 -
1582 1440 1755 1471 Schutzius
1778 1439 1896 1480 accipit
1914 1440 1954 1470 de
1970 1449 2053 1469 arro-

1194 1495 1285 1534 ganti
1298 1500 1330 1525 et
1342 1494 1456 1534 iniqua
1470 1494 1701 1534 postulatione.
1723 1494 1792 1524 Nos
1806 1493 1945 1524 dicimus
1956 1492 2054 1523 Prae-

1193 1547 1390 1577 tensionem?
1429 1546 1546 1577 Matth.
1582 1546 1622 1576 cf.
1653 1557 1684 1587 p.
1717 1546 1807 1577 Coel.
1839 1545 1879 1578 70
1914 1545 2055 1576 mulieris

1192 1599 1382 1630 libidinosae
1407 1599 1553 1630 deliciae.

1234 1653 1343 1683 Asiam
1365 1653 1417 1694 qm*
1430 1671 1470 1675 -—
1487 1652 1713 1683 condas-erunt.
1736 1652 1810 1682 Hoc
1833 1652 1867 1682 in
1882 1652 1968 1683 libro
1983 1652 2053 1683 An·

1192 1707 1327 1738 toniano
1350 1717 1367 1737 a
1390 1716 1424 1737 se
1446 1712 1610 1747 repertum
1626 1706 1749 1746 sprevit
1772 1706 1968 1746 Malaspina.
1989 1706 2053 1737 Ne-

1192 1762 1331 1793 cessario
1354 1766 1463 1792 tamen
1487 1761 1532 1792 ita
1554 1760 1682 1801 scripsit
1705 1759 1830 1797 Cicero,
1860 1770 1928 1791 non
1963 1760 2053 1801 quod

1194 1817 1226 1847 in
1251 1816 1404 1846 omnibus
1428 1815 1501 1845 aliis
1532 1815 1625 1845 libris
1653 1814 1896 1845 circumfertur:
1929 1814 2054 1851 Asiani,

1194 1869 1245 1910 qai
1276 1875 1336 1900 661.
1377 1868 1463 1898 Nam
1494 1867 1608 1898 Asiam·
1636 1873 1712 1898 sunt
1740 1867 1891 1899 homines
1922 1867 1955 1898 in
1985 1867 2055 1907 ipsa

1195 1921 1276 1951 Asia
1300 1921 1378 1957 nati,
1396 1926 1433 1951 ut
1447 1920 1598 1957 Romani,
1613 1920 1765 1960 Hispani,
1777 1919 1939 1951 Africani.
1962 1919 2053 1949 Asia-

1196 1974 1252 2004 tici
1270 1980 1383 2005 contra
1405 1979 1481 2005 sunt
1503 1983 1625 2011 omnes,
1642 1974 1699 2014 qui
1721 1973 1845 2014 aliquid
1860 1983 1951 2017 rcum
1972 1973 2055 2003 Asia

1197 2028 1384 2059 commercii
1405 2028 1537 2064 habent,
1555 2028 1595 2058 de
1610 2037 1674 2068 quo
1689 2027 1878 2058 discrimine
1893 2027 1987 2057 docta
2006 2032 2056 2057 est

1197 2080 1361 2110 adnotatio
1383 2079 1544 2110 Ellendtii
1566 2080 1606 2110 ad
1629 2080 1663 2109 ll.
1686 2080 1726 2110 de
1749 2078 1838 2111 Orat.
1861 2079 1908 2110 II.
1930 2089 1960 2119 p.
1985 2078 2054 2110 372.

1198 2125 1307 2172 Igitur
1328 2132 1446 2174 equites
1468 2132 1584 2162 Asiani
1598 2132 1683 2173 apud
1698 2133 1814 2163 luven.
1831 2131 1898 2163 Sat.
1914 2131 1996 2162 VII.
2016 2131 2055 2162 13

1198 2192 1274 2217 sunt
1305 2187 1391 2217 servi
1420 2196 1463 2217 ex
1492 2186 1575 2217 Asia
1604 2186 1745 2223 oriundi,
1775 2186 1832 2226 qui
1861 2183 2055 2215 manumissi

1199 2241 1306 2271 ordini
1329 2241 1470 2281 equestri
1492 2240 1647 2281 adscripti
1668 2246 1754 2271 sunt.
1797 2239 1863 2270 Hic
1892 2248 1970 2270 vero
1998 2238 2055 2269 ubi

1200 2294 1308 2334 agitur
1329 2295 1369 2325 de
1393 2294 1557 2335 equitibus
1579 2294 1748 2330 Romanis,
1781 2293 1838 2334 qui
1868 2292 2056 2333 provinciae

1199 2347 1300 2377 Asiae
1315 2347 1491 2387 vectigalia
1506 2347 1722 2383 redemerant,
1736 2346 1880 2377 Asianos
1895 2350 1979 2376 stare
1988 2353 2054 2375 non

1200 2409 1293 2440 posse
1315 2399 1398 2430 vidit
1419 2399 1614 2440 Malaspina,
1638 2408 1744 2439 neque
1778 2404 1888 2429 tamen
1919 2407 1961 2428 ex
1989 2406 2056 2427 uno

1201 2451 1313 2482 Maffei
1336 2452 1446 2482 codice
1470 2451 1606 2482 Asialici
1621 2451 1764 2491 recipere
1779 2460 1875 2481 ausus
1892 2454 1949 2481 est.
1973 2448 2056 2481 Cen·

1201 2507 1284 2538 soria
1321 2507 1379 2537 illa
1408 2506 1526 2538 locatio
1562 2506 1663 2538 Asiae
1692 2506 1869 2538 constituta
1906 2512 1954 2537 est
1983 2505 2057 2545 lege

1202 2560 1395 2600 Sempronia
1419 2559 1485 2591 Cic.
1513 2560 1607 2591 Verr.
1631 2560 1696 2590 III.
1722 2560 1770 2590 12.

1246 2612 1283 2643 Ut
1304 2612 1506 2643 induceretur
1523 2612 1649 2649 localio,
1657 2612 1910 2652 postulaverunt.
1932 2611 2057 2642 Actum

1200 2669 1262 2699 hoc
1285 2679 1312 2698 a.
1336 2668 1404 2698 693.
1429 2668 1495 2699 Sed
1517 2667 1651 2698 frustra:
1681 2667 1864 2708 publicanis
1893 2666 1983 2697 enim
2010 2675 2057 2697 re-

1201 2722 1333 2753 sistebat
1363 2720 1453 2758 Cato,
1489 2727 1521 2751 et
1549 2721 1776 2752 remissionem
1810 2720 1877 2750 illis
1906 2719 2057 2760 negabat.

1202 2775 1267 2805 vid.
1291 2784 1338 2815 ep.
1363 2775 1410 2811 18,
1435 2774 1462 2811 7,
1487 2775 1533 2805 II.
1557 2775 1584 2811 1,
1608 2776 1626 2803 8
1649 2774 1688 2804 de
1711 2773 1775 2805 Off.
1797 2773 1863 2804 III.
1882 2774 1931 2804 88.
1953 2772 2057 2803 Anno

1203 2828 1321 2858 deinde
1353 2827 1450 2858 tertio
1489 2826 1608 2857 Caesar
1649 2826 1762 2857 consul
1802 2825 1933 2856 tertiam
1973 2825 2056 2855 loca-

1203 2881 1301 2911 tionis
1329 2885 1454 2921 partem
1489 2880 1555 2910 illis
1587 2880 1721 2911 remisit.
1757 2878 1848 2910 Suet.
1883 2878 1975 2910 Caes.
2007 2879 2057 2909 20.

1203 2937 1346 2977 Appian.
1369 2937 1409 2967 B.
1432 2936 1468 2968 C.
1491 2936 1539 2967 ΙΙ.
1562 2937 1610 2967 13.
1633 2935 1697 2966 Dio
1720 2936 1768 2973 38,
1791 2935 1818 2972 7,
1843 2944 1908 2976 quo
1926 2933 2058 2975 respicit

1205 2990 1320 3021 Cicero
1342 2990 1414 3020 Att.
1437 2990 1484 3020 H.
1508 2989 1555 3026 16,
1579 2989 1599 3019 2
1620 2989 1671 3019 1115
1698 2988 1823 3020 verbis:
1852 2987 1891 3019 de
1912 2986 2057 3028 publica·

1205 3043 1263 3080 nis,
1299 3042 1434 3074 voluisse
1462 3041 1515 3072 illi
1539 3039 1645 3072 ordini
1676 3040 1866 3072 commodare
1893 3044 1924 3072 et
1943 3039 2057 3071 Plane.

1207 3099 1245 3128 35
1270 3097 1311 3127 ad
1333 3105 1363 3136 q.
1386 3095 1408 3126 1.
1429 3093 1468 3126 cf.
1491 3093 1695 3125 Garatonius.

1246 3150 1395 3189 Princeps
1416 3166 1457 3171 —
1478 3150 1571 3189 atque
1592 3148 1671 3180 adeo
1683 3147 1839 3179 secundas
1852 3156 1886 3179 οε
1907 3146 2058 3188 princeps
