2117 3533
737 152 845 195 LIB.
879 152 915 196 I.
949 152 1034 195 ΕΡ.
1070 151 1142 194 17.
1761 149 1816 189 53

55 291 248 333 auderent
280 289 355 330 hoc
387 288 601 344 postulare,
636 288 802 329 Crassus
836 302 902 328 eos
934 286 1109 342 impulit.
1172 284 1377 326 Invidiosa
1408 298 1484 334 res,
1518 282 1647 339 turpis
1680 286 1817 337 postu-

0 368 2 371 ’
55 364 151 406 latio
184 367 224 403 et
256 362 450 403 confessio
483 360 733 402 temeritatis.
769 361 978 401 Summum
1011 364 1095 401 erat
1126 358 1365 414 periculum,
1400 371 1465 407 116,
1501 356 1535 397 61
1566 355 1669 396 1111111
1691 355 1817 410 impe-

55 440 237 486 trassent,
271 434 388 489 plane
433 434 699 474 alienarentur
743 448 764 473 a
809 437 964 473 senatu.
1016 431 1126 472 Huic
1168 445 1325 484 quoque
1369 429 1426 470 rei
1471 427 1714 469 subventum
1757 430 1818 467 est

56 509 223 552 maxime
257 523 279 549 a
311 506 427 548 nobis
460 506 772 561 perfectumque,
815 510 860 545 ut
900 503 1223 558 frequentissimo
1267 505 1411 543 senatu
1455 505 1495 542 et
1538 500 1816 541 liberalissimo

54 586 274 630 uterentur,
308 579 513 633 multaque
547 593 569 618 a
602 593 663 617 1116
698 577 746 618 (16
780 576 965 617 ordinum
1000 575 1195 630 dignitate
1230 579 1270 615 et
1314 573 1526 615 concordia
1572 573 1679 614 dicta
1723 578 1818 613 sunt

57 655 149 698 Kal.
183 652 392 695 Decembr.
428 656 467 693 et
499 650 705 706 postridie.
740 651 883 704 Neque
918 649 1049 690 adhuc
1081 664 1143 689 res
1177 647 1357 689 confecta
1401 651 1474 697 est,
1520 646 1588 687 sed
1632 646 1817 687 voluntas

58 730 218 770 senatus
252 729 470 781 perspecta.
517 724 633 764 Unus
667 723 774 764 enim
808 727 946 763 contra
980 721 1135 762 dixerat
1167 721 1357 762 Metellus
1391 719 1530 761 consul
1572 718 1818 772 designatus.

58 798 168 851 Quin
201 802 285 839 erat
318 798 499 838 dicturus
535 821 591 826 —
627 796 677 836 ad
711 811 829 850 quem
862 800 1022 850 propter
1057 794 1137 835 diei
1182 793 1419 834 brevitatem
1459 796 1695 847 perventum
1739 806 1820 832 non

59 876 118 913 est
152 895 209 900 —
243 870 358 911 heros
390 869 457 910 ille
490 874 625 911 noster
658 869 772 910 Cato.
811 870 881 909 10.
907 868 972 910 Sic
1006 882 1078 922 ego
1113 881 1350 908 conservans
1383 865 1578 907 rationem
1601 864 1822 905 institutio-

57 958 227 999 nemque
260 948 436 985 nostram
469 948 596 993 tueor,
631 947 678 983 ut
710 957 886 997 possum,
921 941 1031 982 illam
1065 956 1087 981 a
1119 956 1181 981 me
1206 939 1523 995 conglutinatam
1547 937 1799 979 concordiam
1809 954 1820 988 3

59 1017 127 1060 sed
159 1022 306 1067 tamen,
342 1016 532 1071 quoniam
564 1016 641 1057 ista
674 1019 769 1056 sunt
800 1019 884 1055 tam
928 1015 1098 1065 infirma,
1140 1014 1323 1054 munitur
1364 1012 1561 1067 quaedam
1610 1010 1727 1052 nobis
1772 1009 1821 1050 ad

59 1089 287 1133 retinendas
321 1104 414 1144 01166
447 1094 605 1130 nostras
637 1093 740 1139 tuta,
775 1093 822 1129 ut
855 1103 983 1143 sper0,
1018 1087 1095 1137 via,
1131 1101 1251 1142 quam
1283 1086 1360 1127 tibi
1392 1086 1519 1126 literis
1561 1084 1657 1125 satis
1701 1081 1823 1137 expli-

62 1178 148 1204 care
181 1177 263 1203 11011
296 1177 471 1217 possum,
506 1161 797 1216 significatione
831 1176 952 1216 parva
986 1160 1193 1201 ostendam
1226 1164 1375 1200 tamen.
1410 1159 1512 1199 Utor
1546 1156 1736 1211 Pompeio
1770 1154 1826 1195 fa-

61 1236 341 1278 miliarissime.
384 1235 525 1285 Video,
561 1235 658 1289 quid
693 1234 816 1275 dicas.
869 1234 1041 1284 Cavebo,
1078 1248 1178 1287 quae
1213 1237 1308 1273 sunt
1341 1231 1531 1282 cavenda,
1577 1245 1622 1271 ac
1656 1228 1827 1270 scribam

62 1309 158 1350 alias
193 1308 241 1348 ad
275 1312 314 1349 te
349 1308 396 1348 de
430 1309 529 1348 meis
563 1307 740 1348 consiliis
766 1307 1030 1361 capessendae
1054 1307 1111 1347 rei
1138 1305 1321 1361 publicae
1345 1305 1474 1360 plura.
1513 1306 1583 1344 11.
1608 1302 1827 1344 Lucceium

63 1381 162 1422 scito
197 1381 448 1422 consulatum
483 1379 627 1421 habere
661 1380 704 1421 in
739 1380 871 1420 animo
906 1380 1042 1420 statim
1075 1383 1230 1434 petere,
1274 1378 1355 1418 duo
1389 1377 1496 1418 enim
1531 1376 1603 1417 soli
1638 1375 1829 1415 dicuntur

62 1453 240 1509 petituri.
276 1453 419 1494 Caesar
453 1468 543 1493 cum
577 1468 623 1493 eo
657 1452 761 1492 coire
795 1467 864 1507 per
897 1452 1061 1492 Arrium
1095 1451 1258 1505 cogitat,
1294 1456 1334 1491 et
1366 1449 1539 1490 Bibulus
1573 1463 1663 1489 cum
1687 1447 1762 1487 hoc
1787 1462 1827 1487 se

63 1531 178 1582 putat
210 1541 279 1581 per
312 1525 358 1566 C.
393 1525 578 1566 Pisonem
612 1539 726 1580 posse
771 1524 976 1578 coniungi.
1022 1523 1172 1564 Rides?
1222 1523 1317 1563 Non
1364 1525 1459 1563 suut
1501 1521 1599 1561 haec
1645 1518 1828 1569 ridicula,

66 1599 166 1640 mihi
199 1598 327 1639 crede.
379 1598 487 1649 Quid
523 1598 631 1639 aliud
666 1595 836 1638 scribam
871 1596 920 1638 ad
954 1598 1020 1638 te?
1055 1595 1183 1651 quid?
1217 1595 1351 1636 Multa
1391 1598 1507 1646 sunt3
1543 1592 1611 1634 sed
1644 1593 1687 1634 111
1721 1591 1831 1633 aliud

62 1820 114 1851 vel
142 1820 249 1860 potius
278 1820 450 1850 secundus.
479 1819 576 1849 Hanc
608 1819 778 1850 notionem
807 1819 919 1860 partic.

61 1875 154 1915 atque
176 1873 254 1903 adeo
273 1873 449 1913 diligenter
464 1873 642 1904 illustravit
657 1873 758 1904 Hand
775 1873 809 1904 in
825 1873 920 1904 Turs.

62 1929 90 1959 I.
112 1938 142 1968 p.
166 1928 225 1958 503
249 1937 295 1968 sq.

107 1980 145 2010 Ut
166 1982 280 2010 senatu
302 1999 343 2002 —
365 1979 585 2011 liberalissimo
613 1982 788 2011 uterentur.
830 1981 922 2011 Klot-

65 2034 133 2064 zius
156 2034 252 2065 rediit
274 2035 315 2064 ad
337 2034 529 2074 scripturam
554 2034 633 2065 Cod.
663 2035 751 2065 Med.
782 2034 922 2065 libentis-

64 2089 148 2126 simo,
171 2089 437 2129 comparavitque
461 2090 560 2120 verba
585 2099 627 2120 ex
651 2099 700 2130 ep.
721 2090 768 2126 14,
783 2091 811 2120 3.
835 2090 925 2120 Illud

67 2144 154 2183 quod
177 2143 211 2174 in
244 2153 348 2183 marg.
383 2143 469 2174 Crat.
499 2143 698 2184 adscriptum
732 2148 788 2180 est,
820 2143 925 2184 aptius

65 2197 97 2227 h.
120 2196 141 2227 1.
165 2197 302 2228 videtur.

111 2248 193 2290 Quia
230 2252 299 2280 erat
340 2250 491 2281 (licturus.
540 2249 748 2291 cogitatione
777 2250 927 2291 supplen-

68 2303 146 2333 dum
168 2304 288 2333 contra.
330 2301 411 2342 Quin
441 2303 551 2333 Iocum
573 2303 680 2339 habet,
710 2302 767 2333 ubi
797 2303 928 2333 adscen-

68 2367 121 2388 sus
164 2358 201 2387 fit
230 2358 271 2387 ad
307 2357 441 2387 maiora.
487 2357 596 2397 Magis
644 2361 753 2388 autem
793 2356 928 2387 auctori-

68 2415 134 2442 tate
175 2412 305 2443 valebat
342 2411 432 2448 Cato,
473 2422 574 2452 quam
606 2412 770 2443 Metellus.
806 2411 928 2442 Dubito

70 2470 188 2502 tamen,
220 2476 260 2496 an
283 2465 357 2506 quin
387 2466 419 2496 h.
442 2466 463 2496 l.
487 2466 657 2496 ferendum
686 2465 736 2496 sit.
771 2466 811 2496 In
840 2466 928 2496 Med.

70 2522 117 2549 est
161 2517 223 2559 qui.
261 2519 416 2559 Suspicor
451 2519 677 2550 scribendum:
727 2520 821 2560 atque
860 2520 929 2548 erat

72 2569 214 2602 dicturus
242 2572 294 2603 vel
325 2572 528 2613 transpositis
550 2572 685 2602 vocibus
715 2573 845 2613 eratque
868 2571 929 2602 dic-

71 2626 170 2655 turus.

115 2675 231 2713 Beros,
254 2677 334 2707 nim.
358 2686 400 2708 ex
423 2677 481 2707 illo
505 2686 634 2717 genere,
659 2678 747 2717 quod
777 2677 932 2708 describit

74 2732 109 2762 in
138 2730 289 2762 Sestiana
317 2729 386 2766 139,
426 2730 481 2770 qui
515 2730 587 2760 aliis
623 2730 729 2760 otium
761 2734 931 2770 quaerunt,

76 2795 142 2816 non
166 2784 237 2820 sibi,
260 2793 318 2824 pro
341 2793 375 2814 re
397 2784 530 2824 publica
550 2788 757 2824 tempestates
780 2785 931 2822 subeunt,

78 2837 250 2868 audacium
272 2836 418 2866 consiliis
441 2836 605 2866 resistunt.

119 2890 137 2929 ξ
160 2889 208 2919 10.
231 2887 325 2918 Illam
349 2899 368 2917 (1
392 2898 437 2917 me
461 2887 707 2927 confflutinafam
731 2889 933 2920 concordiam.

78 2943 151 2974 Hoc
181 2952 214 2973 se
237 2942 270 2972 in
293 2942 466 2973 consulatu
488 2942 632 2973 effecisse
654 2953 749 2983 saepe
778 2944 935 2983 gloriatur

81 2995 195 3027 Cicero
228 3005 256 3025 v.
287 3004 313 3025 c.
345 2994 379 3024 in
408 2994 530 3025 illustri
562 2995 635 3025 loco
666 2995 873 3033 Pisonianae,
907 2996 934 3028 7.

81 3047 134 3078 Ita
157 3050 203 3078 est
226 3058 245 3077 a
269 3057 314 3077 me
336 3047 518 3077 consulatus
537 3050 688 3087 peractus
711 3067 750 3071 —-
773 3051 808 3078 nt
833 3049 935 3079 mulli-

78 3100 215 3132 tudinem
251 3111 316 3131 cum
348 3100 552 3142 principibus,
589 3103 759 3143 equestrem
797 3102 936 3134 ordinem

80 3163 144 3185 cum
167 3157 281 3185 senatu
305 3154 528 3187 contemnam.

1019 1821 1114 1863 Video
1137 1822 1213 1864 quid
1234 1822 1332 1854 dicas.
1357 1821 1435 1853 Scil.
1455 1822 1640 1852 cavendum
1655 1820 1737 1851 mihi
1754 1830 1832 1857 esse,

972 1885 1013 1906 ne
1036 1876 1134 1907 nimis
1155 1876 1314 1917 Pompeio
1330 1875 1502 1912 confidam,
1519 1874 1713 1914 hominique
1727 1878 1834 1904 totum

971 1938 1024 1959 me
1046 1930 1180 1960 tradam.

1017 1984 1035 2023 ξ
1054 1985 1104 2014 11.
1124 1982 1325 2013 Consulatum
1345 1983 1513 2021 ——pefere
1531 1980 1727 2012 Consulatus
1742 1989 1833 2010 voca-

973 2038 1090 2069 bulum
1119 2035 1261 2067 librariis
1291 2034 1408 2075 potius,
1441 2043 1541 2074 quam
1564 2033 1718 2064 Ciceroni
1740 2033 1834 2064 debe-

973 2096 1036 2122 tur.
1068 2088 1184 2121 Omitti
1207 2096 1300 2129 posse
1316 2096 1430 2117 omnes
1445 2087 1635 2123 concedent,
1656 2090 1751 2126 atque
1764 2085 1797 2116 h.
1812 2085 1834 2116 1.

974 2144 1133 2175 omissum
1155 2141 1255 2172 fuisse
1277 2151 1296 2171 a
1319 2140 1475 2181 scriptore
1495 2140 1578 2170 mira
1600 2140 1669 2170 cius
1698 2139 1834 2170 colloca-

974 2200 1020 2230 tio
1049 2198 1173 2229 suadet.

1019 2252 1135 2283 Caesar
1166 2261 1231 2281 cum
1265 2260 1300 2280 eo
1336 2248 1421 2280 coire
1450 2259 1509 2289 per
1544 2248 1670 2279 Arrium
1705 2247 1833 2289 coquat.

976 2304 1172 2338 Suetonius:
1196 2303 1226 2333 E
1241 2303 1358 2334 duobus
1374 2302 1556 2333 consulatus
1576 2301 1833 2341 competitoribus,

975 2362 1000 2392 L
1023 2360 1155 2392 Lucceio
1165 2358 1207 2389 M.
1217 2369 1274 2399 que
1283 2358 1406 2395 Bibulo,
1417 2356 1579 2388 Lucceium
1595 2355 1653 2386 sibi
1669 2355 1835 2387 adiunxit.-

969 2416 1085 2454 pactus
1108 2414 1142 2442 ui
1164 2411 1202 2448 is,
1225 2410 1370 2452 quoniam
1390 2409 1526 2450 iwferz'or
1544 2408 1653 2450 qratia
1676 2409 1757 2438 esset
1781 2418 1835 2448 pe-

976 2467 1129 2508 cuniaque
1145 2465 1294 2506 polleret,
1318 2472 1424 2494 numos
1455 2462 1493 2493 de
1521 2471 1576 2493 suo
1607 2460 1758 2492 commum*
1784 2471 1835 2491 no-

977 2520 1057 2550 mine
1072 2529 1132 2559 per
1154 2517 1313 2548 centurias
1328 2515 1569 2557 pronunciaret.
1616 2513 1683 2554 Qua
1706 2524 1740 2544 re
1770 2524 1836 2554 coy-

978 2573 1045 2604 m'ta
1068 2572 1240 2612 optimates,
1271 2580 1345 2611 quos
1371 2572 1470 2600 metus
1497 2570 1631 2608 ceperat,
1666 2567 1748 2598 nihil
1774 2577 1836 2598 <non

978 2634 1126 2655 (erasurum
1158 2634 1224 2654 ezon
1260 2623 1294 2652 in
1322 2632 1435 2653 summo
1475 2621 1662 2662 mayz'stratu
1691 2619 1837 2650 concordi

979 2689 1017 2709 ac
1040 2677 1252 2708 consentiente
1275 2676 1405 2716 colleyu,
1419 2677 1564 2705 auctores
1578 2672 1837 2713 Bibulofuerunt

980 2729 1160 2761 tantundem
1185 2728 1380 2769 pollz'cevdi:
1402 2737 1440 2758 ac
1452 2725 1757 2768 pleriquepecmzias
1769 2735 1837 2755 eon-

980 2783 1131 2818 lulerzmt,
1155 2791 1193 2811 ne
1217 2780 1333 2811 Catone
1355 2779 1475 2821 quidem
1497 2779 1652 2809 abmfente
1679 2788 1745 2808 eam
1774 2777 1837 2806 lar-

977 2835 1125 2876 qz'lionem
1165 2844 1181 2864 e
1217 2843 1252 2863 re
1296 2832 1425 2873 publica
1457 2830 1547 2872 fieri.
1586 2831 1619 2861 in
1659 2829 1751 2861 Caes.
1787 2829 1836 2859 19.

982 2889 1030 2920 De
1053 2888 1195 2918 coitione
1218 2887 1325 2917 (licam
1348 2886 1388 2916 ad
1410 2885 1472 2915 IV.
1497 2885 1545 2921 15,
1570 2884 1597 2916 7.

1026 2940 1096 2970 Cum
1120 2940 1177 2969 hoc
1198 2949 1233 2970 o:
1258 2948 1333 2969 cum
1355 2938 1471 2968 eodem
1491 2937 1553 2967 hoc
1576 2936 1728 2966 Lucceio.
1751 2935 1839 2966 Nam

983 2992 1160 3033 quominus
1183 2992 1222 3022 (16
1251 2990 1390 3022 Caesare
1419 2989 1541 3020 dictum
1571 2988 1755 3028 accipiatur,
1785 2988 1839 3017 ob-

983 3052 1045 3077 stat
1077 3045 1201 3076 mentio
1232 3043 1267 3074 C.
1300 3043 1440 3079 Pisonis,
1472 3041 1528 3082 qui
1566 3041 1632 3071 iam
1670 3044 1741 3071 tum
1770 3050 1840 3080 gra-

984 3109 1039 3131 ves
1073 3109 1147 3129 cum
1190 3097 1328 3129 Caesare
1352 3094 1540 3129 inimicitias
1568 3093 1750 3126 exercebat.
1773 3093 1840 3126 Sal,

984 3153 1054 3185 Cat.
1079 3153 1127 3184 49.

1843 952 1879 978 10

1849 1318 1881 1343 15
