2117 3533
240 943 270 967 111

297 150 383 190 274
699 149 782 189 ΕΡ.
818 148 892 189 ΑΒ
924 148 970 188 T.
1005 147 1354 188 POMPONIUM
1388 144 1651 188 ATTICUM.

295 272 404 326 liqua
436 272 553 326 plena
586 269 716 311 adhuc
750 274 790 310 et
822 270 953 311 laudis
986 274 1026 310 et
1065 269 1230 323 gratiae,
1276 269 1399 323 digna
1441 269 1491 309 iis
1539 267 1666 318 libris,
1711 281 1810 321 quos
1855 264 2048 307 dilaudas.
2093 272 2101 282 ¹

297 345 559 385 Conservatae
593 341 788 392 civitates,
824 341 1025 382 cumulate
1057 340 1283 396 publicanis
1317 340 1580 390 satisfactum,
1615 339 1788 380 offensus
1811 337 2050 380 contumelia

298 431 426 463 nemo,
462 414 617 454 decreto
651 413 756 453 iusto
790 418 829 453 et
870 428 1004 453 severo
1044 412 1246 467 perpauci,
1287 429 1361 454 nec
1402 418 1537 454 tamen
1581 411 1806 466 quisquam,
1850 416 1897 451 ut
1939 411 2049 465 queri

299 487 456 537 audeat,
491 501 551 526 res
584 489 717 540 gestae
752 484 895 539 dignae
937 484 1155 539 triumpho,
1201 483 1249 525 (10
1293 500 1371 539 quo
1414 485 1501 540 ipso
1542 483 1645 525 nihil
1689 482 1831 538 cupide
1876 497 2049 537 agemus,

299 559 382 599 sine
415 564 485 599 tuo
520 557 679 611 quidem
714 557 880 598 consilio
914 561 1019 598 certe
1060 556 1177 597 nihil.
1221 556 1412 599 Clausula
1455 561 1515 598 est
1559 556 1732 598 difficilis
1774 556 1817 596 111
1860 553 2052 596 tradenda

298 630 515 685 provincia.
551 630 627 671 Sed
662 630 759 671 haec
793 629 890 671 (10115
924 629 1068 684 aliquis
1102 628 1358 683 gubernabit.
1397 633 1438 670 4.
1472 630 1533 670 De
1564 628 1729 670 urbanis
1761 627 1880 669 rebus
1904 627 2052 668 scilicet

299 704 412 758 plura
443 709 490 744 tu
523 704 612 755 scis,
649 703 805 758 saepius
839 708 879 744 et
913 702 1080 743 certiora
1113 702 1242 744 audis.
1275 703 1474 757 Equidem
1508 702 1621 744 doleo
1654 717 1735 743 non
1768 715 1830 742 me
1863 700 1944 742 tuis
1967 701 2052 742 lite-

775 776 869 816 Huc
903 775 1008 816 enim
1043 774 1179 816 odiosa
1213 774 1479 816 afferebantur
1512 775 1560 816 de
1594 774 1781 825 Curione,
1816 773 1865 814 de
1898 773 2052 825 Paullo,

298 864 378 889 non
412 864 489 902 quo
522 847 650 889 ullum
683 847 905 903 periculum
938 847 1094 888 videam
1137 852 1266 888 stante
1301 847 1491 903 Pompeio
1524 847 1587 888 vel
1619 847 1739 888 etiam
1773 846 1955 897 sedente;
1989 861 2053 887 va-

296 921 376 962 leat
408 921 548 962 modo:
586 920 653 961 sed
687 920 912 961 mehercule
946 919 1133 960 Curionis
1167 924 1206 960 et
1239 920 1385 971 Paulli,
1419 935 1597 961 meorum
1630 919 1900 971 familiarium,
1929 919 2053 960 vicem

297 994 424 1035 doleo.
460 995 643 1034 Formam
676 994 800 1048 igitur
834 992 933 1033 mihi
967 993 1093 1033 totius
1125 992 1183 1033 rei
1216 992 1417 1048 publicae,
1443 993 1476 1034 51
1498 993 1577 1034 13111
1601 1008 1642 1034 05
1666 993 1813 1034 Romae
1838 996 1908 1033 aut
1932 1007 2053 1046 quum

297 777 350 817 ris
384 775 590 817 certiorem
624 776 722 817 fieri.

297 1069 386 1118 eris,
421 1067 538 1108 velim
571 1067 721 1117 mittas,
757 1082 857 1120 quae
891 1066 991 1107 mihi
1025 1065 1184 1106 obviam
1217 1066 1366 1117 veniat,
1413 1081 1460 1106 ex
1495 1080 1573 1119 qua
1617 1081 1679 1106 me
1719 1066 1867 1120 fingere
1910 1065 2056 1120 possim

297 1147 335 1180 ct
368 1139 647 1195 praemeditari
681 1155 758 1194 quo
793 1139 924 1180 animo
960 1137 1145 1179 accedam
1180 1137 1230 1179 ad
1263 1137 1419 1179 urbem.
1472 1138 1545 1179 Est
1579 1138 1685 1178 enim
1722 1136 1914 1191 quiddam
1946 1137 2060 1179 adve-

297 1213 475 1253 nientem
508 1228 589 1253 11011
623 1228 706 1254 0550
739 1212 995 1268 peregrinum
1029 1216 1148 1265 atque
1183 1211 1391 1266 hospitem.
1435 1213 1473 1251 5.
1508 1212 1576 1262 Et,
1612 1210 1719 1265 quod
1752 1225 1877 1266 paene
1911 1215 2061 1265 praete-

262 1286 360 1336 -‚rii,
396 1285 513 1326 Bruti
547 1286 608 1326 tui
643 1301 775 1337 causa,
811 1290 857 1326 ut
891 1300 1005 1340 saepe
1041 1284 1090 1326 ad
1123 1290 1162 1325 10
1197 1284 1351 1339 scripsi,
1386 1284 1462 1325 feci
1497 1285 1645 1325 omnia.
1701 1284 1837 1339 Cyprii
1881 1298 2062 1325 numera-

301 1359 409 1400 bant.
444 1358 522 1399 Sed
556 1360 740 1415 Scaptius
774 1359 1016 1410 centesimis,
1051 1362 1240 1399 renovato
1272 1358 1315 1398 in
1350 1357 1529 1412 singulos
1564 1372 1689 1398 annos
1724 1355 1874 1408 fenore,
1900 1362 2063 1398 conten-

298 1438 363 1474 tus
396 1447 477 1473 non
510 1431 602 1473 fuit.
654 1431 943 1473 Ariobarzanes
975 1446 1057 1472 non
1089 1431 1132 1472 in
1166 1430 1404 1485 Pompeium
1437 1429 1627 1485 prolixior
1659 1444 1729 1485 per
1761 1429 1894 1484 ipsum
1943 1444 2062 1484 quam

299 1520 367 1560 per
401 1520 462 1546 1110
496 1504 539 1545 111
572 1504 768 1555 Brutum;
805 1519 923 1559 quem
955 1508 1092 1544 tamen
1125 1517 1198 1557 ego
1231 1507 1430 1557 praestare
1464 1517 1545 1543 non
1578 1506 1768 1557 poteram.
1815 1503 1912 1543 Erat
1956 1503 2062 1543 enim

299 1593 367 1618 rex
400 1592 621 1633 perpauper
655 1575 893 1630 aberamque
928 1575 978 1617 ab
1011 1590 1057 1617 eo
1089 1575 1147 1616 ita
1191 1575 1323 1629 longe,
1376 1579 1421 1615 ut
1462 1573 1565 1615 nihil
1597 1589 1754 1629 possem
1799 1575 1879 1616 nisi
1922 1574 2061 1627 literis,

243 1679 257 1704 2
300 1650 447 1705 quibus
480 1665 657 1705 pugnare
690 1665 771 1691 non
806 1649 957 1691 destiti.
1004 1650 1167 1690 Summa
1200 1647 1298 1688 haec
1332 1652 1411 1688 est:
1446 1663 1518 1702 pro
1552 1647 1707 1689 ratione
1740 1647 1933 1703 pecuniae
1966 1646 2064 1689 libe-

299 1724 420 1765 ralius
453 1729 513 1765 est
545 1724 696 1765 Brutus
729 1727 922 1765 tractatus
957 1737 1077 1777 quam
1110 1721 1340 1776 Pompeius.
1385 1721 1511 1761 Bruto
1557 1724 1695 1761 curata
1739 1719 1815 1761 hoc
1859 1736 1964 1762 anno
2006 1725 2063 1762 ta-

298 1798 407 1837 lenta
440 1796 597 1838 circiter
631 1811 683 1848 c.,
718 1796 910 1851 Pompeio
944 1796 988 1836 in
1021 1810 1088 1836 sex
1121 1793 1327 1835 mensibus
1369 1794 1563 1849 promissa
1603 1807 1668 1834 00.
1725 1793 1812 1843 Iam
1854 1794 1897 1835 in
1941 1793 2065 1848 Appii

299 1870 460 1924 negotio
494 1874 691 1925 quantum
722 1869 934 1910 tribuerim
967 1869 1094 1909 Bruto
1129 1867 1208 1908 dici
1242 1867 1309 1908 vix
1341 1871 1488 1922 potest.
1541 1865 1651 1918 Quid
1692 1870 1751 1907 est
1791 1866 1916 1922 igitur
1959 1865 2064 1921 quod

300 1942 502 1983 laborem?
537 1942 701 1983 Amicos
732 1942 855 1984 habet
886 1957 1014 1984 meras
1048 1955 1190 1995 nugaS,
1227 1940 1460 1991 Matinium,
1496 1939 1715 1995 Scaptium,
1751 1940 1834 1994 qui,
1869 1939 1964 1995 quia
1984 1954 2065 1981 non

244 2043 258 2057 ο
300 2013 444 2056 habuit
477 2030 499 2056 a
531 2030 592 2056 me
625 2019 778 2057 turmas
813 2015 1009 2071 equitum,
1046 2012 1193 2068 quibus
1227 2012 1402 2068 Cyprum
1436 2016 1610 2063 vexaret,
1655 2016 1701 2053 ut
1736 2017 1827 2055 ante
1859 2028 1923 2055 me
1966 2012 2065 2054 fece-

344 2180 362 2219 §
385 2181 414 2210 4.
437 2178 484 2210 De
511 2179 653 2218 Curione,
676 2179 715 2210 de
737 2177 865 2208 Paullo.
886 2177 934 2208 Hi
956 2181 1028 2208 tum
1045 2176 1158 2209 Caesa·
1180 2174 1183 2217 1

300 2232 344 2262 ris
366 2232 503 2272 pecunia
526 2231 630 2272 (Suet.
655 2232 745 2264 Caes.
769 2232 824 2271 29)
848 2231 994 2271 gratiave
1013 2230 1159 2271 corrupti

301 2285 369 2316 eius
391 2295 523 2316 causam
537 2285 572 2316 in
588 2290 704 2316 sena-tu
724 2289 942 2324 susceperant.
965 2283 1046 2314 Vid.
1065 2283 1158 2314 Fam.
1181 2274 1183 2318 Ῐ

302 2339 403 2369 VIII.
426 2339 453 2376 6,
478 2340 506 2370 5.
529 2339 577 2376 11,
601 2341 631 2370 3.
654 2338 743 2370 Vell.
766 2338 812 2369 Π.
835 2338 887 2368 48.
902 2337 1047 2378 Appian.
1064 2337 1104 2368 B.
1122 2336 1158 2368 C.
1182 2353 1183 2381 1

301 2391 348 2421 II.
371 2391 421 2421 26.

344 2444 458 2475 Stante
486 2443 626 2483 Pompeio
655 2444 705 2474 vel
733 2443 828 2475 etiam
855 2443 985 2473 sedente
1013 2452 1046 2473 οε
1081 2443 1160 2474 (111111
1182 2428 1183 2451 l

304 2496 480 2535 Pompeius
503 2506 596 2526 suam
629 2496 663 2526 in
693 2496 781 2535 repb.
811 2496 1008 2535 dignitatem
1037 2495 1160 2527 obtine·
1182 2516 1184 2537 1

305 2548 361 2584 bit,
391 2548 519 2579 etiamsi
548 2548 633 2578 nihil
667 2552 751 2588 agat.
787 2547 838 2579 Cf.
868 2547 961 2579 Fam.
991 2548 1053 2579 VI.
1082 2548 1110 2585 6,
1141 2538 1184 2579 2λγ

304 2603 410 2631 stante
432 2611 477 2631 nze
499 2606 531 2632 et
560 2601 641 2631 VII.
671 2602 698 2638 2,
730 2602 757 2637 3,
787 2601 839 2642 qui
867 2612 914 2631 nze
942 2603 1048 2632 stante
1074 2603 1162 2631 stare

305 2663 365 2683 non
381 2655 542 2692 poterant.
566 2653 668 2683 XIII.
697 2654 745 2690 29,
777 2653 793 2685 7
816 2664 877 2692 per
907 2664 981 2694 quos
1009 2653 1160 2684 steterim.

305 2705 424 2737 Sedere
445 2705 567 2735 indicat
588 2706 730 2736 otiosum
753 2714 832 2741 esse,
850 2705 935 2736 nihil
950 2716 1057 2746 agere.
1081 2706 1157 2736 Vid.
1184 2715 1185 2718 ¹

305 2758 347 2788 N.
370 2758 529 2790 Heinsius
553 2763 584 2790 et
614 2758 901 2789 Drakenborehius
931 2760 972 2790 ad
1000 2759 1060 2791 Sil.
1083 2760 1157 2790 Ital.

307 2811 388 2843 XII.
411 2812 460 2842 64.

348 2866 459 2897 Paulli
489 2885 530 2889 —
561 2867 654 2898 viceni
688 2866 776 2897 doleo
807 2876 839 2897 οε
874 2867 970 2898 doleo
999 2868 1036 2899 P.
1066 2874 1098 2900 et
1121 2868 1156 2900 C.
1184 2852 1185 2865 1

305 2922 528 2953 conditionem
560 2925 730 2952 mutatam.
773 2921 827 2952 Sic
864 2931 961 2961 supra
988 2923 1051 2953 IV.
1080 2923 1107 2960 6,
1140 2924 1156 2953 1
1184 2941 1186 2966 1

303 2974 384 3014 quod
403 2973 500 3013 ipsius
521 2972 616 3004 vicem
638 2973 761 3004 minime
783 2973 927 3004 dolemzw.
960 2973 1053 3005 Fam.
1075 2975 1158 3006 XII.

305 3026 353 3063 23,
377 3028 394 3056 3
418 3028 503 3055 tuam
526 3025 619 3056 vicem
641 3034 733 3064 saepe
754 3024 852 3056 doleo.
875 3025 948 3057 Att.
972 3026 1069 3058 Vm.
1084 3028 1112 3065 2,
1130 3028 1158 3059 2.

345 3077 393 3107 Ex
415 3088 475 3118 qua
497 3088 542 3108 me
553 3077 679 3118 fitzyere
694 3077 809 3116 possim
833 3087 866 3108 o:
891 3078 931 3108 ad
959 3088 1058 3119 quain
1086 3090 1159 3111 mea

303 3130 440 3161 consilia
463 3130 717 3167 aeconunodare,
733 3139 851 3170 meque
867 3129 1071 3163 conformare
1089 3142 1158 3173 pos-

1205 2176 1278 2208 sim.
1301 2175 1351 2207 Cf.
1374 2175 1464 2209 Orat.
1487 2176 1527 2207 28
1538 2175 1665 2217 finqere
1686 2186 1720 2207 se
1741 2176 1840 2207 totum
1861 2174 1906 2206 ad
1932 2173 2065 2206 alterius

1205 2229 1372 2261 arbitrium
1393 2233 1424 2261 et
1447 2232 1563 2262 nutum.

1248 2284 1267 2323 ξ
1290 2285 1318 2314 5.
1352 2283 1402 2321 Et,
1440 2283 1522 2324 quod
1548 2294 1654 2324 paene
1684 2283 1853 2323 praeterii,
1889 2282 1988 2313 Bruti
2019 2280 2067 2312 tui

1205 2347 1301 2368 eausa
1324 2337 1449 2378 -feci
1470 2338 1583 2369 omnia.
1605 2338 1708 2369 Nullo
1730 2338 1866 2368 vinculo
1886 2337 1967 2368 11300
1988 2345 2064 2367 cum

1182 2402 1183 2425 1
1206 2391 1428 2431 superioribus
1450 2391 1636 2428 cohaerent,
1662 2391 1709 2422 ita
1729 2396 1766 2421 ut
1780 2389 1898 2431 copula
1912 2389 1966 2420 hic
1982 2392 2066 2420 stare

1206 2454 1273 2474 non
1296 2444 1408 2484 possit.
1451 2444 1529 2475 Non
1552 2444 1658 2484 magis
1688 2444 1795 2481 video,
1823 2452 1922 2484 quare
1952 2441 2065 2474 Cicero

1206 2497 1242 2528 in
1265 2498 1374 2529 media
1396 2498 1535 2538 epistola
1549 2498 1739 2539 scripsisset,
1753 2507 1787 2529 se
1800 2507 1903 2538 paene
1919 2496 2065 2528 omisisse

1208 2551 1248 2582 de
1271 2551 1368 2582 Bruti
1391 2561 1488 2582 031153
1510 2552 1661 2589 seribere,
1683 2561 1766 2593 quae
1788 2556 1898 2582 tamen
1913 2550 1973 2581 illo
1988 2555 2065 2581 tem·

1208 2614 1286 2644 pore
1318 2605 1531 2636 vehementer
1559 2615 1635 2637 eum
1665 2605 1863 2636 sollieitabat
1890 2609 1921 2635 et
1952 2603 2065 2635 Attico

1208 2657 1298 2687 cordi
1321 2662 1398 2688 erat.
1429 2657 1520 2688 Hinc
1543 2658 1687 2698 suspicio
1709 2657 1792 2688 mihi
1815 2662 1891 2688 nata
1913 2661 1969 2694 est,
1992 2654 2064 2687 scri-

1210 2710 1354 2741 bendum
1378 2720 1463 2742 esse:
1487 2710 1544 2748 Eu,
1567 2711 1648 2752 qnod
1668 2721 1773 2751 paene
1795 2709 1976 2751 praeteriit,
2004 2708 2064 2739 hac

1209 2763 1389 2794 sententia:
1422 2763 1569 2794 Felicem
1597 2773 1650 2795 me
1680 2763 1764 2801 dico,
1793 2763 1881 2803 quod
1909 2762 1967 2793 illa
1993 2769 2065 2792 mea

1209 2816 1431 2856 peregrinatio
1453 2826 1557 2857 paene
1579 2817 1745 2857 praeteriit
1779 2821 1811 2848 et
1838 2825 1918 2847 mox
1946 2814 1987 2845 ad
2014 2823 2063 2844 ur-

1209 2869 1285 2900 bem
1307 2871 1469 2901 accedam.
1493 2871 1580 2901 Tum
1597 2870 1715 2902 transit
1733 2870 1774 2901 ad
1789 2870 1868 2900 alia:
1885 2869 1904 2909 ἓ
1919 2870 1948 2899 5.
1969 2865 2065 2898 Bruti

1209 2923 1256 2953 tui
1284 2934 1381 2955 eausa
1411 2942 1452 2948 —
1469 2924 1540 2965 feci
1568 2924 1681 2955 omnia.
1724 2924 1798 2955 Hoc
1827 2924 1943 2961 obstat,
1977 2920 2063 2962 quod

1209 2974 1325 3007 Cicero
1347 2987 1516 3018 nunquam
1539 2978 1619 3008 alias
1642 2988 1679 3008 eu
1701 2977 1817 3018 posuit.

1250 3028 1491 3061 Ariobarzanes.
1521 3029 1571 3062 Cf.
1594 3030 1635 3061 de
1656 3030 1718 3060 hoc
1741 3029 1875 3069 negotio
1896 3028 1958 3065 VI,
1987 3027 2015 3065 1,
2044 3026 2062 3056 3

1208 3091 1256 3122 sq.
1277 3101 1319 3106 —
1341 3083 1391 3115 De
1413 3083 1507 3124 Appia·
1529 3083 1652 3124 neyotio
1674 3083 1736 3115 VI.
1759 3084 1787 3120 2,
1813 3084 1862 3113 10.

1250 3134 1430 3173 rlIcctinz'um,
1453 3136 1619 3177 Scaptium.
1656 3136 1756 3168 Falso
1785 3145 1827 3167 ex
1854 3135 1906 3166 his
1935 3132 2060 3166 duobus
