2117 3533
791 166 898 208 LIB.
932 166 1008 208 IV.
1042 166 1126 208 ΕΡ.
1162 168 1204 207 3.
1790 168 1878 208 169

112 307 162 348 ad
196 320 283 347 eam
314 303 660 358 impugnationem
693 305 930 356 sumpserat.
965 301 1068 342 Tum
1102 317 1151 342 ex
1183 301 1373 342 Anniana
1417 301 1620 357 [Milonis]
1667 300 1785 342 domo
1828 301 1880 353 Q.

114 379 280 420 Flaccus
313 375 454 417 eduxit
487 375 592 416 viros
626 389 748 425 acreS,
785 374 934 415 occidit
966 374 1148 416 homines
1190 390 1239 435 ex
1280 375 1389 416 omni
1429 375 1640 417 latrocinio
1685 374 1881 416 Clodiano

114 449 355 498 notissimos,
390 448 523 502 ipsum
558 446 712 501 cupivit
721 464 731 497 3
768 446 837 487 sed
870 446 937 487 ille
973 462 1013 488 se
1047 447 1090 488 in
1135 447 1326 488 interiora
1369 447 1529 488 aedium
1571 449 1719 490 Sullae.
1774 449 1882 490 Exin

115 528 275 565 senatus
307 518 500 576 postridie
534 518 633 559 Idus
642 537 653 569 3
691 518 798 559 domi
833 519 999 559 Clodius
1010 537 1021 570 3
1057 520 1241 574 egregius
1275 521 1549 571 Marcellinus,
1585 538 1722 563 omnes
1756 538 1880 563 acres.

114 594 302 637 Metellus
344 592 544 634 calumnia
578 591 739 632 (licendi
781 596 940 647 tempus
985 594 1133 634 exemit
1174 593 1389 635 adiuvante
1430 595 1578 649 Appio,
1624 596 1743 636 etiam
1792 595 1880 635 her—

1793 669 1881 709 Ses-

111 740 193 781 tius
226 739 369 780 furere.
403 739 477 780 Ille
510 743 663 793 postea,
699 738 732 779 si
767 738 928 779 comitia
963 754 1035 780 sua
1068 754 1150 780 non
1183 740 1337 791 fierent,
1361 739 1453 781 urbi
1476 741 1635 782 minari.
1671 741 1882 796 Proposita

112 667 199 709 cule
233 666 419 707 familiari
452 670 544 716 tuo;
579 664 627 705 de
662 665 776 705 cuius
809 666 835 708 †
869 666 1096 707 constantia
1129 666 1277 708 virtute
1311 667 1538 708 verissimae
1582 668 1736 709 literae.

113 811 340 854 Marcellini
373 810 585 861 sententia,
622 825 741 865 quam
775 810 841 851 ille
876 810 924 852 de
958 811 1107 866 scripto
1140 812 1197 853 ita
1238 813 1407 864 dixerat,
1452 817 1498 854 ut
1537 817 1662 854 totam
1702 818 1879 855 nostram

114 900 273 926 causam
307 899 433 934 areae,
467 882 761 934 incendiorum,
796 883 966 938 periculi
998 884 1078 925 mei
1110 884 1261 926 iudicio
1295 886 1625 941 complecteretur
1648 901 1774 940 eaque
1799 902 1881 927 om-

112 958 180 999 nia
214 956 389 998 comitiis
423 955 649 1007 anteferret,
684 955 918 1011 proscripsit
952 971 992 997 se
1026 971 1096 1011 per
1130 972 1266 999 omnes
1301 958 1386 999 dies
1420 959 1642 1001 comitiales
1676 960 1724 1001 de
1771 961 1879 1002 caelo

155 1122 171 1152 1
196 1131 236 1152 ex
260 1120 414 1152 Anniana
438 1118 569 1150 Milonis
590 1117 678 1150 domo
699 1135 740 1140 —
763 1118 782 1149 6
805 1118 844 1150 de
866 1118 955 1150 cuius
977 1121 1160 1153 constantia
1181 1124 1199 1161 †
1219 1121 1341 1154 invitae
1364 1124 1438 1156 tuae
1460 1122 1642 1155 verissimae
1663 1141 1705 1146 —

114 1285 183 1308 esse
207 1281 348 1317 apparet.
384 1276 449 1307 Illa
470 1277 588 1308 domus
611 1277 692 1308 olim
715 1277 820 1309 fuerat
843 1277 879 1309 C.
902 1277 972 1309 An-

114 1330 171 1367 nii,
194 1329 376 1361 hereditate
395 1331 436 1361 ad
459 1330 528 1361 eius
552 1336 706 1372 nepotem
723 1332 886 1363 Milonem
900 1341 971 1372 per-

113 1389 260 1414 venerat.

156 1433 432 1476 Impuynationem.
466 1432 562 1476 ἅπαξ
605 1433 799 1482 λεγόμενον.
838 1437 970 1468 Lambi-

112 1502 174 1523 nus
203 1492 346 1523 malebat
381 1493 649 1535 omiuyuutionem,
680 1505 781 1536 quum
812 1495 846 1526 in
877 1495 970 1526 libris

113 1547 283 1578 nonnullis
305 1547 386 1578 Mss.
411 1547 507 1588 (quos
540 1559 608 1579 non
637 1549 736 1591 dixit)
763 1549 969 1591 pupuquutio-

113 1609 179 1630 nem
204 1600 376 1640 legeretur.

155 1652 190 1692 Q.
219 1653 362 1684 Flaccus.
399 1654 427 1685 E
458 1659 556 1695 gente
583 1654 704 1686 Fulvia
746 1661 802 1688 aut
824 1656 970 1688 Valeria.

109 1707 220 1738 Homo
243 1708 385 1748 ignotus.

151 1761 214 1792 Ille
235 1772 269 1793 se
292 1762 324 1792 iu
344 1762 499 1794 interiora
521 1763 645 1794 (tedium
668 1763 787 1794 Sullae.
822 1765 863 1795 In
894 1765 967 1796 loco

111 1816 323 1848 vehementer
348 1817 506 1858 impedito
528 1823 658 1849 secutus
677 1828 749 1849 sum
765 1818 882 1851 Orellii
896 1829 971 1850 con-

109 1872 278 1903 iecturam.
316 1872 475 1911 Quamvis
513 1874 602 1905 enim
639 1874 792 1905 usitatius
821 1875 904 1906 foret
933 1875 966 1906 in

110 1926 291 1957 interiorem
320 1927 445 1958 aedium
475 1927 506 1958 S.
528 1930 665 1968 purtem,
697 1929 771 1959 coll.
802 1928 886 1960 Sest.
916 1930 966 1960 24.

110 1980 198 2011 Phil.
221 1981 264 2011 V.
288 1982 336 2018 11,
360 1981 533 2022 aliquoties
566 1987 676 2012 tamen
706 1981 821 2013 Cicero
850 1986 966 2012 neutra

108 2033 343 2064 adiectivoruni
367 2034 400 2064 in
430 2034 514 2074 plur.
544 2044 683 2065 numero
712 2044 787 2065 011111
817 2035 965 2075 genitivo

108 2085 227 2123 iunxit,
251 2088 339 2127 quod
360 2087 446 2118 male
469 2092 568 2127 negat-
582 2088 753 2128 Zumptius
770 2088 803 2118 111
820 2087 965 2119 Gramm.

108 2139 180 2170 Lat.
212 2140 324 2179 §435.
359 2140 524 2177 Handius,
555 2141 690 2172 Enchir.
720 2141 796 2172 Stili
827 2142 901 2173 Lat.
935 2153 965 2182 p.

108 2192 178 2228 156,
202 2191 294 2223 affert
315 2202 432 2222 sunzma
448 2192 589 2232 pectoris
612 2202 653 2223 ex
677 2193 768 2223 Fam.
798 2194 825 2224 I.
855 2194 883 2230 9,
916 2195 964 2231 15,

107 2244 254 2286 uniusque
275 2245 357 2275 artis
380 2245 565 2286 difficillima
589 2247 629 2277 de
653 2246 743 2278 Orat.
766 2247 812 2277 ΙΙ.
836 2247 886 2277 69.
915 2247 964 2279 De

109 2298 245 2329 Salustii
267 2309 328 2330 usu
352 2299 417 2329 vid.
441 2300 546 2330 Kritz.
570 2301 611 2330 ad
634 2299 705 2330 Cat.
729 2301 777 2337 59,
802 2301 830 2331 2.

153 2351 263 2382 Omnes
275 2361 374 2382 acreS.
386 2352 460 2382 Hoc
471 2352 603 2383 laudem
615 2353 772 2390 continet,
785 2358 821 2383 ut
833 2355 965 2394 quando

108 2404 314 2435 Trebonium
347 2409 474 2445 patrem
510 2410 606 2435 vocat
642 2405 734 2435 civem
767 2405 961 2444 acerrimum,

107 2457 201 2488 Fam.
223 2457 268 2488 X.
291 2458 340 2495 28,
365 2458 381 2488 1
406 2463 438 2489 et
461 2458 571 2498 Nepos
601 2458 814 2490 Alcibiadem
844 2460 961 2490 acerri-

107 2523 184 2542 mum
208 2512 304 2542 virum
328 2512 362 2543 in
387 2513 455 2543 eius
477 2513 555 2550 vita,
580 2515 608 2543 5.
640 2512 689 2544 Cf.
718 2524 849 2554 quoque
878 2514 961 2545 Hor.

107 2565 175 2597 Sat.
199 2566 225 2596 Ι.
250 2567 278 2603 3,
303 2567 341 2597 53
364 2576 453 2596 acres
475 2566 560 2596 inter
582 2569 771 2598 numeretur.

151 2622 313 2652 Calumniu
336 2633 369 2653 οι
395 2628 590 2662 argumento
613 2623 771 2654 orationis
797 2624 883 2655 ficto.
907 2624 961 2655 Sic

105 2675 198 2705 Fam.
222 2676 248 2705 Ι.
272 2677 301 2712 4,
332 2676 359 2712 1,
393 2686 444 2706 res
473 2676 511 2706 ab
539 2676 734 2707 (adversariis
764 2677 881 2707 uostris
911 2688 962 2708 ea·-

106 2729 226 2757 structa.
249 2730 296 2758 est
320 2728 419 2758 variis
442 2728 618 2759 calumniis.
640 2729 696 2759 Ad
721 2729 761 2767 Q.
778 2729 878 2760 f1·.11.
894 2731 920 2767 2,
933 2732 961 2768 3,

100 2790 159 2819 per
180 2780 406 2811 obtrectatores
428 2780 556 2810 Lentuli
576 2791 626 2811 res
641 2782 797 2812 calumnia
814 2785 961 2813 extracta

106 2835 162 2864 est.
186 2833 270 2864 Sest.
295 2832 344 2865 75.
369 2831 439 2863 Cum
462 2832 543 2863 omui
561 2843 656 2870 mora,
670 2834 896 2874 ludificatione,
913 2846 962 2866 cu-

105 2886 224 2917 Iumm'a
238 2888 368 2916 senatus
383 2886 557 2916 auctoritas
572 2885 786 2925 impediretur.
807 2886 868 2918 Cff.
883 2887 962 2919 Gro-

107 2941 196 2971 novii
219 2941 306 2971 lectt.
329 2939 420 2970 Tull.
443 2950 474 2980 p.
497 2940 526 2970 2.

146 2993 194 3024 De
215 2993 303 3024 cuius
326 2992 506 3023 constantia
529 2992 647 3023 virtute
676 2993 856 3024 verissimae
890 2995 960 3025 lite-

106 3057 171 3078 rae.
208 3048 259 3078 Ita
280 3048 380 3084 Med„
403 3048 460 3078 sed
482 3047 582 3078 verba
605 3057 671 3078 non
694 3047 850 3079 videntur
872 3059 960 3080 sana.

107 3100 230 3140 Agitur
258 3102 298 3132 de
330 3101 371 3138 Q.
402 3100 592 3137 Hortensio,
629 3105 664 3131 ut
701 3101 802 3141 vulgo
832 3108 958 3142 putant,

106 3162 203 3193 quem
227 3152 340 3185 Cicero
363 3154 425 3184 sibi
449 3163 563 3194 parum
594 3153 699 3183 fidum
727 3155 871 3185 amis-um
905 3165 958 3187 ex·
981 3183 983 3185 ,

1021 1284 1132 1321 pertus
1155 1286 1232 1312 erat.
1277 1281 1313 1312 Si
1335 1281 1468 1312 Atticus
1498 1281 1568 1312 eius
1598 1282 1818 1313 constantiam
1848 1288 1881 1314 et

1021 1333 1177 1364 virtutem
1199 1333 1356 1371 laudavit,
1381 1333 1577 1365 Ciceronem
1609 1339 1696 1365 certe
1726 1345 1793 1365 11011
1823 1335 1879 1366 ha-

1022 1388 1091 1418 buit
1110 1389 1173 1419 sibi
1188 1389 1432 1420 assentientem.
1455 1389 1545 1419 Num
1561 1389 1587 1420 is
1604 1389 1706 1429 igitur
1721 1390 1767 1420 ita.
1782 1391 1879 1431 scrip-

1019 1441 1100 1471 sisse
1122 1442 1287 1481 putandus
1311 1440 1382 1472 est?
1423 1441 1499 1471 Non
1525 1442 1631 1472 credo.
1670 1442 1728 1479 At,
1754 1443 1879 1474 ironice

1018 1495 1099 1525 11300
1122 1494 1210 1525 dicta
1233 1500 1319 1532 sunt,
1344 1495 1463 1535 inquit.
1499 1495 1575 1525 Non
1600 1495 1754 1536 intelligo
1777 1496 1878 1527 talem

1018 1547 1170 1578 ironiam.
1203 1546 1294 1585 Quid
1316 1547 1445 1578 multa?
1477 1547 1698 1579 Scribendum
1720 1554 1815 1589 puto:
1840 1548 1879 1580 de

1019 1599 1106 1630 cuius
1127 1599 1347 1630 inconstantia
1370 1599 1432 1629 viri
1454 1602 1527 1630 tuae
1541 1600 1721 1631 verissimae
1738 1601 1878 1633 litterae.

1016 1653 1158 1685 Inutiles
1181 1659 1259 1685 sunt
1282 1654 1449 1685 Tunstalli
1472 1663 1521 1694 ep.
1546 1655 1586 1684 ad
1608 1654 1761 1685 Middlet.
1779 1665 1809 1696 p.
1826 1655 1875 1692 37,

1017 1708 1152 1745 Baiteri,
1182 1708 1304 1738 Kochii
1339 1707 1393 1748 (de
1423 1718 1447 1739 e.
1478 1718 1502 1738 c.
1534 1708 1653 1739 invicta
1686 1710 1761 1739 tuae
1789 1719 1816 1740 v.
1836 1709 1875 1749 l.)

1016 1761 1235 1798 coniecturae,
1258 1771 1360 1801 quum
1382 1761 1548 1801 pendeant
1571 1771 1589 1791 a
1617 1761 1777 1801 scriptura
1806 1762 1875 1793 ficti

1014 1814 1135 1844 codicis
1159 1814 1306 1845 Bosiani.

1055 1866 1174 1897 Sestius
1186 1866 1304 1906 furere
1326 1877 1359 1897 ος
1384 1866 1422 1897 P.
1452 1866 1579 1898 Sestius
1608 1876 1702 1898 meus
1732 1867 1873 1906 furebat,

1011 1919 1161 1950 dolorem
1183 1920 1279 1951 vultu
1303 1925 1335 1950 et
1357 1929 1437 1951 voce
1459 1921 1628 1960 prodebat.

1053 1972 1085 2003 Si
1110 1973 1235 2004 comitia
1257 1983 1315 2004 sua
1340 1984 1399 2004 mm
1413 1974 1543 2014 fierent.
1568 1975 1605 2005 P.
1629 1974 1766 2006 Clodius
1787 1985 1872 2007 acer-

1011 2028 1095 2058 rime
1118 2029 1349 2066 contendebat,
1372 2033 1407 2059 ut
1435 2029 1567 2059 coniitia
1598 2030 1747 2061 aedilitia
1775 2030 1872 2062 habe-

1010 2086 1134 2118 rentur,
1158 2091 1292 2122 sperans
1314 2082 1383 2113 fore
1405 2088 1441 2113 ut
1465 2083 1532 2123 ipse
1556 2083 1672 2114 aedilis
1701 2089 1868 2115 crearetur

1010 2134 1121 2175 itaque
1145 2135 1325 2166 imminens
1356 2136 1516 2167 iudicium
1547 2136 1715 2176 effingeret.
1753 2138 1794 2168 In
1825 2148 1871 2169 se-

1010 2194 1090 2219 natu
1119 2189 1217 2219 multi
1255 2190 1289 2220 in
1326 2190 1431 2231 iisque
1467 2190 1618 2231 princeps
1648 2192 1867 2223 Marcellinus

1010 2241 1131 2272 iudicia
1153 2242 1295 2273 comitiis
1319 2242 1557 2274 anteferebant.
1594 2243 1650 2274 Ad
1680 2244 1721 2282 Q.
1753 2244 1791 2275 fr.
1823 2245 1871 2275 II.

1012 2295 1038 2332 1,
1062 2296 1081 2325 2
1103 2305 1149 2336 sq.

1050 2348 1099 2379 De
1120 2349 1236 2389 scripto
1251 2349 1387 2380 dia-erut.
1412 2350 1551 2381 Veteres
1564 2351 1715 2382 solebant
1729 2352 1871 2384 scribere

1009 2401 1172 2432 orationes
1205 2402 1342 2440 habitas,
1373 2413 1440 2433 non
1471 2407 1507 2433 ut
1536 2403 1745 2442 haberentur,
1777 2406 1871 2436 Brut.

1008 2455 1058 2485 92.
1081 2455 1181 2485 Tusc.
1204 2455 1267 2485 IV.
1292 2457 1341 2486 53.
1381 2455 1448 2487 Sed
1477 2466 1718 2498 nonnunquam
1740 2461 1871 2499 propter

1008 2507 1055 2537 rei
1076 2507 1323 2548 mayuitudiuem
1350 2508 1390 2539 de
1413 2508 1533 2549 scripto
1557 2509 1719 2549 dicebant,
1754 2511 1869 2543 Plane.

1008 2562 1057 2594 74.
1080 2562 1161 2593 Alia
1183 2563 1337 2603 exempla
1359 2564 1569 2604 suppeditant
1585 2564 1670 2597 Sest.
1686 2566 1755 2597 129.
1779 2566 1867 2597 Phil.

1007 2616 1050 2647 X.
1075 2618 1102 2647 5.
1127 2617 1220 2648 Brut.
1245 2618 1315 2648 328.
1338 2617 1430 2648 Fam.
1456 2618 1501 2649 X.
1525 2619 1573 2657 13,
1599 2620 1627 2650 1.

1048 2670 1248 2711 Prosm'psit.
1285 2671 1385 2703 Deest
1407 2682 1530 2704 nomen
1555 2673 1775 2714 magistratus,
1808 2676 1866 2716 qui

1008 2733 1041 2755 se
1064 2725 1104 2755 de
1127 2725 1218 2756 caelo
1233 2727 1688 2767 servaturumproscripserit.
1713 2728 1762 2759 De
1780 2729 1865 2759 Mar-

1006 2777 1128 2807 cellino
1165 2778 1342 2818 quominus
1385 2779 1567 2819 cogitemus
1590 2780 1733 2812 rationes
1762 2791 1864 2821 quum

1007 2829 1240 2869 grammaticae
1264 2836 1334 2861 tum
1363 2831 1537 2863 historicae
1568 2832 1709 2864 obstant.
1746 2834 1864 2864 Manu-

1006 2883 1081 2919 tius,
1110 2893 1213 2923 quum
1250 2885 1459 2924 praecederet
1486 2883 1607 2915 Sestius
1627 2885 1744 2925 furere
1772 2887 1864 2918 illius

1006 2936 1151 2967 nominis
1173 2938 1405 2978 compendium
1428 2938 1513 2969 inter
1527 2939 1713 2978 proscripsit
1728 2949 1762 2969 se
1776 2941 1864 2971 exci-

1006 2992 1091 3023 disse
1128 2992 1278 3030 coniecit,
1322 2994 1410 3033 quod
1452 2994 1632 3034 probarunt
1676 2993 1861 3035 Schutzius,

1005 3047 1132 3083 Matth„
1146 3045 1302 3079 Orellius.
1317 3047 1412 3085 Mihi,
1430 3057 1531 3088 quum
1545 3048 1679 3088 posthac
1696 3049 1736 3080 de
1752 3049 1861 3082 Sestio

1005 3100 1106 3137 nulla,
1130 3101 1169 3131 (le
1192 3101 1319 3132 Milone
1341 3101 1558 3132 obnuntiante
1580 3101 1722 3141 plurima
1736 3105 1860 3135 mentio

1003 3155 1067 3191 fiat,
1091 3155 1196 3193 magis
1218 3156 1375 3195 probatur
1398 3155 1565 3186 Tunstalli
1594 3157 1736 3197 suspicio
1766 3157 1857 3189 Milo-

1902 975 1935 1000 10
