2117 3533
250 150 306 188 44

654 148 738 189 ΕΡ.
773 149 849 189 AD
881 149 927 189 Τ.
962 149 1312 193 POMPONIUM
1345 149 1609 192 ATTICUM.

250 282 365 332 mihi,
400 297 462 323 me
498 282 548 322 ad
583 282 699 323 Baias
733 282 869 325 fuisse.
905 309 963 315 -—
1005 285 1189 339 Falsum;
1224 287 1293 329 sed
1325 292 1460 329 tamen
1493 285 1592 342 quid
1632 286 1734 328 hoc?
1778 287 1917 328 Simile
1935 293 2010 339 est,

247 354 426 409 inquam,
461 357 575 411 quasi
609 356 718 398 dicas
751 358 794 399 in
828 364 964 414 operto
998 359 1143 403 fuisse!
1180 386 1237 392 ——
1279 361 1404 413 Quid,
1445 360 1593 415 inquit,
1634 360 1788 402 homini
1823 361 2013 416 Arpinati

248 443 339 469 cum
373 430 488 484 aquis
522 430 691 473 calidis?
726 457 783 462 —
825 434 969 484 Narra,
1004 434 1184 489 inquam,
1218 440 1386 490 patrono
1419 439 1505 485 tuo,
1538 434 1608 489 qui
1647 434 1854 489 Arpinatis
1890 449 2013 489 aquas

250 502 482 556 concupivit
518 504 643 558 [nosti
676 505 784 546 enim
816 506 1023 561 marinas]
1061 532 1118 537 —

1161 508 1395 563 Quousque,
1440 508 1588 563 inquit,
1632 507 1740 548 hunc
1781 522 1915 562 regem
1958 507 2012 549 fe-

220 575 404 620 5remus?
448 600 504 604 ——
546 576 697 631 Regem
741 578 930 633 appellas,
977 579 1158 634 inquam,
1202 595 1293 621 cum
1335 581 1421 622 Rex
1461 581 1523 622 tui
1564 580 1809 622 mentionem
1859 581 2013 623 nullam

248 647 415 689 fecerit?
450 673 506 677 -—
541 648 607 690 ille
642 654 775 690 autem
810 650 930 704 Regis
964 650 1226 694 hereditatem
1268 669 1335 709 spe
1377 653 1598 694 devorarat.
1642 677 1697 682 ———
1729 653 1918 704 Domum,
1953 654 2014 695 in-

252 720 354 776 quit,
400 721 546 762 emisti.
591 746 647 751 ——
690 722 828 773 Putes,
870 723 1050 778 inquam,
1097 724 1241 776 dicere,
1286 726 1440 767 iudices
1473 725 1619 767 emisti.
1655 750 1712 756 —
1747 726 1919 778 Iuranti,
1953 727 2012 768 in-

289 884 310 912 4
331 883 417 914 nosti
439 883 518 915 enim
544 881 712 914 Marianas
732 882 803 914 sine
826 882 933 914 obelo.

249 1033 351 1064 bei-ali
373 1034 455 1065 facie
479 1033 634 1065 Clodium
650 1033 749 1065 fuisse
764 1034 886 1065 indicat
899 1041 932 1066 et
946 1036 1109 1066 maiomm

251 1096 385 1118 suorum
408 1087 606 1127 cognomine
629 1087 816 1127 indignum.
846 1088 1034 1130 Utrumque
1058 1099 1111 1130 ap-

246 1148 337 1183 paret
360 1151 377 1172 e
399 1140 586 1180 fragmento
616 1146 696 1171 orat.
725 1141 760 1171 in
791 1140 884 1172 Clod.
914 1148 946 1173 et
976 1128 1134 1186 Curioni

246 1206 277 1236 p.
301 1196 361 1225 110
383 1195 503 1226 Beieri.
537 1194 608 1231 Sed,
631 1194 734 1231 credo,
760 1197 925 1236 pos-squam
955 1197 1109 1236 speculam

247 1247 302 1278 tibi
325 1248 459 1278 allatum
482 1250 540 1284 est,
563 1248 654 1289 lonye
677 1250 707 1277 te
729 1258 749 1278 a
758 1247 904 1288 pulchris
920 1248 1027 1279 abesse
1041 1259 1110 1280 sen-

245 1300 334 1337 sisti3
366 1302 407 1331 ad
436 1311 466 1341 q.
497 1301 518 1331 l.
548 1301 677 1332 consuli
704 1307 842 1341 possunt
872 1302 982 1333 adnot.
1012 1301 1133 1332 Scho-¹

246 1355 361 1385 liastae
384 1353 559 1385 Bobiensis
583 1359 615 1384 et
636 1353 727 1393 Ang.
750 1353 843 1384 Maii.

289 1409 342 1439 Jse
363 1408 408 1439 ad
429 1407 532 1439 Baias
544 1408 661 1448 flasse.
698 1408 894 1440 Distinctius
922 1409 1002 1440 haec
1032 1415 1110 1440 trac·
1132 1425 1133 1428 =

248 1468 360 1494 tantur
381 1461 415 1492 in
439 1460 529 1493 Orat.
553 1462 640 1492 laud.
662 1472 693 1502 p.
717 1462 756 1492 99
786 1471 855 1502 sqq.
884 1462 940 1493 B.:
971 1460 1110 1492 Primam

248 1518 333 1548 homo
356 1514 455 1545 daras
479 1524 516 1544 ac
531 1514 658 1555 priscus
680 1514 821 1545 invectas
845 1516 892 1544 est
915 1515 949 1544 in
969 1525 1031 1553 eos,
1059 1514 1111 1555 qai

249 1579 350 1600 mense
375 1567 480 1609 Aprili
502 1567 588 1607 apud
609 1567 712 1598 Baias
734 1570 837 1598 essent
860 1570 890 1598 et
912 1567 1001 1609 aquis
1030 1568 1111 1599 cali-

249 1622 298 1652 dis
320 1622 495 1652 uterentur.
524 1620 606 1661 Quid
626 1630 691 1651 cum
715 1621 772 1651 hoc
794 1620 915 1651 homine
936 1621 1023 1652 nobis
1046 1624 1108 1653 tam

250 1676 337 1708 tristi
360 1678 390 1706 et
412 1676 546 1707 severo?
575 1675 645 1706 Non
668 1677 802 1716 possunt
832 1675 865 1705 la‘
895 1686 995 1707 mores·
1016 1677 1132 1717 ferre]

250 1731 331 1761 hunc
353 1731 415 1759 tam
439 1731 597 1759 austerum
620 1730 650 1759 et
672 1730 737 1759 iam
759 1728 967 1759 vehementem
995 1728 1107 1769 mayis-

248 1785 339 1816 trum..
354 1792 413 1823 per
435 1792 518 1823 quem
543 1780 717 1812 hominibus
738 1780 905 1811 maioribus
927 1783 1007 1812 nata
1020 1792 1060 1812 ne
1074 1781 1108 1812 in

246 1839 314 1870 suis
337 1837 457 1880 quidem
474 1837 619 1878 praediis
640 1837 762 1878 impune
785 1840 868 1875 tunc,
890 1849 978 1879 quum
993 1838 1108 1869 Romae
1128 1829 1130 1855 ἶ

247 1891 329 1922 nihil
351 1891 469 1932 ayilur,
496 1890 592 1921 liceat
620 1900 688 1921 esse
717 1890 952 1932 valetudinique
980 1890 1108 1922 servire.

256 1946 469 1977 Verumtamen
494 1945 606 1977 celeris
627 1946 760 1986 possis
781 1945 959 1986 ἐμποδῶν-8,·
981 1945 1016 1976 ei
1038 1956 1109 1977 vero

248 2000 311 2042 qui
334 1999 474 2030 villam
499 1998 644 2029 habeat
668 1997 699 2027 in
724 1998 780 2028 illo
803 1999 881 2034 loco,
905 1998 994 2028 nullo
1009 1998 1106 2029 modo.
1129 1994 1131 2020 ἶ

249 2054 358 2094 (Quae
381 2053 522 2084 diductis
545 2052 649 2083 literis
680 2052 841 2092 descripta
867 2059 952 2089 sunt,
975 2061 1012 2083 ea
1037 2062 1108 2092 sup-

248 2106 352 2148 plevit
375 2106 523 2137 Beier-us.
568 2104 632 2135 Pro
649 2103 754 2144 possit
784 2104 904 2135 melius
934 2110 991 2141 est,
1022 2105 1110 2145 quod

248 2159 413 2200 supplevit
435 2158 608 2189 Halmius:
622 2157 730 2197 facile
752 2167 785 2187 se
808 2157 865 2187 ait.
901 2157 1042 2198 Reliqua
1065 2157 1110 2187 sic

247 2214 355 2255 potius
378 2212 531 2253 suppleo:
555 2214 589 2242 at
612 2221 684 2242 vero
705 2210 857 2250 Arpinati
870 2210 978 2250 ficisse
998 2210 1031 2240 ia
1053 2210 1111 2241 illo

247 2268 314 2298 loco
336 2268 412 2307 cet.)
454 2265 537 2307 Quid
564 2265 692 2301 homini,
721 2265 833 2306 inquit.
866 2265 1018 2305 Arpinati
1045 2275 1110 2295 eum

247 2322 351 2359 Baiis,
373 2321 492 2361 ayresti
515 2331 553 2351 ae
575 2320 722 2351 rustico?
746 2320 826 2359 (Hic
841 2329 970 2360 quoque
987 2319 1111 2361 aliquid

246 2374 450 2406 intercidisse
479 2373 619 2405 videtur.
664 2373 705 2403 In
735 2378 890 2413 promptu
929 2377 986 2409 est,
1024 2373 1112 2413 quod

247 2428 414 2469 suppleas:
439 2445 480 2450 —
504 2425 654 2466 Arpinati
677 2436 741 2456 cum
774 2425 896 2456 Baiis?
925 2425 1044 2465 ayreslz'
1073 2435 1111 2456 ae

247 2481 365 2512 rustico
393 2490 459 2510 cum
480 2479 570 2521 aquis
594 2478 709 2509 calidis
718 2478 763 2520 Γ).
800 2478 865 2519 Quo
887 2478 954 2509 loco
977 2479 1024 2508 z'ta
1037 2478 1110 2519 fait

247 2545 366 2571 caecus,
400 2537 434 2565 ut
453 2533 560 2574 facile
590 2535 758 2573 appareret
788 2532 906 2563 vidisse
935 2543 1001 2563 eum
1029 2533 1112 2574 qaod

237 2588 299 2628 fas
322 2597 381 2618 aon
396 2586 529 2627 ficisset.
555 2585 620 2617 Nec
641 2585 720 2616 enim
743 2584 881 2624 respezit
903 2584 994 2615 illam
1009 2585 1109 2624 ipsum

240 2643 409 2682 Jmlroaum
433 2638 574 2670 libidinis
596 2648 673 2668 suae
695 2648 755 2668 non
779 2636 867 2668 modo
891 2637 979 2677 assad
1007 2636 1109 2667 Baias

248 2704 323 2730 esse,
347 2703 449 2724 verum
471 2703 524 2722 eas
546 2691 632 2732 ipsas
655 2701 752 2732 aquas
775 2690 898 2726 habere,
922 2701 1000 2731 qaae
1013 2692 1110 2731 (susm

247 2751 349 2779 tamen
373 2747 480 2787 (Haec
501 2746 628 2777 vitiosa.
650 2745 679 2776 F
681 2750 741 2776 ort.
764 2744 875 2775 rustici
909 2746 1015 2786 alque)
1049 2745 1105 2774 Ar-

240 2803 366 2844 pinatis
380 2803 534 2843 fuissent.
565 2802 627 2833 Sed
647 2802 751 2832 videte
773 2802 966 2832 metuendam
989 2800 1110 2831 inimici

248 2859 277 2886 et
300 2856 399 2886 hostis
424 2855 513 2885 bilem
538 2857 568 2886 et
595 2854 767 2885 licentiam.
803 2854 948 2894 (Melius,
982 2853 1108 2894 opinor,

247 2912 291 2942 sic
329 2912 450 2942 sen‘ho:
489 2911 528 2941 Et
565 2911 667 2941 videte
697 2910 889 2940 metuendam
926 2909 1044 2940 inimici
1079 2910 1109 2939 et

247 2966 386 2996 hoslz'lem
412 2965 597 3003 licentiam).
622 2965 657 2994 Is
679 2975 726 2995 me
747 2964 831 2995 dixit
853 2964 1033 3005 aeclrfieare,
1058 2963 1109 2993 ubi

247 3018 329 3048 nihil
348 3018 455 3055 habeo,
484 3018 526 3048 ibz'
547 3017 666 3058 faisse,
694 3028 751 3058 quo
781 3017 872 3047 adire
901 3017 1016 3047 nemim
1046 3026 1107 3046 »noa

247 3070 409 3101 licilmnst.
454 3070 479 3101 Ο
509 3071 703 3111 impotentem
731 3069 956 3106 adversm-zum,
987 3068 1039 3110 qai
1074 3068 1111 3099 id

247 3124 386 3162 obiiciat,
414 3125 496 3166 quod
520 3125 570 3155 vel
602 3125 728 3154 honeste
760 3123 900 3163 confiteri
928 3123 979 3154 vel
1008 3123 1131 3164 mani-p

237 3177 329 3218 festo
352 3177 543 3218 redarquere
558 3177 673 3217 possis.
718 3176 774 3215 <In
797 3176 848 3207 his
878 3176 994 3216 recepi,
1025 3185 1108 3216 quae
1130 3165 1131 3174 ¹

1133 1035 1310 1066 {Halmius
1333 1044 1400 1065 non
1432 1034 1542 1065 minus
1572 1033 1711 1065 feliciter
1740 1043 1839 1075 quam
1868 1033 2016 1065 modeste

1155 1090 1328 1130 temptavit
1350 1090 1372 1120 l.
1394 1090 1448 1129 c.).

1196 1143 1338 1173 Falsum.-
1361 1143 1418 1174 sed
1437 1145 1540 1173 tamea
1569 1142 1645 1184 qaid
1665 1142 1750 1172 hoc?
1773 1152 1808 1172 o:
1831 1142 1919 1182 quod
1932 1141 2014 1172 mihi

1154 1206 1312 1239 tanquam
1334 1199 1459 1230 crimen
1483 1198 1604 1234 obiicit,
1635 1197 1756 1227 falsum
1785 1202 1850 1233 est3
1882 1196 1939 1227 sed
1965 1195 2015 1226 fac

1154 1263 1270 1284 verum
1293 1262 1372 1290 esse,
1396 1253 1492 1293 quale
1517 1257 1601 1283 esset
1623 1251 1707 1282 illud
1722 1249 1872 1282 crimen?
1894 1250 2015 1281 Nonne

1132 1309 1181 1342 ιεἰ
1210 1309 1301 1340 Baiis
1330 1308 1476 1345 fuissem,
1508 1308 1646 1338 honeste
1675 1316 1804 1348 possem
1840 1305 2014 1337 confiteri?

1156 1362 1249 1393 Haec
1271 1372 1339 1393 non
1362 1372 1381 1392 a
1404 1361 1561 1393 Cicerone
1576 1361 1610 1391 in
1627 1361 1685 1391 illa
1700 1359 1913 1391 altercatione
1929 1359 2016 1390 dicta

1154 1424 1233 1451 esse,
1258 1415 1315 1445 sed
1337 1423 1426 1444 nunc
1449 1413 1555 1444 obiter
1577 1413 1617 1443 ad
1639 1412 1792 1443 Atticum
1815 1411 1914 1442 scribi
1930 1411 2014 1442 vidit

1132 1476 1133 1516 ᾗ
1154 1467 1182 1498 F
1184 1468 1340 1498 irnhaber
1363 1467 1396 1498 in
1420 1466 1543 1497 Philol.
1567 1465 1811 1497 Schneidewini
1834 1465 1915 1495 VII.
1939 1465 1968 1502 2,
1983 1474 2014 1505 p.

1153 1521 1212 1551 365
1237 1530 1284 1561 sq.
1308 1519 1374 1551 Sed
1396 1530 1414 1549 a
1438 1518 1597 1550 Cicerone
1620 1528 1662 1549 ne
1684 1518 1804 1559 scripta
1818 1518 1953 1558 quidem
1969 1517 2013 1548 vi-

1152 1574 1280 1610 dentur,
1305 1582 1388 1614 quae
1411 1582 1471 1604 nec
1494 1571 1676 1603 necessaria
1698 1576 1731 1602 et
1747 1571 1805 1602 vix
1820 1580 1897 1602 vera
1911 1576 2015 1602 erant.

1152 1627 1263 1665 Quare
1285 1627 1482 1658 Meutznero
1505 1626 1539 1657 in
1562 1625 1654 1657 Ann.
1678 1625 1799 1656 Philol.
1821 1625 1887 1656 vol.
1911 1625 1959 1662 89,
1983 1635 2019 1666 p.

1152 1681 1212 1712 163
1241 1691 1287 1722 sq.
1323 1680 1404 1711 haec
1440 1679 1614 1720 glossatori
1651 1678 1810 1710 tribuenti
1846 1678 2014 1709 assentior.

1152 1733 1268 1766 Clodio
1290 1742 1369 1764 vero
1391 1733 1583 1773 respondet:
1610 1746 1623 1757 υ
1636 1731 1753 1763 Simile
1777 1736 1834 1769 est,
1858 1730 1952 1772 quasi
1967 1730 2014 1762 di-

1150 1797 1202 1819 cas
1225 1787 1260 1818 in
1283 1791 1396 1827 operto
1418 1786 1552 1818 fuisse.''¹
1576 1795 1609 1817 οι
1633 1786 1724 1816 Num
1746 1784 1831 1816 forte
1845 1790 1940 1826 puta-s
1959 1793 2013 1816 ne-

1151 1844 1198 1875 fas
1222 1850 1301 1877 esse,
1325 1839 1418 1881 quasi
1448 1840 1536 1870 dicas
1565 1840 1600 1870 in
1631 1849 1750 1870 arcano
1780 1839 1894 1870 Bonae
1923 1838 2013 1870 Deae

1150 1896 1273 1928 fuisse?
1296 1915 1337 1919 —
1360 1895 1410 1927 Cf.
1434 1895 1551 1926 Parad.
1574 1895 1637 1926 IV.
1660 1896 1716 1926 32:
1747 1894 1775 1924 si
1804 1894 1838 1924 in
1867 1896 2008 1934 opertam

1151 1950 1262 1980 Bonae
1285 1948 1373 1979 Deae
1399 1948 1591 1979 accessisses.

1193 2001 1331 2032 Patrono
1352 2003 1405 2031 luo
1424 2011 1456 2031 o:
1482 2000 1519 2032 C.
1537 2000 1684 2037 Curioni,
1708 2000 1765 2041 qui
1789 1999 1914 2036 villam,
1931 2009 2013 2040 quae

1151 2056 1231 2087 olim
1255 2055 1292 2087 C.
1315 2055 1413 2086 Marii
1428 2054 1600 2095 Arpinatis
1616 2054 1730 2090 fuerat,
1747 2063 1764 2084 e
1779 2053 2014 2094 proscriptione

1152 2110 1291 2148 Sullana
1312 2108 1495 2149 acquisivit.
1533 2108 1588 2138 Sic
1610 2108 1710 2138 verba
1735 2117 1832 2148 supra
1854 2107 2015 2148 adscripta

1152 2162 1320 2203 expedivit
1350 2161 1460 2192 Schol.
1490 2161 1583 2197 Bob„
1613 2170 1678 2201 quo
1708 2161 1857 2190 nondum
1885 2165 2014 2200 reperto

1152 2215 1347 2247 Tunstallus
1370 2214 1457 2245 idem
1481 2219 1574 2245 acute
1596 2213 1777 2244 invenerat.
1821 2212 1914 2251 Quae
1937 2212 2014 2242 huic

1152 2270 1239 2300 dicto
1262 2268 1440 2299 adhaerent
1462 2267 1562 2298 verba
1586 2265 1670 2297 nosti
1694 2266 1774 2296 enim
1791 2265 1932 2296 marinas
1946 2276 2013 2296 non

1132 2315 1134 2366 ζ
1153 2322 1366 2358 emendanda,
1390 2321 1447 2352 sed
1469 2321 1609 2351 delenda
1630 2325 1716 2357 sunt,
1740 2329 1843 2360 quum
1864 2319 2013 2359 putidam

1154 2376 1411 2417 explicationem
1434 2373 1699 2415 praecedentium
1722 2373 1923 2404 contineant.

1201 2429 1311 2470 Reyem
1340 2428 1361 2459 i.
1391 2438 1418 2459 e.
1451 2434 1639 2467 tyrannum.
1671 2424 1793 2458 odioso
1822 2426 1958 2458 nomine
1988 2426 2021 2456 in

1161 2483 1354 2516 Ciceronem
1376 2481 1481 2513 utitur
1510 2482 1551 2512 ad
1580 2480 1739 2511 invidiam
1766 2479 1959 2517 faciendam,
1983 2486 2020 2511 ut

1159 2539 1355 2578 Torquatus,
1387 2535 1443 2576 qui
1465 2535 1608 2575 negabat
1629 2543 1663 2565 se
1695 2533 1862 2566 Ciceronis
1893 2544 2019 2574 reqnum

1158 2591 1243 2623 ferre
1271 2599 1374 2631 posse.
1404 2599 1435 2629 p.
1465 2587 1548 2619 Sull.
1579 2588 1628 2619 21.
1659 2586 1699 2618 cf.
1729 2587 1835 2618 Kritz.
1872 2587 1914 2618 ad
1949 2586 2016 2618 Sal.

1158 2645 1234 2685 Iug.
1257 2644 1306 2681 64,
1330 2645 1358 2674 5.

1199 2696 1276 2727 Rex.
1301 2695 1342 2734 Q.
1374 2694 1519 2726 Marcius
1550 2694 1635 2731 Rex,
1669 2693 1807 2724 maritus
1840 2693 2014 2724 Terentiae

1159 2752 1267 2784 Clodii
1290 2751 1419 2787 sororis,
1448 2750 1525 2780 huic
1555 2754 1751 2781 testamento
1782 2748 1866 2779 nihil
1888 2749 2015 2789 legave-

1156 2811 1220 2842 rat-3
1245 2805 1332 2845 quod
1354 2804 1512 2835 Romanis
1535 2809 1628 2843 turpe
1650 2802 1831 2833 videbatur.

1197 2858 1255 2898 spe
1277 2858 1495 2888 devoraverat.
1518 2856 1558 2887 cf.
1582 2856 1678 2887 Verr.
1701 2855 1739 2886 L.
1768 2855 1796 2886 I.
1826 2854 1902 2885 135:
1940 2853 2011 2891 isle,

1154 2910 1206 2951 qui
1224 2911 1285 2940 iam
1309 2920 1362 2949 spe
1383 2912 1475 2950 alque
1497 2908 1642 2949 opinione
1659 2907 1815 2947 praedam
1837 2906 1925 2936 illam
1960 2906 2013 2937 de-

1154 2966 1303 2995 vorasset.
1329 2963 1393 2994 Sed
1416 2973 1527 2994 rursus
1550 2962 1794 2993 concedendum
1818 2961 2012 2992 Meutznero

1154 3019 1254 3049 verba
1277 3018 1332 3048 ille
1364 3019 1465 3047 aulem
1498 3035 1539 3039 -
1558 3016 1728 3046 devorarat
1751 3014 2011 3045 additamentum

1154 3081 1233 3109 esse,
1258 3081 1322 3112 quo
1344 3071 1477 3102 Atticus
1499 3069 1637 3101 minime
1659 3068 1785 3108 egebat.

1196 3124 1451 3155 Domum-emisti.
1474 3124 1552 3155 Vid.
1575 3124 1615 3154 ad
1638 3133 1686 3163 ep.
1711 3123 1758 3159 13.
1783 3122 1810 3151 6.

1196 3176 1426 3215 Putes-dicere,
1448 3176 1568 3207 iudices
1582 3174 1692 3206 emisti.
1716 3174 1927 3206 Coniunctivi
1943 3174 2010 3206 vim
