2117 3533
203 1860 234 1885 10

256 186 341 226 :214

655 185 739 225 ΕΡ.
773 184 850 225 AD
882 184 928 224 T.
963 183 1315 225 POMPONIUM
1348 184 1612 226 ATTICUM.

253 333 387 360 rumor
420 318 469 359 (10
501 316 809 372 Transpadanis,
844 332 910 358 eos
942 317 1071 359 iussos
1105 330 1180 359 1111
1212 317 1317 360 viros
1350 333 1491 360 creare.
1524 317 1643 369 Quod
1676 319 1709 360 si
1733 318 1789 361 ita
1809 322 1883 370 est,
1906 333 2018 373 mag-

254 408 326 433 nos
360 396 491 432 motus
523 391 660 434 timeo.
695 389 773 431 Sed
807 389 960 445 aliquid
993 405 1041 431 ex
1074 390 1265 446 Pompeio
1298 391 1434 433 sciam.

294 553 356 585 Eos
376 553 478 584 iussos
500 551 585 583 IIII
602 552 685 584 viros
706 562 816 584 creare
844 564 878 585 o:
910 554 1114 595 Transpada.-

254 622 323 648 nos,
347 611 404 651 qui
427 620 469 642 ex
492 610 565 650 lege
588 610 746 651 Pompeia
768 609 811 650 (a.
835 610 911 651 665)
945 611 996 641 1115
1025 611 1114 641 Latii

254 665 429 702 habebant,
452 664 584 695 civitate
607 664 732 694 donari.
757 664 831 695 IIII
854 664 916 695 viri
941 669 1113 695 erantma-

254 719 409 757 gistratus
432 718 465 749 in
490 717 688 758 municipiis.
711 718 784 748 Iam
807 722 902 749 antea
926 718 976 748 illi
998 719 1038 749 (10
1062 727 1113 758 pe-

254 771 353 802 tenda
373 770 506 801 civitat-e
522 770 659 801 consilia
673 770 888 810 agitaverant,
913 769 1003 801 Suet.
1021 769 1113 801 Caes.

254 826 283 862 8,
307 833 463 865 suamque
485 823 525 854 iis
548 833 681 864 operam
710 824 815 854 Iulius
846 822 967 854 Caesar
994 823 1113 864 promi-

254 882 349 909 serat.
372 877 586 908 Praesentem
608 885 775 907 rumorem
797 877 837 907 de
861 885 898 907 ea
927 886 961 908 re
990 887 1114 907 vanum

255 939 325 961 0550
347 930 459 960 scribit
481 929 612 961 Caelius
635 929 675 959 ad
698 928 766 959 Cic.
788 928 882 959 Fam.
906 929 1006 959 VIII.
1031 929 1059 966 1,
1085 930 1113 960 2.

255 981 322 1013 Sed
345 981 465 1013 Caesar
486 991 556 1012 rem
579 985 651 1022 post
674 981 848 1012 biennium
869 980 1015 1021 perfecit.
1050 981 1115 1012 Dio

1158 555 1269 596 posuit
1291 555 1469 595 Savignius
1492 557 1525 587 111
1548 556 1630 597 disp.
1652 557 1693 587 de
1715 555 1802 586 tabb.
1817 554 2021 586 Heracleen-

1158 609 1257 646 sibus,
1280 619 1364 649 quae
1387 610 1509 649 legitur
1531 610 1565 640 111
1588 609 1678 640 Diar.
1702 609 1883 649 Iurisprud.
1903 608 2019 639 histor.

1158 661 1221 692 IX.
1245 662 1272 698 3,
1296 672 1327 702 p.
1351 662 1411 692 300
1433 672 1521 702 seqq.
1552 662 1681 692 Locum
1703 661 1737 692 in
1761 670 1826 701 quo
1849 670 2018 692 versamur

1161 714 1305 755 explicat
1334 725 1364 755 p.
1394 716 1464 752 325,
1494 715 1552 746 ubi
1581 720 1690 746 tamen
1729 723 1838 745 errore
1874 713 2018 753 quodam

1158 767 1221 798 hoc
1243 767 1384 798 civitatis
1406 769 1532 799 dandae
1555 768 1731 799 consilium
1754 777 1821 798 non
1845 767 1885 797 ad
1905 765 2023 798 Caesa-

1159 830 1239 858 rem,
1267 821 1324 851 sed
1359 821 1400 851 ad
1437 821 1631 862 Pompeium
1669 824 1835 851 auctorem
1870 819 2019 851 refertur.

1159 874 1185 903 I.
1216 873 1254 903 F.
1287 872 1474 903 Gronovius
1504 878 1604 913 negat
1632 873 1886 913 Transpadanos
1915 871 2018 902 cuius-

1159 935 1258 965 quam
1280 925 1371 956 iussu
1392 925 1454 955 hoe
1477 924 1600 962 fecisse,
1624 930 1656 956 et
1680 924 1862 965 suspicatur
1877 923 2018 956 scriben-

1160 981 1240 1011 dum
1261 989 1364 1011 ausos.
1388 981 1428 1011 In
1451 989 1485 1012 re
1508 980 1632 1011 ineerta
1654 980 1739 1011 nihil
1761 979 1893 1011 definio.

256 1034 350 1072 XLI,
373 1035 424 1065 36.
459 1034 564 1065 Docte
586 1038 619 1065 et
641 1038 790 1065 accurate
813 1034 893 1066 haee
915 1033 1026 1065 omnia
1059 1043 1114 1065 ex-

873 1140 958 1180 JJJ.
1023 1140 1084 1193 (A.
1126 1139 1167 1180 U.
1203 1138 1244 1181 0.
1282 1139 1394 1194 703.)

322 1256 361 1295 1.
394 1256 446 1295 A.
481 1253 519 1296 d.
554 1266 611 1295 VI.
647 1253 711 1295 Id.
731 1253 827 1295 Mai.
861 1254 953 1295 veni
985 1254 1028 1294 in
1061 1253 1333 1295 Trebulanum
1353 1254 1402 1295 ad
1422 1254 1627 1295 Pontium.
1646 1254 1710 1295 [bi
1724 1254 1823 1295 mihi
1840 1260 1932 1295 tuae
1974 1254 2018 1294 li-

255 1334 359 1368 terae
393 1326 511 1368 binae
544 1326 723 1368 redditae
756 1332 851 1368 sunt
883 1327 1001 1368 tertio
1036 1326 1105 1368 abs
1138 1332 1177 1368 te
1212 1327 1298 1379 die3
1333 1328 1472 1369 eodem
1505 1332 1639 1369 autem
1671 1327 1807 1368 exiens
1840 1344 1860 1369 0
1899 1328 2017 1368 Ρο111-

255 1400 397 1455 peiano
430 1399 648 1440 Philotimo
682 1399 867 1441 dederam
902 1399 952 1441 ad
984 1404 1023 1440 te
1057 1399 1206 1441 literas.
1258 1401 1346 1441 Nec
1378 1415 1470 1441 vero
1503 1415 1612 1441 nunc
1645 1404 1729 1440 erat
1773 1414 1866 1440 sane
1912 1399 2017 1454 quod

255 1473 482 1515 scriberem.
532 1472 614 1524 Qui
647 1472 695 1514 de
729 1488 769 1514 re
804 1472 965 1528 publica
1015 1488 1192 1514 rumores
1235 1473 1362 1514 scribe
1407 1488 1565 1528 quaeso.
1619 1473 1669 1513 In
1713 1473 1870 1528 oppidis
1911 1474 2018 1515 enim

255 1561 456 1587 summum
478 1546 593 1587 video
616 1546 825 1597 timorem3
861 1547 930 1587 sed
953 1546 1080 1587 multa
1101 1546 1253 1587 inania.
1287 1545 1397 1597 Quid
1421 1545 1469 1586 de
1492 1545 1555 1586 his
1578 1545 1728 1599 cogites
1755 1546 1813 1599 [et
1836 1546 2015 1601 quando]

254 1621 353 1662 scire
390 1620 522 1662 velim.
577 1623 617 1661 2.
651 1620 716 1661 Ad
751 1635 849 1674 quas
882 1621 1018 1661 literas
1058 1619 1134 1661 tibi
1178 1619 1343 1661 rescribi
1383 1620 1480 1660 velis
1525 1619 1674 1660 nescio.
1723 1618 1868 1659 Nullas
1912 1618 2018 1659 enim

254 1693 385 1735 adhuc
419 1707 660 1750 acceperam,
695 1699 850 1749 praeter
883 1709 983 1749 quae
1025 1693 1125 1735 mihi
1168 1693 1286 1734 binae
1329 1693 1447 1734 simul
1488 1693 1531 1734 in
1570 1691 1796 1733 Trebulano
1837 1691 2017 1732 redditae

255 1770 371 1817 sunt;
407 1782 575 1821 quarum
609 1767 754 1828 alterae
789 1767 965 1809 edictum
1001 1768 1048 1808 P.
1083 1767 1231 1808 Licinii
1264 1766 1468 1808 habebant
1502 1792 1559 1796 ——
1594 1770 1707 1807 erant
1740 1769 1873 1806 autem
1907 1765 2017 1806 Non.

256 1839 356 1880 Mai.
391 1839 505 1881 datae
541 1865 613 1891 —,
649 1840 793 1881 alterae
827 1841 1040 1895 rescriptae
1082 1840 1131 1881 ad
1176 1855 1283 1881 meas
1324 1840 1641 1880 Minturnenses.
1691 1839 1823 1890 Quam
1866 1852 2015 1886 vereor,

257 1927 307 1953 ne
341 1912 438 1967 quid
472 1912 592 1954 suerit
625 1907 1015 1971 σπουδαιότερον
1047 1913 1089 1953 111
1123 1913 1186 1962 115,
1233 1927 1330 1966 quas
1364 1928 1444 1953 non
1479 1911 1627 1966 accepi,
1674 1910 1819 1965 quibus
1852 1909 2017 1951 rescribi

258 1986 329 2028 vis.
375 1988 417 2027 3.
450 1986 571 2041 Apud
605 1986 823 2027 Lentulum
857 2001 1003 2041 ponam
1036 1991 1074 2026 te
1108 1986 1151 2026 in
1182 1985 1325 2039 gratia.
1370 1984 1588 2040 Dionysius
1631 1983 1747 2025 nobis
1790 1984 1900 2025 cordi
1944 1988 2015 2024 est.

301 2166 321 2195 4
343 2164 419 2207 quid
438 2165 598 2197 scriberem
614 2184 653 2188 —
677 2166 695 2196 6
718 2168 748 2197 et
769 2166 892 2207 qucmdo
914 2166 984 2199 sine
1006 2167 1191 2208 suspicione
1212 2163 1365 2203 νοθείας.
1391 2183 1430 2187 -
1454 2166 1492 2197 12
1515 2166 1548 2197 in
1568 2166 1715 2207 qratiam.

302 2313 319 2351 ξ
343 2313 370 2343 1.
405 2311 470 2343 Nee
492 2322 564 2343 vero
588 2322 669 2344 nunc
691 2314 760 2344 erat
782 2323 869 2351 sane,
891 2313 974 2355 quod
1003 2313 1113 2344 seribe-

259 2375 331 2395 rem.
368 2365 556 2396 Relativum
580 2375 597 2397 e
620 2367 709 2397 Med.
733 2367 899 2397 revocavit
921 2367 1116 2399 Wesenber-

259 2418 333 2457 gius
356 2419 494 2450 Emend.
517 2429 548 2459 p.
573 2421 621 2456 54,
646 2424 731 2451 recte
765 2424 909 2451 statuens
939 2421 1117 2460 interroga-

258 2470 364 2501 tivum
386 2476 458 2511 post
481 2472 637 2503 formulas
661 2483 722 2502 mm
745 2475 800 2510 est,
816 2472 912 2510 deest,
926 2473 1007 2504 nihil
1021 2473 1117 2504 habeo

258 2524 386 2554 admitti
409 2535 475 2555 11011
498 2535 602 2565 posse.

300 2576 338 2606 Ia
362 2577 493 2617 oppidis,
516 2588 573 2618 per
595 2588 679 2619 quac
700 2579 762 2610 iter
792 2580 939 2611 faciebat.
977 2579 1117 2620 Oppido-

258 2640 332 2660 rum
355 2639 476 2661 nomen
499 2635 547 2661 est
568 2632 731 2670 generale,
763 2643 827 2672 quo
859 2633 1018 2669 coloniae,
1048 2642 1116 2662 mu-

258 2683 388 2723 nicipia,
410 2683 629 2724 praefecturae
652 2684 872 2715 continentur.

299 2737 338 2767 Et
368 2737 490 2778 quando
521 2738 649 2768 seclusi.
686 2739 773 2768 Nam
804 2749 870 2769 11011
901 2744 1037 2779 possunt
1067 2740 1112 2770 sic

258 2791 431 2828 enuntiari,
455 2800 537 2831 quae
559 2791 784 2831 requiruntur:
812 2798 869 2822 met
897 2793 1028 2831 quando
1057 2792 1114 2822 ali-

258 2845 337 2884 quid
360 2845 394 2875 in
417 2854 451 2875 re
474 2844 604 2885 publica
628 2844 776 2875 futurum
810 2847 934 2885 putes.”
966 2846 1037 2876 Aut
1066 2846 1112 2876 in-

258 2897 459 2928 terciderunt
482 2897 652 2934 nonnulla,
677 2902 732 2927 aut
754 2897 834 2928 haec
857 2903 977 2930 temere
1006 2899 1113 2930 verbis

259 2950 425 2982 Ciceronis
449 2956 524 2981 sunt
546 2951 664 2981 addita.

301 3008 369 3046 ξῗὶ.
407 3006 538 3037 Praeter
571 3016 649 3047 quae
686 3006 761 3036 mihi
790 3025 829 3027 ψ
858 3006 1002 3037 redditae
1030 3009 1112 3037 sunl.

259 3058 393 3088 Praeter
415 3070 482 3089 non
505 3069 578 3089 raro
601 3058 748 3098 fungitur
771 3058 841 3088 vice
864 3059 1009 3089 adverbii
1020 3069 1112 3098 prae-

259 3114 407 3152 lrrqsmm,
437 3122 501 3152 quo
531 3113 568 3143 fit
595 3117 630 3142 ut
659 3122 724 3142 non
755 3121 883 3151 semper
911 3113 1113 3143 accusativus

259 3169 421 3203 sequatur.
444 3165 607 3205 Exempla
630 3174 647 3195 c
670 3164 782 3194 inultis
804 3164 1016 3203 scripmribus
1038 3175 1113 3194 con-

1165 2320 1335 2355 gesserunt
1358 2315 1545 2346 Gronovius
1568 2316 1608 2346 ad
1622 2314 1708 2346 Gen.
1720 2315 1760 2346 N.
1776 2316 1820 2347 A.
1834 2316 1860 2347 Ι.
1878 2317 1916 2346 23
1934 2321 2018 2347 extr.

1164 2367 1310 2398 Kritzius
1334 2369 1374 2399 ad
1397 2367 1463 2399 Sal.
1488 2367 1557 2399 Cat.
1581 2367 1630 2404 36,
1653 2367 1683 2398 2.

1205 2422 1348 2453 Edit-lum
1370 2422 1407 2453 P.
1430 2422 1555 2453 Licinii.
1579 2422 1751 2453 Praeclare
1774 2422 1946 2453 Manutius
1969 2431 2017 2452 su-

1163 2475 1305 2516 spicatur
1338 2475 1391 2514 agi
1431 2475 1471 2505 de
1508 2475 1613 2506 edicto
1650 2475 1793 2514 quodam
1814 2474 2018 2514 provinciali,

1163 2530 1245 2560 sicut
1268 2530 1329 2560 VI.
1354 2530 1380 2566 1,
1405 2530 1442 2559 15
1468 2529 1508 2566 Q.
1532 2528 1635 2559 Mucii
1659 2528 1803 2558 edictum
1833 2528 2017 2564 Asiaticum

1163 2583 1290 2613 citatur.
1329 2582 1425 2612 Talia
1453 2581 1567 2613 Cicero
1597 2581 1818 2621 conquirebat,
1847 2581 1935 2612 unde
1963 2590 2016 2620 po-

1163 2637 1244 2667 tiora
1267 2636 1371 2676 capita
1394 2636 1427 2666 in
1451 2646 1547 2666 51111111
1569 2635 1712 2666 edictum
1735 2634 1933 2666 transferret.

1202 2689 1255 2719 Ad
1282 2699 1365 2718 meas
1397 2687 1634 2718 illimem-nenses
1662 2697 1695 2718 οι
1730 2688 1771 2718 ad
1806 2697 1859 2718 eas
1896 2687 2015 2722 literas,

1160 2752 1239 2782 quas
1261 2741 1440 2772 Minturnis
1464 2742 1503 2771 ad
1527 2747 1557 2772 te
1580 2741 1665 2771 dedi.
1687 2740 1747 2771 Est
1761 2740 1897 2780 epistola
1912 2739 2017 2780 prima

1160 2797 1257 2827 huius
1276 2796 1362 2827 libri.

1203 2850 1272 2888 ξ3.
1309 2849 1403 2889 Apud
1430 2849 1595 2879 Lentulum
1618 2858 1734 2888 ponam
1771 2849 1802 2877 te
1835 2847 1869 2876 in
1894 2846 2013 2887 qratia.

1161 2902 1297 2942 Semper
1320 2902 1435 2934 Cicero
1457 2902 1583 2942 scripsit
1599 2911 1717 2941 ponere
1738 2900 1772 2930 in
1791 2899 1908 2941 (sralz'a,
1932 2899 2015 2930 utin

1160 2956 1211 2986 1115
1235 2956 1340 2996 epistt.
1364 2956 1407 2986 V.
1430 2956 1478 2991 11,
1503 2955 1531 2985 6.
1555 2955 1616 2984 VI.
1640 2955 1668 2991 1,
1692 2954 1741 2984 22.
1765 2953 1826 2983 VI.
1851 2953 1878 2989 6,
1898 2953 1927 2982 4.
1950 2951 2015 2981 No-

1162 3008 1209 3038 lui
1233 3008 1334 3045 igitur
1354 3009 1417 3038 hoc
1439 3018 1506 3037 uno
1528 3007 1601 3037 loco
1625 3006 1659 3036 111
1681 3006 1741 3036 hac
1764 3005 1906 3035 formula
1925 3014 2016 3034 accu-

1162 3061 1303 3091 sativum
1333 3060 1514 3095 admittere,
1550 3059 1609 3089 etsi
1639 3059 1680 3088 ab
1709 3057 1780 3087 aliis
1812 3057 1857 3087 510
1889 3056 2014 3086 dictum

1162 3123 1232 3144 esse
1254 3114 1410 3143 videram.
1433 3112 1564 3142 Caelius
1587 3115 1695 3141 tamen
1718 3109 1810 3139 Fam.
1826 3109 1925 3138 VIII.
1941 3108 1968 3144 G,
1984 3109 2013 3138 4.

1162 3166 1187 3196 si
1212 3166 1406 3202 Mediceum,
1429 3165 1460 3195 id
1484 3169 1530 3195 est
1554 3164 1687 3194 unicum
1699 3167 1823 3199 testem,
1837 3161 2014 3202 sequimur,
