2117 3533
268 143 324 182 62

669 141 753 182 ΕΡ.
787 141 864 181 AD
897 141 943 181 Τ.
977 139 1328 181 POMPONIUM
1360 137 1625 180 ATTICUM.

269 276 466 317 exercitus
499 275 721 324 hominum,
756 278 802 316 ut
833 278 920 315 tute
955 274 1046 324 scis,
1079 272 1341 328 locupletium
1375 291 1456 324 —3
1495 271 1642 327 populo
1675 275 1809 312 autem
1842 274 1882 311 et
1914 270 2030 311 Pom-

268 351 358 405 peio
393 376 450 380 —
484 364 577 390 nam
609 347 651 388 id
686 363 843 402 quoque
877 346 1059 388 volebam
1092 373 1150 378 -
1184 345 1476 387 satisfaciebam
1511 344 1725 399 emptione,
1767 359 1845 398 qua
1885 342 2031 384 consti-

267 427 355 462 tuta
389 421 600 475 diligenter
633 426 674 462 et
707 422 906 463 sentinam
940 419 1049 461 urbis
1083 419 1285 460 exhauriri
1317 424 1357 460 et
1388 418 1530 460 Italiae
1564 415 1821 458 solitudinem
1851 415 2033 469 frequen—

267 494 344 535 tari
376 509 490 549 posse
524 493 761 535 arbitrabar.
797 493 875 535 Sed
908 493 1006 533 haec
1038 496 1124 532 tota
1155 507 1218 532 res
1250 490 1503 546 interpellata
1535 488 1640 530 bello
1683 487 1902 528 refrixerat.
1947 487 2033 527 Me-

232 583 246 607 5
268 566 386 607 tellus
421 571 481 607 est
514 567 655 608 consul
689 582 782 608 sane
818 566 946 606 bonus
981 569 1021 605 et
1052 579 1125 605 nos
1159 563 1375 604 admodum
1409 562 1542 616 diligit
1552 580 1563 613 3
1596 561 1664 602 1110
1697 560 1794 601 alter
1827 559 1946 600 nihili
1977 559 2034 600 ita

268 644 341 689 est,
378 644 421 680 ut
454 639 586 694 plane,
621 640 719 694 quid
753 639 906 690 emerit,
940 637 1108 679 nesciat.
1145 639 1185 678 5.
1220 637 1333 678 Haec
1351 641 1445 678 sunt
1471 636 1515 676 in
1533 650 1575 676 re
1595 633 1757 690 publica
1767 652 1778 686 3
1812 633 1892 675 nisi
1914 633 2034 673 etiam

267 711 368 752 illud
403 711 452 752 ad
486 728 570 753 rem
601 713 805 768 publicam
838 717 955 767 putas
988 711 1186 766 pertinere
1221 710 1473 751 Herennium
1506 707 1706 763 quendam
1734 706 1941 748 tribunum
1962 704 2033 760 pl.,

267 784 457 826 tribulem
490 790 620 836 tuum,
656 801 750 826 sane
784 784 989 825 hominem
1021 798 1195 838 nequam
1228 788 1347 837 atque
1381 786 1578 836 egentem,
1622 795 1737 835 saepe
1770 780 1851 820 iam
1894 778 1942 819 de
1986 777 2034 817 P.

269 858 410 898 Clodio
443 858 493 898 ad
526 858 681 913 plebem
714 857 961 899 traducendo
995 872 1109 911 agere
1143 856 1340 911 coepisse3
1375 855 1471 896 huic
1504 854 1730 909 frequenter
1757 851 2035 893 interceditur.

215 948 250 975 10
271 932 382 972 Haec
417 937 523 981 sunt,
559 937 604 972 ut
637 932 792 986 opinor,
826 931 870 972 in
902 946 943 972 re
976 930 1152 986 publica.

1204 932 1246 970 6.
1274 930 1361 984 Ego
1395 934 1542 979 autem,
1579 934 1622 969 ut
1663 928 1784 969 semel
1825 927 2037 967 Nonarum

269 1004 428 1045 illarum
461 1003 758 1054 Decembrium,
800 1004 980 1044 iunctam
1020 1002 1173 1043 invidia
1217 1017 1262 1042 ac
1306 1001 1524 1042 multorum
1564 1000 1804 1051 inimicitiis,
1850 999 2037 1040 eximiam

273 1077 476 1131 quandam
510 1082 628 1131 atque
661 1076 925 1117 immortalem
960 1076 1127 1131 gloriam
1169 1079 1407 1116 consecutus
1449 1088 1550 1124 sum,
1591 1088 1674 1114 non
1718 1073 1855 1115 destiti
1901 1072 2038 1114 eadem

274 1150 397 1191 animi
429 1148 710 1204 magnitudine
743 1149 788 1190 in
821 1164 861 1189 re
894 1148 1057 1204 publica
1089 1147 1237 1188 versari
1271 1152 1311 1187 et
1342 1145 1453 1186 illam
1484 1145 1714 1186 institutam
1747 1160 1791 1186 ac
1814 1149 2039 1199 susceptam

274 1221 512 1276 dignitatem
545 1221 671 1272 tueri,
707 1221 776 1262 sed
809 1226 1068 1277 posteaquam
1101 1220 1275 1275 primum
1307 1218 1439 1260 Clodii
1472 1217 1723 1259 absolutione
1753 1218 1957 1259 levitatem
1978 1218 2039 1258 in-

218 1310 252 1335 15
274 1296 581 1350 firmitatemque
613 1295 855 1336 iudiciorum
888 1294 1086 1351 perspexi,
1122 1293 1267 1335 deinde
1301 1292 1384 1334 vidi
1417 1297 1573 1333 nostros
1607 1291 1842 1347 publicanos
1876 1291 1990 1332 facile
2017 1307 2040 1333 a

276 1373 417 1409 senatu
450 1368 642 1423 disiungi,
677 1384 919 1423 quamquam
952 1384 974 1409 a
1006 1383 1069 1409 me
1102 1368 1189 1423 ipso
1222 1382 1304 1408 11011
1337 1365 1634 1415 divellerentur,
1669 1370 1756 1406 tum
1789 1369 1922 1407 autem
1949 1364 2040 1406 bea-

320 1534 337 1562 5
360 1532 407 1562 ita
430 1531 514 1562 nihil
536 1533 582 1562 est
605 1550 647 1554 —

280 1690 334 1730 qui
368 1699 463 1730 agros
494 1699 536 1721 ex
565 1690 638 1730 lege
667 1689 861 1720 dividendos
899 1689 962 1719 sibi
991 1688 1137 1728 eupiunt.

279 1743 319 1774 cf.
344 1743 413 1775 Cat.
436 1744 498 1774 IV.
522 1746 551 1774 4.
575 1743 661 1774 Phil.
685 1743 766 1774 VII.
789 1744 837 1774 18.

323 1796 484 1828 sentinam
519 1798 605 1828 urbis
638 1797 814 1828 erbam-iri.
851 1797 987 1837 Proprie
1015 1794 1140 1827 sentina

280 1856 357 1882 sunt
386 1853 506 1888 sordes,
537 1861 619 1891 quae
649 1851 793 1882 resident
822 1851 855 1881 111
886 1851 952 1881 1013
980 1850 1068 1881 navi.
1100 1847 1142 1879 cf.

280 1906 384 1936 Kritz.
408 1906 449 1936 ad
479 1905 546 1936 Sal.
578 1904 648 1936 Cat.
679 1904 728 1942 37,
760 1906 787 1935 5.
824 1905 874 1935 Ea
902 1908 1059 1944 purgatur
1089 1912 1143 1933 ex-

278 1958 469 1988 hauriendo.
494 1958 609 1998 Itaque
633 1967 736 1997 quum
757 1956 878 1987 Rullus
902 1957 1057 1987 dixisset:
1089 1964 1141 1984 ur-

280 2010 390 2040 bavam
407 2010 529 2050 plebem
561 2009 685 2040 nimium
714 2009 748 2039 in
778 2009 860 2049 repb.
885 2018 988 2049 posse,
1020 2008 1138 2039 exhau-

280 2064 423 2094 riendam
447 2073 513 2094 esse
535 2062 650 2094 Cicero
667 2073 742 2095 eum
758 2063 933 2094 insectatus
949 2066 996 2093 est
1010 2062 1141 2093 dicens:

280 2118 337 2148 hoe
362 2117 442 2147 enim
465 2119 512 2147 est
535 2126 619 2154 usus,
641 2116 734 2158 quasi
756 2116 796 2147 (le
818 2116 929 2157 aliqua
950 2115 1076 2146 sentina
1093 2116 1140 2146 lo-

279 2176 436 2215 queretur,
460 2174 500 2204 de
523 2173 586 2213 leg.
610 2183 678 2213 agr.
702 2173 748 2203 II.
773 2172 821 2204 ΤΟ.
845 2173 939 2203 Idem
961 2172 995 2202 111
1020 2171 1088 2202 Cat.
1113 2172 1140 2202 Ι.

282 2228 330 2264 12,
354 2227 516 2259 Catilinae
538 2228 674 2259 comites
697 2227 840 2267 appellat
855 2225 1010 2257 sentinam
1027 2225 1075 2257 rei
1084 2236 1142 2266 ym-

279 2281 388 2312 blieae.

321 2333 443 2365 Italiae
473 2332 685 2371 solitudinem,
720 2343 803 2374 quae
838 2332 923 2364 facta
956 2338 1024 2364 erat
1055 2333 1142 2364 bello

281 2388 424 2419 Marsico
446 2392 477 2419 et
499 2387 647 2419 Sullano.
678 2387 796 2418 Pulere
818 2387 972 2417 Lucanus
1002 2387 1029 2417 Ι.
1060 2387 1142 2417 24-—

283 2443 322 2473 32
344 2443 494 2483 depinxit
526 2442 629 2473 civilis
651 2443 782 2472 vulnera
805 2441 946 2479 dextrae,
977 2450 1075 2481 quem
1098 2441 1143 2472 lo-

283 2506 358 2527 cum
378 2496 433 2527 hic
456 2496 602 2526 laudavit
624 2496 650 2526 I.
674 2495 711 2526 F.
735 2494 931 2526 Gronovius.

326 2549 418 2580 Bello
441 2559 478 2580 o:
502 2559 631 2580 rumore
654 2549 734 2580 belli
757 2549 790 2579 in
814 2548 924 2579 Gallia
945 2548 1034 2579 moti.

325 2601 428 2632 Nihili
448 2602 496 2632 ita
519 2604 576 2632 est.
616 2602 729 2642 Vulgo
750 2601 797 2631 ita
820 2600 903 2631 msshil
925 2602 971 2631 est
993 2610 1026 2631 o:
1058 2600 1142 2631 nihil

284 2659 398 2696 potest.
421 2654 461 2685 ef.
485 2656 525 2685 ad
547 2654 608 2685 IV.
639 2655 667 2690 2,
697 2655 724 2684 2.
760 2653 825 2684 Sed
855 2654 888 2684 in
919 2663 1023 2693 marg.
1055 2653 1143 2684 Crat.

285 2709 416 2740 inverso
437 2708 553 2739 ordine
574 2707 729 2748 scriptum
752 2711 799 2738 est
821 2706 904 2737 m'lzz'l
918 2707 964 2737 ita
979 2709 1035 2744 est,
1055 2708 1142 2738 unde

285 2761 452 2793 Gruberus
474 2761 551 2792 fecit
573 2759 667 2791 nihili
689 2761 734 2791 est
757 2770 790 2790 o:
815 2760 943 2790 nullius
965 2760 1061 2800 pretii
1084 2764 1141 2796 est,

288 2816 415 2856 ineptus
437 2820 494 2846 est.
517 2815 557 2845 cf.
580 2814 796 2854 W'esenberg.
820 2814 860 2844 ad
882 2814 979 2845 Tuse.
1002 2814 1068 2845 III.
1093 2815 1142 2844 18.

333 2868 370 2898 Ut.
384 2868 494 2908 plane,
516 2866 592 2909 qm'd
611 2867 728 2904 emerit,
750 2867 881 2897 nesciat.
905 2868 1037 2898 Terent.
1057 2867 1143 2898 Eun.

290 2922 352 2952 IV.
383 2923 412 2958 4,
443 2922 492 2952 23.
526 2920 570 2951 Eo
599 2920 722 2960 redisses
750 2930 806 2957 me,
836 2922 879 2957 ω’,
908 2919 985 2961 quid
1011 2919 1146 2957 emerim,

289 2975 406 3014 eqomet
427 2973 572 3004 nesciam.
606 2972 766 3004 Afranius
794 2977 902 3004 autem
930 2974 970 3004 de
1000 2983 1064 3013 quo
1093 2971 1147 3003 hic

294 3026 409 3066 agitur,
432 3031 555 3057 emerat
576 3026 791 3057 consulatum.
815 3025 864 3057 Cf.
887 3035 935 3066 ep.
961 3026 1009 3063 16,
1034 3026 1083 3056 12.

336 3079 354 3118 ξ
377 3081 405 3109 5.
427 3079 627 3121 Frequenter.
649 3079 749 3111 Recte
770 3084 883 3110 monet
903 3078 1062 3110 Graevius
1083 3078 1146 3109 hoc

276 3142 366 3177 *esse
386 3143 407 3163 a
430 3133 535 3164 multis
558 3132 730 3174 (tribunis),
753 3134 1031 3174 quemadmodum
1059 3142 1149 3164 usur·

1184 1686 1274 1726 pavit
1294 1685 1411 1716 Livius
1432 1684 1459 1715 Ι.
1484 1685 1531 1715 11.
1556 1684 1681 1714 Romam
1702 1683 1777 1714 inde
1783 1682 1973 1724 frequenter
1987 1681 2042 1712 mi-

1182 1740 1309 1780 qralmn
1331 1740 1387 1769 est.
1409 1737 1550 1768 Accedit
1570 1747 1659 1767 011110
1682 1737 1771 1767 aliud
1786 1736 1977 1776 exemplum
1992 1734 2042 1766 Ci-

1187 1793 1315 1824 ceronis
1327 1793 1366 1823 de
1377 1792 1480 1832 Repb.
1500 1792 1526 1822 I.
1550 1792 1598 1829 14,
1615 1803 1705 1833 quum
1722 1791 1767 1822 ad
1780 1801 1848 1822 evm
1855 1790 2044 1832 frequenter

1180 1858 1240 1888 per
1262 1857 1312 1878 eos
1334 1846 1401 1877 dies
1424 1846 1632 1876 ventitaturos
1653 1856 1686 1876 se
1709 1856 1776 1877 esse
1797 1845 1964 1882 dixissent,
1986 1844 2044 1874 ubi

1187 1902 1339 1933 Moserus
1369 1905 1400 1931 et
1427 1900 1580 1931 Nobbius
1607 1900 1695 1931 hunc
1731 1910 1828 1931 nsum
1855 1900 2045 1940 ignorantes

1179 1954 1365 1995 frequentes
1389 1954 1509 1984 inferre
1531 1954 1640 1984 conati
1662 1958 1746 1984 sunt.
1769 1953 1818 1984 At
1840 1953 1873 1984 in
1894 1952 1934 1983 D.
1950 1951 2044 1983 Bruti

1189 2008 1325 2048 epistola
1348 2007 1439 2037 Fam.
1464 2006 1527 2037 XI.
1552 2007 1600 2043 13,
1624 2008 1642 2037 3
1666 2007 1700 2037 in
1723 2006 1848 2037 verbis:
1878 2005 2037 2036 succlamat

1186 2064 1248 2092 lum
1273 2063 1329 2098 est,
1352 2064 1382 2091 et
1395 2061 1583 2102 frequenter
1605 2072 1625 2092 a
1647 2061 1797 2091 militibus
1818 2061 1859 2092 de
1882 2070 1930 2098 eo,
1957 2060 2045 2101 quod

1187 2116 1316 2156 saepius
1339 2115 1461 2145 factum
1483 2119 1539 2152 est,
1562 2115 1688 2145 <lictum
1709 2115 1846 2145 videtur.

1230 2169 1320 2200 Haec
1348 2170 1432 2206 sunt,
1463 2170 1497 2198 ut
1527 2168 1643 2208 opinor,
1674 2169 1708 2199 in
1740 2167 1908 2209 republica.
1952 2167 2045 2197 Haec

1190 2222 1289 2253 verba
1310 2222 1470 2252 Ernestus
1493 2221 1587 2252 uncis
1604 2221 1746 2257 inclusit,
1762 2221 1914 2251 delei-unt
1928 2219 2044 2251 8011111-

1189 2276 1258 2307 zius
1282 2280 1313 2306 et
1334 2275 1505 2306 Matthiae.
1545 2274 1639 2313 Quae
1662 2275 1782 2306 omissa
1802 2283 1901 2305 nemo
1922 2273 2045 2304 deside-

1189 2335 1274 2361 raret
1296 2340 1363 2360 non
1386 2329 1494 2360 solent
1516 2339 1535 2359 a
1557 2329 1778 2369 grammaticis
1800 2328 1885 2359 addi.

1232 2386 1249 2424 ξ
1274 2384 1301 2416 6.
1344 2383 1380 2414 Ut
1409 2383 1505 2414 semel
1531 2402 1570 2406 ——-
1597 2383 1733 2425 yloriam
1760 2384 1941 2413 consecutus
1968 2391 2045 2418 sum,

1190 2439 1235 2469 ita
1256 2443 1292 2468 ut
1315 2447 1387 2469 eam
1416 2447 1587 2478 nunquam
1614 2437 1761 2467 amittere
1789 2440 1905 2477 posset.
1948 2435 2046 2466 Hanc

1190 2495 1259 2526 vim
1288 2494 1435 2525 adverbii
1463 2494 1558 2524 semel
1585 2493 1698 2523 multis
1726 2492 1887 2533 exemplis
1913 2492 2046 2523 demon-

1188 2548 1302 2580 stravit
1332 2548 1503 2579 Bentleius
1532 2548 1572 2578 ad
1607 2547 1689 2577 Hor.
1726 2546 1830 2578 Serm.
1859 2546 1905 2577 Π.
1938 2547 1966 2576 8.
1995 2546 2045 2577 24.

1190 2600 1354 2633 Tullianis
1392 2601 1529 2631 addatur
1557 2610 1586 2641 p.
1624 2599 1732 2631 Deiot.
1762 2600 1791 2630 9.
1828 2599 1925 2639 Quum
1938 2597 2045 2639 facile

1189 2652 1324 2691 exorari,
1350 2653 1476 2690 Caesar,
1500 2655 1562 2683 tum
1585 2652 1679 2684 semel
1701 2651 1828 2683 exorari
1849 2652 1940 2683 soles.
1970 2651 2044 2683 Flo·

1188 2718 1242 2738 rus
1265 2708 1311 2738 ΙΙ.
1337 2707 1385 2743 12,
1409 2707 1427 2738 2
1450 2706 1575 2737 addidit
1595 2705 1629 2736 in
1643 2708 1836 2746 perpetuum,
1858 2710 1895 2736 ut
1917 2715 1977 2736 nos
1999 2705 2044 2736 di-

1188 2761 1291 2792 cimus
1312 2770 1386 2791 eens
1408 2770 1481 2790 voor
1503 2760 1546 2791 al.

1231 2813 1312 2844 Non.
1333 2813 1463 2844 illarum
1486 2813 1561 2844 Dec.
1600 2813 1704 2854 Saepe
1733 2813 1893 2844 inst-aurat
1923 2822 2045 2844 memo·

1191 2868 1274 2898 riam
1303 2867 1392 2898 illius
1421 2867 1497 2904 diei,
1527 2877 1590 2907 quo
1617 2867 1813 2907 supplicium
1840 2867 1977 2907 sumpsit
2005 2867 2045 2897 de

1190 2920 1378 2951 coniuratis.
1412 2920 1490 2951 Vid.
1520 2920 1628 2950 Flacc.
1652 2920 1721 2950 102.
1751 2919 1865 2950 Plane.
1895 2920 1945 2949 90.
1973 2918 2044 2950 Att.

1189 2972 1233 3004 X.
1257 2974 1285 3011 l,
1310 2975 1336 3004 l.
1360 2973 1453 3004 Fam.
1476 2973 1503 3004 Ι.
1527 2974 1555 3010 9,
1580 2973 1627 3004 12.

1233 3025 1378 3058 Iunctum
1399 3026 1531 3058 invidia.
1553 3026 1686 3058 Iunctus
1707 3030 1739 3057 et
1753 3024 1936 3057 coniunctus
1949 3034 2044 3065 saepe

1193 3090 1268 3111 eum
1290 3081 1436 3112 ablativo
1459 3081 1682 3112 inveniuntur.
1705 3080 1747 3110 V.
1763 3080 1855 3111 Brut.
1881 3079 1950 3110 162.
1972 3079 2044 3110 Att.

1190 3134 1254 3166 IX.
1279 3136 1327 3172 10,
1350 3136 1379 3165 4.
1403 3135 1484 3175 Leg.
1508 3135 1573 3166 ΙΙΙ.
1596 3134 1646 3166 47.
1676 3133 1764 3166 Orat.
1787 3134 1853 3165 111.
1883 3134 1933 3171 55,
1962 3141 2044 3173 quae
