2117 3533
750 175 858 218 LIB.
893 176 944 217 V.
978 177 1063 218 ΕΡ.
1099 177 1171 218 20.

1732 175 1840 215 ⁷241

86 313 197 364 repto
230 313 270 350 et
291 312 446 349 vastato
469 310 626 350 Amano
649 309 743 350 inde
768 309 1037 352 discessimus.
1073 311 1158 352 Scis
1182 310 1287 351 enim
1312 309 1393 350 diei
1416 308 1610 363 quaedam
1632 305 1841 362 πανικοὶ,

85 381 165 422 dici
196 381 293 421 item
327 379 390 422 τά
423 379 542 424 κενά
573 383 659 423 τοῦ
693 378 921 439 πολέμου.

983 384 1155 424 Rumore
1198 382 1393 423 adventus
1436 381 1561 422 nostri
1607 386 1647 422 et
1691 381 1843 431 Cassio,

86 454 154 509 qui
187 454 415 495 Antiochia
437 454 664 505 tenebatur,
699 455 856 495 animus
901 455 1068 496 accessit
1111 461 1151 496 et
1191 454 1350 495 Parthis
1394 454 1513 494 timor
1557 454 1730 496 iniectus
1770 459 1844 495 est.

85 527 226 580 Itaque
259 542 325 568 eos
360 528 545 568 cedentes
579 527 628 568 ab
674 528 820 582 oppido
862 528 1024 569 Cassius
1064 529 1271 569 insecutus
1312 543 1395 568 rem
1440 527 1540 568 bene
1581 527 1718 582 gessit,
1768 542 1846 581 qua

85 600 127 640 in
161 600 256 654 fuga
298 614 442 654 magna
485 601 722 641 auctoritate
757 601 918 651 Osaces,
954 601 1036 642 dux
1070 601 1324 650 Parthorum,
1360 600 1506 641 vulnus
1539 601 1693 655 accepit
1720 616 1845 654 eoque
1885 615 1900 641 5

85 672 239 713 interiit
271 673 410 726 paucis
443 678 534 727 post
567 673 724 714 diebus.
759 674 857 714 Erat
885 675 927 715 in
952 675 1064 729 Syria
1086 679 1268 715 nostrum
1289 689 1435 714 nomen
1458 674 1501 714 in
1524 674 1666 728 gratia.
1703 676 1744 713 4.
1768 674 1846 714 Ve-

86 745 148 786 nit
178 745 341 786 interim
373 745 560 786 Bibulus.
596 746 738 796 Credo,
773 747 900 787 voluit
934 747 1200 802 appellatione
1234 746 1308 787 hac
1342 746 1454 787 inani
1486 745 1604 787 nobis
1637 761 1721 787 esse
1761 761 1847 800 par.

87 819 136 859 In
170 818 307 859 eodem
341 819 497 858 Amano
531 817 662 872 coepit
694 818 882 859 loreolam
915 819 958 859 in
992 824 1195 860 mustaceo
1230 833 1431 873 quaerere.
1465 819 1522 859 At
1553 818 1620 858 ille
1644 818 1847 858 cohortem

87 891 255 946 primam
289 895 413 931 totam
448 890 625 945 perdidit
667 891 1020 946 centurionemque
1064 892 1183 946 primi
1226 891 1313 946 pili,
1358 891 1534 932 nobilem
1575 892 1637 933 sui
1677 891 1847 945 generis,

88 963 275 1004 Asinium
310 964 552 1010 Dentonem,
596 969 635 1004 et
667 963 842 1018 reliquos
876 964 1051 1005 cohortis
1096 964 1274 1005 eiusdem
1320 970 1360 1005 et
1404 965 1494 1005 Sex.
1540 964 1758 1014 Lucilium,
1803 964 1849 1004 T.
1872 975 1907 1000 10

89 1037 208 1078 Gavii
241 1037 468 1092 Caepionis,
503 1037 715 1092 locupletis
750 1042 789 1078 et
834 1038 1034 1092 splendidi
1076 1038 1264 1089 hominis,
1311 1039 1452 1089 filium,
1494 1037 1703 1079 tribunum
1747 1038 1851 1079 mili-

89 1115 190 1151 tum.
226 1111 329 1151 Sane
363 1110 520 1165 plagam
567 1110 743 1151 odiosam
789 1116 996 1165 acceperat
1038 1126 1161 1166 quum
1204 1127 1259 1161 re,
1304 1116 1391 1152 tum
1432 1116 1624 1166 tempore.
1679 1114 1719 1151 5.

1765 1112 1852 1152 Nos

89 1184 138 1225 ad
172 1184 472 1235 Pindenissum,
507 1184 613 1238 quod
647 1183 838 1238 oppidum
884 1184 1200 1225 munitissimum
1246 1184 1627 1225 Eleutherocilicum
1670 1185 1851 1226 omnium

131 1345 149 1374 8
172 1344 345 1375 laureolam
369 1363 408 1367 -—-
430 1343 469 1375 12
492 1344 556 1375 Nos
578 1344 841 1376 Pindenissum...
863 1346 896 1376 2'72
913 1345 1101 1386 armisfuit,
1115 1346 1233 1386 —ferz'
1248 1346 1437 1378 homines...
1448 1371 1455 1378 .
1464 1347 1584 1387 parati,
1598 1367 1638 1371 —
1651 1347 1853 1379 cinximus*

87 1502 202 1543 optimi
224 1502 301 1533 libri
324 1502 474 1534 Curtiani
496 1513 634 1545 semper.
672 1504 721 1535 Cf.
746 1504 877 1545 Zumpt.
906 1504 947 1535 ad

89 1557 178 1588 Curt.
200 1558 265 1589 III.
289 1559 317 1589 1.

129 1610 195 1640 Scis
225 1610 303 1640 enim
333 1611 397 1641 diez·
425 1612 574 1653 quaedam
604 1610 747 1651 memmi,
779 1612 844 1643 diez·
873 1612 945 1642 item

88 1661 130 1696 τὰ
159 1661 238 1697 κενὰ
263 1667 323 1698 τοῦ
353 1663 519 1711 πολέμου.
558 1667 621 1698 His
644 1667 752 1697 verbis
782 1667 944 1697 rationem

87 1722 201 1759 reddit,
225 1733 281 1753 cur
302 1728 374 1763 post
397 1723 567 1754 victoriam
590 1724 623 1754 in
654 1723 797 1760 Amano,
829 1723 945 1753 disces-

88 1777 176 1807 serit.
208 1777 438 1808 Percrebuisse
461 1778 590 1808 videtur
613 1788 726 1808 rumor
748 1778 787 1807 dc
811 1777 946 1807 Partho-

88 1839 162 1860 rum
185 1831 346 1867 adventu3
378 1841 443 1871 quo
473 1841 603 1862 rumore
634 1837 799 1871 permotus
830 1837 877 1861 est
908 1831 947 1860 ad

88 1883 332 1920 discedendum,
363 1894 404 1914 ne
434 1884 556 1914 milites
585 1884 636 1914 sui
672 1885 790 1924 panico
825 1888 947 1913 terrore

89 1935 292 1976 replerentur
314 1937 448 1976 ipseque
484 1937 696 1977 experiretur,
728 1947 825 1977 quam
858 1937 947 1966 varia

88 1994 119 2020 et
141 1989 330 2020 inconstans
354 1996 439 2021 esset
462 1991 542 2022 belli
564 1990 706 2022 fortuna.
730 1991 852 2021 Melius
870 2001 945 2021 con-

88 2043 249 2074 suleretur
275 2043 445 2074 Ciceronis
475 2044 609 2084 gloriae,
639 2045 666 2074 si
695 2045 793 2075 lectio
822 2045 945 2074 Ascen-

88 2095 179 2125 siana
202 2095 413 2136 reciperetur:
437 2096 569 2127 Interim
586 2115 627 2120 -
640 2096 701 2126 seis
722 2097 802 2127 enim
815 2096 946 2126 clici....

88 2158 121 2179 τ.
152 2144 299 2192 πολέμου
325 2166 365 2170 —-
389 2159 510 2178 rumore
531 2148 684 2178 adi-'entus
706 2148 806 2178 nostri
829 2150 859 2178 et
878 2147 947 2177 Cels-

88 2203 202 2234 sio....
224 2204 346 2233 animus
368 2203 498 2234 accessit
522 2206 550 2234 et
574 2203 707 2233 Parthis
736 2204 826 2233 timor
855 2203 948 2233 inice<

89 2260 140 2288 lus
161 2260 216 2295 est,
240 2259 296 2289 sed
319 2268 355 2289 ea
379 2259 477 2289 lectio
500 2259 591 2288 omni
623 2259 780 2288 libroruin
812 2258 947 2288 auctori-

89 2316 153 2341 tate
176 2317 273 2342 caret.
310 2311 487 2342 Assentior
509 2311 612 2351 igitur
634 2311 810 2341 Tunstallo
832 2321 862 2351 p.
887 2310 946 2341 133

90 2373 178 2404 seqq.
200 2364 240 2394 de
272 2357 390 2394 bellica
421 2363 589 2394 Ciceronis
620 2364 740 2394 virtute
772 2374 837 2394 non
868 2364 973 2394 adeo*¹¹

90 2416 263 2455 magnifice
286 2417 450 2447 sentienti.
474 2416 588 2446 Nolim
610 2421 720 2446 tamen
741 2426 814 2446 011111
830 2425 868 2446 00
883 2416 946 2445 11110
972 2433 973 2445 1

90 2468 209 2499 referre
243 2469 343 2499 verba
373 2478 415 2499 ex
446 2479 494 2509 ep.
527 2470 576 2506 23,
607 2470 628 2499 1.
660 2469 749 2499 XVI
779 2470 819 2499 ad
853 2468 946 2499 Fam.

90 2521 184 2552 haec:
216 2520 285 2551 Etsi
314 2522 441 2552 Atticus
473 2524 587 2559 noster,
618 2521 690 2562 qula
720 2522 872 2562 quondam
900 2532 946 2552 me
970 2535 972 2544 ⁴

90 2574 270 2604 commoveri
291 2575 446 2611 πανικοῖς
466 2574 635 2611 &atellei-it,
659 2574 738 2604 idem
761 2585 945 2614 sempersta-

90 2633 138 2660 tat
162 2636 232 2668 cet„
257 2641 340 2671 quae
363 2632 445 2662 mihi
469 2632 603 2671 quidem
626 2631 732 2671 magis
761 2632 802 2662 ad
830 2632 946 2662 disces-

89 2693 161 2713 sum
184 2692 226 2713 ex
249 2684 329 2714 urbe
353 2684 386 2714 in
411 2684 469 2714 illo
493 2684 602 2714 furore
627 2683 789 2715 Clodiano
803 2689 946 2724 spectare
969 2681 970 2690 ¹

90 2736 252 2766 videntur.

135 2792 258 2822 Osaces.
298 2792 363 2822 Hic
386 2802 444 2832 pro
477 2792 602 2822 Pacoro
632 2792 750 2824 Orodis
779 2792 848 2822 filio
878 2796 947 2822 tum

90 2855 190 2885 puero
221 2845 395 2885 imperium
423 2845 605 2876 exercebat.
643 2844 692 2875 ef.
723 2844 854 2875 Cassius
884 2844 971 2889 Dio³

90 2899 165 2930 XL.
189 2901 237 2930 28.

132 2954 150 2993 ξ
173 2955 202 2984 4,
227 2953 448 2993 Appellallowe
470 2953 530 2983 hoe
551 2952 642 2982 inani
670 2963 702 2983 o:
736 2953 946 2993 Imperatoris

91 3007 196 3038 titulo.

133 3059 293 3090 Low-oolam
316 3059 349 3089 in
374 3061 528 3090 muslaoeo
558 3068 717 3098 quaerere.
756 3058 945 3089 Proverbia-

93 3110 132 3141 lis
154 3111 276 3142 locutio
298 3112 338 3143 de
362 3112 410 3149 iis,
434 3112 491 3152 qui
513 3121 555 3142 ex
577 3121 611 3142 re
634 3111 700 3142 levi
723 3110 852 3141 laudem
874 3120 944 3151 cap-

94 3167 172 3193 tant.
209 3163 385 3205 Propterea
409 3163 524 3196 Cicero
553 3164 656 3194 utitur
688 3163 791 3193 torma
819 3163 946 3203 plebeia

153 3220 189 3260 I.

993 1502 1152 1541 loreolam,
1175 1514 1257 1545 quae
1280 1505 1313 1536 in
1337 1506 1408 1536 cod.
1430 1505 1519 1537 Med.
1543 1511 1669 1538 servata
1692 1513 1749 1544 est,
1774 1512 1805 1538 et
1835 1517 1853 1538 a

993 1557 1088 1587 nobis
1111 1557 1260 1597 reposita.
1299 1558 1380 1597 (Sed
1402 1559 1496 1589 nolui
1519 1559 1552 1590 in
1577 1560 1594 1599 ξ
1618 1561 1636 1590 3
1667 1570 1709 1590 ex
1738 1561 1853 1591 eodem

993 1610 1078 1641 libro
1101 1611 1241 1643 scribere
1264 1612 1399 1643 diver-oio
1422 1623 1480 1653 pro
1503 1613 1648 1650 divortio,
1667 1624 1768 1654 quum
1785 1625 1852 1645 non

993 1671 1155 1704 appareat,
1186 1676 1243 1695 cur
1271 1666 1386 1696 Cicero
1418 1667 1450 1697 in
1482 1667 1541 1697 illo
1571 1668 1706 1699 nomine
1737 1668 1852 1708 plebis,

994 1727 1094 1756 quam
1135 1718 1372 1758 elegantiorem
1407 1729 1502 1750 usum
1542 1721 1636 1760 sequi
1674 1721 1852 1760 maluerit).

995 1773 1153 1804 Laureolo
1183 1785 1242 1814 pro
1272 1775 1426 1806 victoriae
1455 1776 1578 1816 insigni
1609 1781 1657 1807 est
1686 1778 1726 1807 ad
1758 1777 1853 1808 Fam.

994 1827 1041 1857 II.
1066 1827 1112 1863 10,
1138 1828 1166 1858 2.
1200 1827 1384 1858 Mustaeeas
1407 1834 1475 1859 erat
1499 1829 1649 1869 placenta
1671 1839 1714 1860 ex
1737 1830 1852 1867 farina,

969 1891 971 1901 ¹
993 1885 1109 1917 musto,
1134 1880 1235 1917 aniso,
1259 1880 1403 1917 cumino,
1427 1891 1521 1911 caseo
1544 1886 1575 1912 et
1604 1882 1689 1912 lauri
1717 1882 1853 1923 pulvere

993 1935 1182 1974 composita,
1212 1945 1309 1975 qnam
1340 1935 1373 1965 in
1412 1936 1495 1966 lauri
1534 1936 1621 1967 foliis
1657 1938 1853 1977 coquebant.

968 1972 971 2016 ἶ
994 1986 1074 2018 cato
1097 1989 1137 2018 de
1160 1988 1199 2019 R.
1222 1989 1260 2019 R.
1284 1989 1356 2019 121.
1380 1989 1468 2019 Plin.
1492 1990 1536 2020 11.
1559 1991 1601 2021 N.
1625 1990 1704 2021 XV.
1728 1991 1799 2023 127.

1036 2040 1189 2072 Perdidit.
1214 2042 1348 2073 Leniori
1372 2044 1472 2073 verbo
1495 2045 1535 2074 de
1557 2045 1671 2075 eadem
1694 2055 1728 2076 re
1750 2046 1854 2075 utitur

993 2093 1124 2125 Caelius
1147 2096 1187 2125 ad
1200 2095 1293 2125 Fam.
1311 2096 1410 2126 VIII.
1426 2096 1453 2133 6,
1470 2098 1499 2126 4.
1522 2096 1656 2127 Bibulus
1683 2097 1715 2127 in
1731 2098 1852 2128 Amano

992 2148 1095 2178 neseio
1117 2149 1193 2189 quid
1215 2150 1475 2180 cohorticularum
1493 2151 1610 2182 amisit.
1632 2151 1702 2182 Hoc
1716 2152 1762 2183 sic
1777 2163 1853 2183 mm-

993 2201 1104 2231 lia-tum
1128 2204 1183 2232 est.
1221 2203 1418 2233 Amittimus
1443 2204 1531 2234 enim
1554 2205 1680 2245 aliquid
1700 2205 1852 2237 fortunae

994 2255 1084 2291 vitio,
1108 2256 1276 2295 perdimus
1299 2262 1411 2287 nostra
1434 2258 1540 2298 culpa.

1035 2308 1174 2338 Nobilem
1197 2309 1248 2338 sui
1264 2309 1391 2350 qenerz's
1413 2320 1444 2340 o:
1472 2321 1539 2341 non
1562 2311 1685 2342 illustri
1708 2312 1780 2343 loco
1798 2323 1852 2343 na-

997 2366 1075 2398 tum,
1099 2362 1156 2392 sed
1178 2362 1234 2402 qui
1257 2372 1315 2392 sua
1336 2363 1455 2394 virtute
1478 2364 1643 2396 inclaruit.

1038 2416 1056 2455 ξ
1080 2418 1107 2446 5.
1138 2415 1203 2445 Nos
1236 2415 1447 2447 Pindenissum
1472 2436 1511 2440 —
1534 2418 1687 2449 cinximus
1716 2426 1779 2450 cet.
1811 2420 1850 2450 In

994 2470 1126 2509 copiosa
1147 2470 1207 2500 hac
1230 2480 1338 2500 rerum
1362 2481 1379 2500 a
1402 2481 1435 2502 se
1470 2477 1636 2511 gestarum
1665 2474 1851 2504 narratione

995 2521 1110 2553 Cicero
1134 2533 1199 2553 non
1223 2523 1331 2553 subito
1360 2523 1450 2554 urbis
1480 2529 1686 2565 oppugnatae
1715 2526 1851 2557 mentio-

994 2585 1070 2606 nem
1093 2576 1179 2606 feeit.
1209 2576 1296 2606 Nam
1319 2578 1407 2617 quod
1430 2577 1463 2608 in
1487 2578 1576 2609 Med.
1593 2579 1715 2618 legitur
1729 2579 1793 2609 Nos
1808 2580 1852 2609 acl

992 2628 1223 2666 Pindenissum,
1247 2630 1390 2661 ostendit
1403 2631 1489 2662 male
1502 2631 1720 2663 Pimlem'ssmtz
1736 2633 1849 2663 haberi

993 2683 1159 2713 obiectum
1182 2683 1273 2714 verbi
1295 2683 1458 2715 cinximus.
1495 2685 1740 2717 Interciderunt
1770 2697 1849 2717 non-

994 2736 1096 2772 nulla,
1120 2736 1154 2766 in
1178 2736 1297 2776 quibus
1328 2737 1457 2767 videtur
1487 2744 1664 2775 narratum,
1695 2748 1769 2769 eum
1801 2749 1849 2769 ac-

995 2789 1127 2820 cessisse
1156 2790 1197 2819 ad
1226 2789 1470 2821 Pindenissum.
1506 2791 1615 2822 Acute
1646 2792 1849 2823 Buchelerus

995 2840 1029 2870 in
1053 2841 1139 2871 Mus.
1161 2841 1268 2872 Rhen.
1291 2841 1355 2871 XI.
1378 2852 1407 2882 p.
1432 2842 1491 2872 522
1522 2851 1563 2872 ex
1593 2852 1641 2882 ep.
1665 2845 1693 2879 4,
1725 2844 1742 2882 ξ
1767 2845 1805 2873 10
1828 2844 1850 2875 l.

995 2893 1064 2924 XV
1093 2895 1134 2924 ad
1163 2894 1265 2931 Fam„
1296 2895 1353 2925 ubi
1383 2896 1422 2926 de
1453 2895 1569 2926 iisdem
1599 2897 1696 2926 rebus
1732 2897 1850 2936 agitur,

969 2953 970 2961 ¹
994 2946 1025 2978 h.
1049 2946 1070 2976 l.
1093 2947 1237 2987 suppleri
1261 2947 1371 2978 iussit:
1397 2947 1462 2977 Nos
1485 2947 1530 2977 acl
1553 2947 1714 2987 [demimus
1736 2949 1851 2980 deinde

993 3000 1163 3031 exercitum
1187 3000 1245 3040 ad]
1270 3001 1499 3038 Pindenissum,
1514 3002 1596 3041 quod
1617 3020 1658 3023 ——
1670 3002 1752 3041 fail.
1778 3003 1851 3033 Feri

993 3053 1131 3084 homiues
1153 3072 1193 3075 —
1210 3053 1332 3093 parali.
1356 3053 1513 3083 (ssimlnms
1536 3054 1619 3083 vallo
1643 3059 1703 3084 cet.

1040 3107 1180 3137 Omnium
1204 3107 1360 3138 memoria.
1383 3107 1568 3138 Lambinus
1590 3108 1733 3146 ommim„
1750 3111 1852 3140 Orell.

995 3160 1147 3190 hominum
1173 3159 1327 3190 memoria.
1362 3160 1550 3200 Utrumque
1573 3160 1769 3191 Tullianum
1792 3168 1849 3193 est.

1611 3219 1660 3256 lb*
