2117 3533
272 145 324 184 10

864 300 953 341 III.

666 147 749 187 ΕΡ.
783 148 860 188 AD
892 149 938 189 T.
973 150 1321 192 POMPONIUM
1354 153 1615 195 ATTICUM.

1020 302 1084 354 (A.
1127 302 1173 342 U.
1212 305 1254 344 C.
1290 306 1408 359 688).

330 396 368 434 l.
413 394 554 435 Aviam
588 399 699 436 tuam
733 396 831 437 seito
865 397 1060 439 desiderio
1094 400 1155 441 tui
1188 407 1384 444 mortuam
1418 419 1501 445 esse
1535 411 1575 446 et
1608 407 1725 448 simul
1761 408 1866 462 quod
1897 409 2022 449 verita

264 466 328 517 sit,
363 482 413 507 110
446 467 612 508 Latinae
645 467 688 508 in
721 469 849 509 officio
882 485 963 510 non
984 478 1191 514 manerent
1215 479 1255 515 et
1276 475 1318 516 in
1342 482 1519 518 montem
1543 478 1746 521 Albanum
1766 480 1917 523 hostias
1940 497 2021 523 non

262 539 518 581 adducerent.
552 540 652 581 Eius
684 540 741 581 rei
775 542 1085 584 consolationem
1119 545 1169 586 ad
1202 550 1240 587 te
1275 547 1322 588 L.
1358 550 1562 592 Saufeium
1594 552 1811 594 missurum
1843 569 1927 596 0550
1961 571 2020 596 ar-

231 612 399 659 ¹5bitror.
444 616 484 653 2.
518 614 604 654 Nos
637 613 702 654 1110
737 619 775 655 te
808 615 857 656 ad
893 630 1067 657 mensem
1102 618 1337 662 Ianuarium
1370 628 1658 678 exspectamus,
1694 641 1742 666 ex
1766 626 1938 680 quodam
1954 642 2019 668 ru-

258 700 379 736 more,
415 700 465 726 an
498 702 545 727 ex
577 686 702 727 literis
735 686 816 727 tuis
850 687 899 728 ad
934 688 1031 729 alios
1065 690 1197 732 missis
1206 710 1217 743 3
1253 708 1346 734 nam
1379 695 1430 735 ad
1463 711 1525 736 me
1571 696 1619 738 de
1661 713 1706 738 eo
1750 699 1852 740 nihil
1897 701 2019 756 scrip-

258 758 359 799 sisti.
395 759 530 813 Signa,
566 773 665 813 quae
698 758 814 800 nobis
849 761 1010 812 curasti,
1045 778 1092 803 ea
1124 770 1219 806 sunt
1252 766 1301 806 ad
1336 767 1514 810 Caietam
1535 772 1727 826 exposita.
1762 773 1847 814 Nos
1871 789 1916 815 ea
1938 789 2019 815 non

257 831 430 873 vidimus
440 851 450 883 3
485 847 614 887 neque
648 832 754 873 enim
788 834 960 874 exeundi
994 835 1121 877 Roma
1153 843 1329 893 potestas
1363 841 1478 882 nobis
1512 843 1603 885 fuit.
1639 845 1825 886 Misimus
1857 846 1925 900 qm·
1947 862 2019 901 pro

255 909 417 946 vectura
450 905 630 946 solveret.
665 905 718 945 Te
752 905 925 946 multum
958 922 1149 960 amamus,
1186 912 1291 965 quod
1326 928 1372 954 ea
1405 914 1475 955 abs
1508 920 1547 956 te
1583 916 1795 971 diligenter
1817 932 2018 973 parvoque

211 997 244 1022 ιο
256 982 393 1018 curata
426 982 533 1018 sunt.
591 979 630 1017 3.
666 976 785 1028 Quod
819 977 868 1018 ad
901 993 964 1019 me
999 995 1114 1035 saepe
1149 983 1343 1038 scripsisti
1378 985 1425 1026 de
1459 993 1595 1029 nostro
1640 990 1766 1030 amico
1807 990 2015 1046 placando,

297 1106 314 1135 6
337 1105 466 1136 missis?

294 1216 466 1256 Temporis
479 1216 593 1247 ordine
601 1217 681 1248 haec
694 1218 830 1258 epistola
841 1221 1003 1260 praecedit
1015 1230 1108 1261 quar-

252 1275 327 1305 tam,
352 1278 434 1309 quae
457 1269 575 1309 scripta
604 1274 651 1300 est
681 1281 707 1300 a.
736 1281 767 1301 u.
798 1272 858 1302 688
888 1278 1046 1311 extremo,
1076 1280 1110 1305 ut

252 1324 379 1354 monuit
400 1323 574 1361 Οτι-01101115,
598 1325 754 1365 quoniam
778 1326 892 1358 Cicero
914 1333 1043 1367 praetor
1070 1330 1110 1360 de

252 1378 451 1418 profectione
474 1388 515 1409 ex
538 1379 618 1409 urbe
640 1380 813 1419 cogitabat.
844 1381 921 1412 Vid.
945 1383 973 1419 4,
997 1384 1025 1413 3.
1070 1384 1109 1413 In

251 1432 312 1462 hac
334 1436 442 1462 autem
464 1437 562 1472 negat
584 1433 644 1463 sibi
668 1434 811 1464 exeundi
840 1434 946 1466 Roma
974 1441 1110 1476 potesta·

252 1492 318 1517 tem
341 1496 418 1523 esse,
443 1488 470 1523 3,
495 1488 523 1517 2.
546 1488 588 1517 Et
611 1488 680 1528 ipsa
694 1494 803 1519 tamen
819 1495 950 1530 propter
965 1500 1011 1527 ea,
1028 1500 1110 1531 quae

252 1543 291 1573 de
321 1542 409 1573 feriis
438 1542 566 1573 Latinis
596 1548 627 1574 et
656 1544 696 1574 de
726 1554 837 1575 mense
874 1546 1027 1576 Ianuario
1056 1546 1110 1576 hie

251 1600 411 1636 dicuntur,
435 1600 475 1630 ad
502 1600 652 1630 ultimam
681 1601 759 1631 anni
788 1606 913 1641 partem
941 1603 1110 1634 referenda

252 1660 308 1687 est.
331 1655 422 1685 Haec
444 1664 572 1691 moneo,
619 1666 697 1686 uum
719 1656 849 1687 videam
870 1656 1031 1688 Orellium
1047 1658 1108 1688 sibi
1132 1683 1133 1689 ,

597 1665 616 1696 q
1131 1694 1133 1752 J
1156 1715 1239 1735 πηοεν
1260 1705 1393 1736 brieven.
1417 1706 1465 1737 Cf.
1482 1717 1610 1748 quoque
1625 1708 1769 1738 Ellendt.
1785 1709 1826 1738 ad
1841 1709 1934 1739 Bruti
1950 1709 1971 1739 1.
1985 1719 2013 1740 0.

251 1719 317 1739 11011
332 1712 480 1738 constare
495 1708 529 1738 in
545 1712 689 1748 tempore
704 1708 889 1740 indicando.
904 1711 1005 1741 Modo
1020 1712 1109 1742 enim

251 1764 292 1794 ad,
314 1773 340 1793 a.
365 1761 424 1794 687
447 1761 544 1793 refert
568 1761 701 1798 (Onom.
725 1763 813 1793 Tull.
837 1774 866 1804 p.
897 1765 982 1803 596),
1012 1767 1108 1796 modo

251 1817 290 1847 ad
314 1827 340 1846 a.
365 1816 425 1846 689
448 1815 541 1855 (ibid.
565 1826 594 1856 p.
619 1817 679 1847 122
702 1821 733 1847 et
756 1816 837 1857 Opp.
861 1819 1043 1859 111.p.375
1060 1821 1108 1850 ed.

250 1869 338 1907 500),
362 1869 459 1899 modo
482 1869 521 1899 ad
544 1879 571 1899 a.
596 1869 656 1899 690
680 1869 716 1904 (l.
739 1880 765 1900 c.
789 1880 819 1910 p.
844 1870 928 1908 602).

292 1922 310 1961 ξ
334 1922 361 1952 1.
388 1921 478 1962 Quod
497 1922 599 1952 verita
622 1922 664 1951 sit
687 1941 727 1945 —-
749 1923 952 1954 adducerent.
992 1925 1107 1956 ‘'Deri-

248 1977 303 2007 det
337 1976 532 2016 suspiciosae
567 1976 714 2007 aniculae
751 1977 885 2008 inanem
913 1979 1108 2018 superstitio-

248 2031 359 2060 nem.''
402 2030 492 2060 Man.
529 2030 646 2066 Aliter,
684 2041 750 2061 non
788 2031 914 2068 melius,
952 2033 1110 2072 explicuit

248 2084 274 2114 Ι.
298 2083 335 2113 F.
359 2082 552 2119 Gronovius,
576 2083 631 2121 qui
662 2094 761 2114 anum
790 2084 823 2114 in
853 2085 1024 2124 postremis
1052 2096 1109 2126 per

249 2147 391 2168 errorem
414 2136 532 2167 mentis
555 2137 595 2167 de
619 2146 655 2167 ea
671 2147 705 2167 re
721 2138 820 2168 verba
836 2137 949 2169 fecisse
965 2139 1107 2179 putabat.

290 2190 425 2220 Latinae
447 2200 514 2220 non
538 2194 612 2220 sunt
635 2190 796 2227 mulieres,
821 2190 1008 2230 sedferz'ae,
1026 2201 1108 2232 quae

249 2254 291 2275 ex
313 2248 390 2274 nota
412 2243 542 2274 dicendi
556 2244 661 2282 figura
676 2243 843 2274 voluntate
859 2244 1022 2283 praeditae
1038 2255 1107 2285 pro-

248 2298 418 2328 ducuntur.
447 2296 514 2327 Eae
537 2306 604 2326 11011
628 2297 789 2325 manerent
812 2295 846 2324 in
868 2296 975 2335 officio,
999 2297 1025 2327 si
1049 2297 1107 2327 illo

249 2361 335 2382 anno
365 2361 431 2381 non
461 2350 711 2381 celebrarentur.
757 2349 873 2380 Solent
902 2355 1010 2381 autem
1040 2362 1105 2382 non

249 2404 311 2435 soli
332 2408 454 2443 poetae,
478 2403 535 2433 sed
557 2403 728 2442 scriptores
751 2411 880 2442 quoque
897 2404 983 2434 nude
1000 2404 1107 2444 appel-

249 2457 316 2487 lare
340 2455 484 2486 Latinas.
515 2455 563 2486 Cf.
588 2454 654 2485 Cic.
685 2456 725 2485 ad
755 2455 795 2493 Q.
827 2455 864 2485 fr.
894 2456 939 2486 ΙΙ.
969 2458 997 2492 4,
1029 2458 1047 2487 2
1077 2462 1109 2487 et

250 2511 277 2547 6,
301 2512 329 2540 4.
353 2510 426 2540 Liv.
449 2510 492 2539 V.
516 2509 554 2540 17
578 2514 608 2539 et
632 2509 679 2538 19.
703 2509 800 2539 XXI.
825 2510 864 2540 63
887 2510 927 2540 al.

290 2562 367 2593 Eius
389 2562 435 2592 rei
456 2561 697 2592 consolationem
712 2566 770 2592 cet.
794 2562 867 2592 Hoc
882 2562 960 2592 dicit
977 2561 1106 2593 Cicero:

249 2616 336 2647 Nolo
366 2616 511 2656 pluribus
541 2619 571 2645 te
601 2614 761 2645 consolari
791 2615 830 2645 de
866 2619 969 2645 morte
1006 2615 1107 2651 aviae,

249 2679 350 2710 quum
372 2679 438 2699 non
461 2668 616 2704 dubitem,
639 2667 717 2707 quin
734 2667 771 2697 L.
789 2666 948 2704 Saufeius,
967 2667 1021 2706 qui
1038 2668 1107 2698 nul·

249 2724 318 2754 lum
347 2723 456 2753 locum
485 2722 643 2752 intactum
671 2721 856 2760 relinquere
886 2721 977 2757 solet,
1008 2722 1106 2752 homo

249 2778 371 2809 ferreae
394 2776 589 2807 assiduitatis
619 2776 652 2805 in
682 2775 862 2811 scribendo,
886 2775 951 2805 vid.
972 2776 1016 2806 Π.
1033 2777 1060 2812 8,
1079 2776 1105 2811 1,
1129 2794 1131 2801 ›

248 2834 332 2864 hanc
348 2832 551 2873 provinciam
567 2831 607 2861 sit
622 2837 836 2871 suscepturus.
853 2830 983 2871 Optime
998 2836 1106 2861 autem

249 2887 370 2917 sciebat
393 2885 516 2921 Cicero,
540 2893 647 2924 neque
669 2884 818 2914 Atticum
840 2885 935 2915 valde
959 2884 1104 2915 consola-

248 2940 336 2970 tione
360 2948 464 2977 egere,
498 2946 604 2977 neque
634 2937 726 2967 illam
756 2937 935 2976 exspectari
966 2947 1058 2977 posse
1088 2947 1129 2966 a*

249 2993 390 3029 Saufeio,
414 2991 545 3032 Epicuri
568 2991 695 3031 placitis
718 2990 855 3020 addicto.
879 2991 1022 3021 locando
1045 2991 1103 3030 igi·
1128 2982 1129 3036 J

1127 3042 1227 3072 ³dum
1250 3052 1335 3072 esse:
1368 3042 1440 3072 Hoc
1471 3043 1511 3072 ad
1539 3047 1570 3073 te
1600 3042 1721 3081 scripsi,
1753 3042 1839 3081 quod
1868 3041 1894 3071 is
1924 3040 2006 3081 (qui)

248 3051 300 3077 tur
322 3055 355 3076 re
377 3044 574 3084 defungitur,
599 3045 639 3074 ad
662 3043 725 3073 alia
746 3043 948 3073 transiturus.

292 3100 309 3137 ξ
333 3099 360 3128 2.
383 3097 432 3127 Es
446 3109 473 3138 q.
496 3107 627 3133 rumore,
651 3106 692 3126 an
717 3106 755 3125 ea·
771 3095 876 3125 lilerc's
892 3095 965 3125 tuis.
982 3096 1030 3126 De
1043 3095 1104 3126 1100
1128 3126 1129 3139 ¹

1128 3149 1217 3178 llum
1247 3157 1316 3178 0550
1347 3148 1454 3178 minus
1485 3147 1696 3183 exorabilem,
1727 3156 1835 3177 meum
1865 3146 2007 3177 studium

251 3159 369 3191 genere
393 3150 548 3190 loquendi
572 3150 604 3180 in
637 3158 671 3180 re
700 3149 820 3179 incerta
851 3148 945 3178 multi
974 3157 1105 3178 monue-

1128 3188 1130 3203 l

1159 1234 1243 1258 runt.
1276 1229 1453 1270 Pei-peram
1474 1232 1651 1270 Manutius,
1671 1242 1768 1274 quem
1790 1235 1864 1266 vide
1887 1236 1927 1266 ad
1948 1236 1980 1266 h.
1997 1236 2017 1266 1.

1160 1286 1190 1311 01
1220 1283 1259 1312 ad
1283 1283 1327 1313 II.
1359 1283 1385 1320 7,
1423 1286 1441 1315 3
1472 1290 1503 1316 et
1532 1286 1667 1317 Peterus
1705 1288 1744 1318 ad
1782 1287 1847 1319 Cic.
1878 1289 2018 1320 Brutum

1161 1334 1210 1364 89.
1236 1334 1341 1366 Unice
1366 1337 1539 1376 probamus
1563 1339 1724 1379 Madvigii
1740 1340 1944 1378 sententiam,
1962 1342 2017 1381 qui

1160 1388 1199 1417 ad
1228 1387 1294 1419 Cic.
1324 1389 1398 1420 Fin.
1428 1401 1457 1431 p.
1481 1392 1540 1422 319
1563 1402 1610 1432 sq.
1633 1393 1742 1423 statuit
1765 1393 1849 1424 hanc
1876 1394 2016 1426 formam

1160 1451 1226 1472 non
1256 1448 1360 1474 ortam
1389 1454 1457 1475 csse
1487 1455 1504 1476 e
1532 1446 1729 1477 disiunctiva
1758 1447 2014 1487 interrogatione

1160 1494 1278 1533 <nescio
1301 1499 1401 1527 utrum
1426 1516 1465 1519 —
1487 1498 1554 1539 un),
1578 1499 1634 1529 sed
1657 1508 1757 1539 quum
1779 1499 1881 1530 oratio
1910 1501 2013 1531 deela-

1161 1547 1263 1578 rative
1287 1554 1398 1589 coepta
1427 1551 1467 1580 sit
1497 1550 1551 1590 (ex
1578 1551 1706 1591 quodam
1737 1552 1883 1591 rumore),
1906 1553 2014 1583 subse-

1158 1605 1312 1640 quentem
1345 1602 1582 1634 dubitationem
1618 1604 1745 1634 adnecti
1782 1604 2014 1644 interrogando

1157 1653 1213 1691 (an
1236 1663 1274 1683 es
1291 1653 1339 1685 lit.
1358 1655 1406 1695 A).
1430 1655 1523 1695 Belg.
1547 1655 1659 1694 ofwrzs
1675 1656 1727 1685 het
1742 1655 1879 1686 welliclct
1895 1656 1941 1686 uic
1956 1666 2013 1687 een

1198 1756 1294 1797 Siyna
1317 1777 1358 1780 ——
1378 1769 1425 1789 ea.
1449 1759 1497 1790 De
1520 1760 1720 1790 abundantia
1742 1760 1945 1800 pronominis
1960 1761 2011 1792 de-

1155 1812 1370 1848 monstrativi,
1394 1812 1528 1842 nomine
1550 1812 1583 1842 in
1607 1813 1720 1842 eadem
1743 1812 1904 1843 sententia
1925 1822 2012 1853 prae-

1155 1875 1274 1905 greSSQ
1298 1866 1362 1896 vid.
1386 1866 1479 1896 Kritz
1504 1867 1543 1896 ad
1566 1865 1632 1896 Sal.
1657 1865 1725 1897 Cat.
1749 1865 1796 1902 37,
1820 1867 1848 1896 4.
1879 1866 2015 1897 Ellendt

1154 1919 1194 1949 ad
1218 1918 1305 1950 Orat.
1329 1919 1393 1948 vol.
1417 1919 1461 1949 II.
1485 1929 1514 1959 p.
1540 1919 1599 1948 198
1621 1927 1668 1958 sq.

1195 1971 1264 2002 Non
1288 1971 1429 2002 vidimus,
1455 1972 1666 2012 Pluygersius
1689 1972 1908 2003 necessarium
1922 1978 2010 2013 puta-

1155 2025 1208 2055 bat
1230 2024 1360 2055 nondum
1386 2025 1527 2061 vidimus,
1552 2030 1585 2055 ut
1608 2030 1655 2055 est
1679 2025 1711 2055 in
1737 2035 1784 2065 ep.
1808 2027 1837 2062 4,
1862 2027 1890 2056 3.

1195 2078 1213 2116 ξ
1236 2078 1263 2107 3.
1297 2076 1412 2117 Quibus
1435 2077 1473 2106 de
1494 2077 1731 2117 suspicionibus.
1769 2078 1910 2109 Possunt
1931 2079 2011 2110 haec

1152 2130 1197 2161 510
1229 2131 1402 2170 explicari,
1434 2135 1564 2170 propter
1593 2141 1672 2170 quas
1701 2132 1901 2171 suspiciones
1931 2143 1949 2162 a
1979 2138 2010 2163 te

1152 2185 1262 2214 animo
1277 2184 1317 2214 sit
1333 2184 1483 2214 alienato.
1500 2185 1608 2224 Magis
1623 2190 1731 2215 tamen
1748 2185 1861 2225 placet,
1873 2185 1905 2216 id
1921 2187 2008 2226 quod

1153 2239 1365 2279 Pluygersius
1387 2239 1556 2279 temptavit
1579 2238 1756 2277 (Mnemos.
1779 2239 1840 2270 XI.
1864 2250 1893 2280 p.
1917 2240 2008 2278 289„

1152 2292 1240 2323 cuins
1261 2292 1300 2322 cle
1322 2291 1546 2331 suspicionibus
1569 2292 1629 2321 elsi
1652 2292 1778 2322 audisse
1808 2295 1839 2323 le
1861 2293 2008 2324 arbitror.

1193 2347 1405 2378 Praesentem.
1429 2346 1594 2378 ‘Consulto
1630 2348 1769 2384 addidit;
1803 2358 1880 2378 nam
1909 2349 1936 2379 si
1972 2348 2005 2379 S.

1152 2406 1355 2441 praesentem
1383 2411 1449 2431 non
1487 2401 1591 2441 potuit
1627 2401 1661 2431 in
1699 2402 1837 2440 gratiam
1873 2402 2008 2432 Lucceii

1151 2452 1243 2493 (nam
1272 2454 1310 2484 de
1339 2454 1401 2483 1100
1429 2463 1613 2483 sermonem
1647 2463 1715 2483 esse
1739 2459 1870 2493 apparet
1892 2463 1934 2484 ex
1957 2463 2005 2493 ep.

1153 2508 1199 2543 ll,
1224 2508 1239 2536 1
1266 2512 1296 2537 et
1319 2508 1366 2543 14,
1391 2507 1408 2539 7
1431 2507 1462 2537 11.
1486 2507 1522 2545 1.)
1547 2507 1723 2543 restituere,
1749 2512 1871 2547 quanto
1896 2507 2005 2538 minus

1152 2560 1300 2591 Atticum
1323 2561 1500 2590 absentem.

1193 2613 1349 2644 Accusare
1371 2613 1409 2643 dc
1432 2616 1471 2643 le.
1503 2628 1515 2638 υ
1529 2614 1625 2652 Quod
1648 2620 1679 2645 te
1702 2624 1768 2644 non
1792 2614 2004 2645 restituissem

1131 2667 1183 2697 1111
1207 2666 1275 2697 eius
1298 2667 1444 2705 gratiam,
1469 2676 1506 2697 00
1530 2666 1655 2706 placato
1678 2667 1746 2696 tibi.
1791 2666 1934 2706 Respicit
1957 2676 2004 2703 ea,

1153 2730 1235 2760 quae
1259 2725 1432 2750 narrantur
1454 2730 1502 2760 ep.
1528 2721 1598 2750 11.”
1622 2721 1699 2750 Eril.

1192 2772 1293 2802 ,ileum
1317 2772 1452 2801 studium
1484 2782 1538 2802 nec
1568 2772 1624 2802 tilae:
1650 2772 1789 2811 abfuisse
1812 2772 1904 2803 Vidit
1926 2773 2004 2803 ΕΓΗ.

1149 2826 1210 2856 hoc
1234 2836 1300 2856 non
1316 2836 1408 2866 posse
1425 2828 1565 2866 pendere
1581 2827 1621 2856 ab
1637 2828 1782 2866 arpertus
1798 2829 1844 2856 esc
1868 2827 2004 2866 ideoque

1149 2879 1328 2919 suspicatur
1356 2880 1489 2919 aliquod
1519 2880 1655 2910 verbum
1686 2885 1719 2909 ut
1757 2879 1915 2909 insellari!
1952 2879 2005 2910 vel

1150 2934 1253 2964 eredat
1283 2935 1451 2971 excidisse,
1482 2940 1512 2965 et
1543 2935 1576 2965 in
1614 2935 1781 2974 praecedd.
1812 2936 1858 2963 est
1895 2934 2006 2965 abesse

1149 2988 1282 3019 mavult.
1328 2988 1387 3019 Cui
1412 2989 1455 3018 ita
1478 2989 1643 3024 assentior,
1667 2994 1702 3018 ut
1724 2993 1835 3028 putem
1867 2988 2006 3018 seriben-

1150 3105 1201 3126 me
1225 3104 1373 3125 accusare
1396 3096 1436 3125 de
1459 3100 1489 3125 te
1513 3094 1646 3130 solebat,
1671 3094 1703 3124 in
1727 3104 1760 3124 50
1790 3098 1942 3134 expertus
1973 3093 2006 3122 il-
