2117 3533
275 143 329 183 32

677 142 760 182 ΕΡ.
795 141 871 181 AD
904 141 950 181 T.
985 139 1335 181 POMPONIUM
1369 138 1634 182 ATTICUM.

272 275 508 330 dignitatem
543 275 716 329 aliquam
749 274 966 329 pervenire.
1007 272 1211 332 Τεῦκρις
1243 274 1312 316 illa
1345 275 1500 316 lentum
1534 276 1741 330 negotium
1774 280 1847 326 est,
1882 276 1950 317 sed
1975 281 2033 318 ta-

272 364 364 388 men
398 353 458 388 est
489 348 531 388 in
566 362 648 402 spe.
683 347 744 387 Tu
776 347 853 388 ista
887 347 1049 387 confice.
1095 348 1131 386 A
1164 346 1280 388 nobis
1320 347 1545 389 liberiorem
1586 348 1793 402 epistolam
1835 353 2032 404 exspecta.

272 421 333 461 VI
366 419 539 461 Kalend.
573 418 690 459 Febr.
726 419 785 459 M.
821 417 1007 468 Messala,
1043 418 1102 458 M.
1138 418 1283 460 Pisone
1318 435 1420 461 coss.

864 589 986 631 XIV.

1053 590 1114 642 (A.
1155 589 1198 629 U.
1238 590 1278 630 C.
1317 590 1435 643 693.)

336 720 375 759 l.
420 718 568 759 Vereor
607 732 656 758 ne
700 715 887 771 putidum
929 715 980 756 sit
1024 714 1194 756 scribere
1229 714 1279 755 ad
1322 719 1376 765 te,
1422 729 1541 769 quam
1587 716 1661 756 sim
1699 720 1932 770 occupatus,
1967 713 2036 756 sed

272 798 406 833 tamen
439 789 673 841 distinebar,
708 793 754 830 ut
786 788 880 829 huic
914 788 981 829 vix
1013 788 1193 829 tantulae
1235 787 1424 843 epistolae
1469 793 1626 844 tempus
1669 788 1878 830 habuerim
1919 793 2036 842 atque

271 866 313 906 id
346 869 525 920 ereptum
560 879 579 904 e
613 862 777 904 summis
811 860 1155 916 occupationibus.

1190 861 1325 901 Prima
1359 862 1492 902 contio
1526 862 1705 917 Pompeii
1743 861 1870 916 qualis
1898 861 2038 902 fuisset

246 938 413 993 5scripsi
457 936 505 977 ad
546 945 585 977 te
628 941 757 986 antea,
799 950 880 976 11011
923 934 1101 975 iucunda
1144 934 1314 984 miseris,
1359 935 1490 976 inanis
1534 934 1740 990 improbis,
1785 933 1912 974 beatis
1955 948 2037 975 11011

274 1016 399 1065 grata,
434 1008 549 1049 bouis
582 1024 664 1049 11011
696 1008 850 1062 gravis,
885 1007 1020 1061 itaque
1055 1005 1239 1060 frigebat.
1299 1007 1402 1047 Tum
1445 1007 1604 1048 Pisonis
1645 1007 1819 1048 consulis
1861 1007 2038 1062 impulsu

274 1082 497 1123 levissimus
530 1081 717 1122 tribunus
751 1081 805 1136 pl.
839 1080 977 1121 Fufius
1009 1079 1053 1120 in
1086 1080 1313 1121 contionem
1342 1080 1532 1135 produxit
1554 1080 1804 1135 Pompeium.
1839 1081 1917 1122 Res
1948 1095 2036 1135 age-

278 1155 395 1196 batur
438 1155 481 1195 in
524 1155 628 1195 circo
674 1154 871 1195 Flaminio
915 1157 953 1193 et
998 1158 1082 1193 erat
1123 1152 1166 1193 in
1210 1168 1255 1194 eo
1298 1153 1385 1208 ipso
1427 1153 1514 1195 loco
1557 1154 1625 1195 illo
1668 1153 1731 1194 die
1764 1152 2038 1193 nundinarum

276 1227 565 1287 πανήγυρις.
622 1227 831 1279 Quaesivit
863 1241 911 1266 ex
944 1241 1003 1276 eo,
1038 1225 1262 1281 placeretne
1296 1226 1333 1266 ei
1364 1226 1518 1268 iudices
1551 1243 1573 1268 a
1605 1232 1784 1282 praetore
1822 1225 1916 1280 legi,
1959 1240 2037 1280 quo

318 1419 335 1458 ξ
359 1419 387 1448 1.
411 1417 570 1448 Putidum.
594 1417 802 1447 Vocabulum
824 1416 952 1456 proprie
961 1415 1081 1446 dicitur
1092 1414 1132 1444 de

275 1472 324 1508 iis,
347 1481 429 1511 quae
453 1471 545 1511 gravi
567 1470 690 1500 foetore
712 1469 850 1500 molesta
872 1473 947 1499 sunt
971 1473 1001 1498 et
1031 1472 1132 1497 trans—

275 1525 338 1554 late
354 1525 392 1554 de
409 1524 457 1560 iis,
474 1533 556 1563 quae
572 1523 673 1552 nimia
698 1521 872 1561 diligentia
886 1525 1030 1561 peccant.
1056 1519 1132 1549 Vid.
1155 1546 1156 1557 ἶ

1155 1559 1157 1603 l
1177 1570 1220 1610 pl.
1243 1571 1391 1610 producti
1413 1572 1572 1609 dicuntur,
1597 1573 1661 1602 vid.
1685 1572 1802 1602 Matth.
1827 1573 1867 1602 ad
1885 1571 1966 1602 Sest.
1983 1572 2032 1601 33.

275 1579 400 1608 Manut.
424 1578 464 1608 ad
487 1577 553 1608 Cic.
583 1576 675 1606 Fam.
701 1576 779 1606 VII.
803 1577 819 1605 5
845 1580 927 1605 extr.
962 1573 1132 1613 Zumptius

275 1631 315 1660 ad
337 1630 363 1660 I.
387 1629 449 1661 Off.
473 1640 499 1660 e.
523 1628 561 1661 37
584 1633 670 1659 10010
693 1629 843 1658 observat
866 1627 911 1657 sic
941 1626 1005 1656 dici
1035 1625 1132 1666 quod-

274 1692 401 1723 cunque
424 1681 637 1713 affectationis
660 1681 802 1721 speeiem
823 1680 950 1716 habeat,
968 1679 1055 1720 quod
1073 1688 1132 1708 nos

274 1737 412 1767 dicimus
428 1736 560 1776 pedcmt.

315 1790 377 1821 Sed
397 1793 499 1821 tamen
521 1790 705 1826 distinebar,
729 1792 771 1820 ecl.
796 1788 874 1820 Cod.
893 1788 1132 1819 Ambrosianus

274 1845 375 1874 tamen
400 1844 456 1880 ita,
480 1849 514 1873 ut
538 1843 658 1883 legitur
680 1843 713 1872 111
737 1842 908 1873 nonnullis
933 1841 1022 1872 editt.
1052 1840 1132 1870 anti-

273 1897 355 1937 quis.
380 1896 522 1928 Orellius
544 1895 736 1936 particulam
758 1894 864 1934 potius
887 1898 961 1924 ante
984 1903 1014 1923 v.
1030 1895 1132 1922 tamen
1154 1919 1155 1923 ,

274 1950 433 1981 excidisse
456 1949 644 1989 suspicatur,
668 1948 755 1988 quod
768 1947 879 1987 probo.
902 1946 1030 1976 Abesse
1046 1950 1131 1976 certe

275 2014 340 2035 non
364 2008 477 2045 potest.
506 2003 546 2033 In
570 2012 657 2042 seqq.
681 2001 788 2033 verbis
812 2001 864 2030 1111·
887 2010 953 2030 11011
977 2009 1035 2030 suo
1058 1999 1131 2029 loco

274 2058 415 2098 positum
437 2062 494 2088 est.
519 2056 588 2087 Scr.
612 2058 645 2085 ul
668 2055 721 2085 via·
743 2054 828 2090 huie,
848 2054 901 2084 vel
924 2058 959 2084 ut
981 2053 1064 2083 illud
1079 2053 1130 2082 ad-

274 2114 421 2144 verbium
444 2112 601 2143 maiorem
624 2111 692 2142 vim
714 2111 832 2140 habeat
855 2108 907 2138 via*
930 2110 964 2138 uc
981 2108 1054 2138 hnic
1069 2112 1128 2137 cet.
1152 2121 1154 2131 v

273 2166 327 2197 Sic
351 2166 433 2197 solet
457 2165 575 2196 Caesar
599 2164 678 2204 (vid.
708 2162 927 2194 Schueiderus
957 2161 998 2191 ad
1028 2161 1066 2191 B.
1090 2159 1128 2191 G.

272 2222 298 2251 I.
322 2220 349 2257 6,
375 2221 406 2259 1)-
431 2220 582 2259 idemque
602 2217 714 2248 inveni
738 2217 770 2246 in
795 2216 861 2247 Cic.
886 2216 977 2246 Brut.
1003 2214 1060 2246 173
1077 2214 1130 2255 qm‘
1151 2249 1153 2258 .

272 2276 393 2304 tantum
415 2272 497 2303 absit
520 2282 540 2301 a
556 2271 668 2311 primo,
692 2270 745 2299 via·
769 2270 800 2299 ut
832 2269 863 2299 in
894 2268 995 2298 eodem
1028 2267 1127 2297 enrri-

271 2327 339 2357 cula
362 2337 427 2357 esse
449 2325 603 2356 videatur.

313 2379 468 2418 Ereplmn.
505 2377 621 2408 Lamb.
658 2376 826 2415 dereptum,
856 2384 981 2414 negans
1005 2374 1129 2414 eripere

272 2431 347 2462 huic
370 2431 442 2461 loco
465 2429 651 2460 convenire.
685 2429 793 2458 Immo
815 2427 899 2457 1111111
923 2427 1027 2467 aptius
1051 2433 1107 2457 est.

314 2484 430 2525 Scripsi
459 2483 502 2514 ad
530 2486 560 2514 le
589 2484 694 2513 antea.
724 2482 875 2512 Fortasse
905 2481 939 2511 111
976 2480 1128 2511 liberiore

274 2539 330 2569 illa
354 2537 498 2578 epistola,
523 2546 621 2576 quam
644 2536 677 2566 in
701 2540 848 2566 extrema
870 2543 918 2574 ep.
936 2542 1041 2574 praee.
1058 2543 1128 2574 pro-

273 2592 372 2622 mittit
395 2596 425 2622 et
449 2600 546 2631 quam
569 2589 699 2620 Atticus
715 2588 816 2628 ipsius
829 2592 946 2627 rogatu
961 2586 1129 2617 discidisse

273 2647 409 2683 videtur,
432 2655 473 2675 ne
497 2645 530 2675 in
554 2644 677 2674 alienas
700 2653 815 2673 manus
838 2642 1016 2673 deveniret.

313 2699 436 2730 Remis.
466 2698 513 2728 Hi
536 2702 746 2738 opponuntur
768 2695 899 2726 miseris.
929 2696 988 2726 Est
1011 2696 1045 2726 in
1067 2695 1129 2725 hoc

274 2752 406 2782 nomine
429 2751 568 2781 divitum
590 2750 699 2789 aliqua
722 2749 855 2785 invidia,
884 2752 919 2778 ut
948 2753 1034 2778 recte
1063 2757 1129 2777 mo-

272 2810 327 2836 net
350 2805 485 2836 Beierus
508 2805 548 2834 ad
570 2814 615 2834 or.
638 2813 668 2843 p.
692 2802 790 2839 Tull„
814 2802 862 2832 19.

313 2857 470 2896 Psiqebal.
493 2856 641 2887 Verbum
662 2854 830 2895 proprimn
852 2854 891 2884 de
914 2857 1049 2889 oratore,
1073 2851 1129 2892 qui

273 2912 435 2942 auditores
457 2920 578 2950 magna
601 2912 824 2949 exspectantes
855 2907 1008 2943 destituit,
1039 2906 1129 2936 cuius

273 2965 419 2995 oratione
441 2963 592 2993 homines
623 2972 689 2992 non
720 2960 931 2991 delectantur.
976 2958 1052 2989 Pari
1082 2967 1128 2988 13-

273 3018 362 3048 110110
384 3017 423 3047 (10
445 3015 580 3046 tibicine
603 3014 735 3056 ponitur
757 3013 790 3044 in
815 3013 927 3049 Bruto,
952 3011 1020 3043 187.

316 3071 356 3102 In
379 3071 554 3102 concionem
571 3069 734 3110 prodaris.
778 3067 913 3099 Nemini
936 3067 986 3098 ius
1009 3065 1129 3106 agendi

273 3137 348 3158 cum
376 3127 496 3167 populo
525 3130 602 3161 crat,
634 3125 696 3155 nisi
734 3128 898 3154 annuente
927 3121 1128 3162 magistratu,

1180 1414 1236 1453 qui
1271 1414 1465 1444 concionem
1502 1415 1651 1451 habebat,
1689 1414 1745 1454 qui
1783 1424 1857 1445 eum
1878 1413 2036 1454 producit.

1179 1466 1340 1506 Exempla
1364 1467 1499 1507 collegit
1521 1467 1655 1498 Ellendt
1678 1468 1718 1498 ad
1741 1467 1832 1498 Brut.
1857 1466 1926 1499 217.
1970 1466 2037 1507 Ipsi

1177 1519 1326 1549 consules
1349 1528 1444 1559 saepe
1468 1519 1501 1549 in
1531 1519 1670 1550 comitiis
1700 1520 1829 1550 tributis
1859 1529 1877 1549 a
1905 1519 2038 1549 tribuno

1179 1622 1244 1653 Sed
1266 1624 1456 1664 indignatur
1479 1624 1602 1662 Cicero,
1628 1626 1715 1665 quod
1738 1625 1914 1665 Pompeius
1944 1634 1962 1654 a
1991 1624 2035 1654 le-

1178 1676 1301 1707 vissimo
1322 1678 1456 1708 homine
1479 1678 1613 1718 produci
1635 1688 1669 1709 se
1692 1688 1804 1718 passus
1827 1683 1903 1709 erat.

1219 1730 1280 1761 Res
1303 1731 1452 1771 ayebatw·
1480 1750 1521 1754 ——
1544 1733 1747 1777 πανήγυρις.
1793 1731 1892 1763 Recte
1927 1736 2040 1762 monet

1178 1790 1388 1822 Casaubonus
1410 1792 1495 1822 hanc
1519 1792 1582 1822 loci
1606 1796 1637 1822 et
1659 1791 1815 1831 temporis
1833 1790 2037 1820 notationem

1178 1856 1244 1876 non
1267 1855 1335 1877 esse
1358 1846 1506 1876 otiosam.
1545 1844 1669 1876 Concio
1691 1845 1801 1875 habita
1825 1849 1871 1874 est
1895 1843 1927 1873 in
1952 1843 2036 1874 circo

1177 1897 1333 1928 Flaminio
1356 1903 1448 1929 extra
1470 1903 1597 1939 portam
1627 1897 1869 1928 Carmentalem
1899 1896 2036 1936 (Ascon.

1177 1961 1206 1991 p.
1230 1951 1267 1981 91
1293 1949 1373 1991 Oia),
1396 1951 1472 1991 quia
1496 1950 1671 1991 Pompeius
1689 1949 1891 1990 triumphum
1906 1957 2036 1989 exspec-

1176 2011 1248 2035 tans
1271 2005 1311 2035 ad
1332 2005 1448 2035 urbem
1471 2009 1547 2035 erat.
1592 2004 1715 2034 Habita
1738 2008 1846 2034 autem
1876 2001 2035 2039 nundinis,

1177 2068 1241 2098 quo
1263 2057 1367 2088 maior
1389 2062 1471 2088 esset
1494 2057 1607 2097 populi
1630 2056 1822 2096 frequentia.
1846 2056 1934 2086 Nam
1949 2055 2037 2095 quod

1177 2112 1386 2143 Casaubonus
1409 2116 1508 2152 putat,
1532 2111 1617 2141 Fufii
1641 2111 1809 2142 levitatem
1831 2110 1865 2140 in
1889 2119 1927 2140 eo
1957 2118 2035 2149 quo-

1175 2175 1237 2206 que
1267 2166 1365 2203 cerni,
1395 2166 1481 2206 quod
1510 2165 1733 2195 nundinarum
1760 2164 1812 2194 die
1841 2163 2036 2194 concionem

1175 2229 1291 2259 cogere
1313 2229 1408 2249 ausus
1431 2219 1481 2256 sit,
1504 2222 1649 2259 tempora
1672 2228 1740 2248 non
1756 2217 1833 2247 satis
1848 2215 2030 2256 distinguit.

1152 2272 1265 2309 ¹Olim
1293 2273 1461 2303 nundinae
1490 2271 1622 2303 fuerunt
1650 2271 1719 2302 dies
1756 2270 1882 2307 nefasti,
1917 2269 2033 2300 Festus

1175 2337 1205 2367 p.
1230 2326 1298 2363 173,
1328 2326 1390 2356 Iul.
1421 2324 1540 2356 Caesar
1568 2325 1652 2365 apud
1674 2324 1819 2355 Macrob.
1843 2322 1909 2354 Sat.
1932 2322 1959 2352 Ι.
1983 2322 2032 2358 16,

1174 2379 1224 2417 29,
1253 2380 1309 2410 sed
1339 2389 1439 2419 quum
1468 2378 1541 2418 lege
1570 2377 1747 2408 Hortensia
1777 2387 1804 2407 a.
1827 2385 1858 2406 u.
1884 2375 1946 2406 466
1968 2375 2034 2406 lata

1174 2433 1243 2463 dies
1266 2432 1339 2463 fasti
1367 2431 1443 2462 facti
1472 2431 1602 2468 fuerint,
1634 2440 1731 2461 nemo
1761 2430 1826 2460 iam
1855 2428 2032 2465 dubitabat,

1175 2487 1254 2527 quin
1284 2490 1369 2517 recte
1398 2485 1464 2515 illis
1494 2490 1524 2515 et
1559 2485 1673 2515 concio
1711 2483 1862 2514 advocari
1892 2482 2032 2523 potuerit

1175 2545 1206 2571 et
1228 2539 1361 2570 comitia
1381 2538 1505 2569 haberi.
1550 2537 1598 2569 Cf.
1621 2537 1780 2575 Niebuhr,
1803 2536 1848 2567 H.
1869 2536 1909 2567 R.
1931 2536 1976 2567 Π.
1999 2546 2030 2577 p.

1175 2593 1235 2623 242
1256 2601 1345 2632 seqq.

1216 2645 1342 2676 Iudices
1364 2656 1382 2675 a
1400 2646 1550 2685 praetore
1572 2643 1634 2684 leqi
1664 2647 1724 2673 cet.
1763 2641 1876 2681 Vulgo
1904 2645 2031 2682 praetor

1175 2707 1191 2729 e
1215 2698 1375 2728 iudicibus
1397 2697 1525 2728 selectis
1548 2696 1742 2727 sortiebatur
1771 2699 1894 2725 certum
1918 2703 2029 2725 nume-

1174 2760 1247 2780 rum
1269 2751 1309 2780 ad
1331 2750 1460 2790 singula
1483 2749 1617 2781 iudicia:
1642 2748 1699 2778 sed
1721 2748 1754 2777 in
1777 2747 1881 2777 causis
1904 2747 2029 2787 gravio-

1174 2804 1271 2840 ribus,
1296 2804 1426 2844 quando
1448 2803 1659 2834 metuendum
1682 2805 1758 2837 erat,
1781 2810 1823 2831 ne
1845 2809 1918 2831 reus
1945 2799 2028 2831 iudi—

1174 2867 1226 2888 ces
1255 2862 1484 2897 corrumperet,
1514 2860 1641 2897 praetor
1667 2855 1797 2895 legebat
1825 2853 1946 2884 iudices
1974 2854 2028 2884 fie-

1175 2909 1293 2949 batque
1315 2909 1471 2940 iudicium
1494 2913 1587 2939 extra
1608 2907 1766 2937 ordinem.
1810 2905 1927 2937 Simile
1949 2905 2028 2946 quid

1174 2961 1294 2992 factum
1316 2968 1363 2993 est
1385 2962 1418 2992 in
1441 2961 1562 2992 iudicio
1583 2959 1729 2995 Milonis,
1758 2958 1815 2988 ubi
1835 2958 1897 2988 hoc
1919 2957 2028 2997 singu-

1172 3017 1239 3048 lare
1262 3017 1394 3054 accedit,
1422 3017 1508 3056 quod
1530 3015 1651 3046 iudices
1674 3023 1692 3044 3
1714 3012 1872 3053 Pompeio
1893 3012 2027 3044 consule

1171 3069 1238 3100 dati
1260 3074 1346 3100 sunt.
1369 3079 1399 3110 p.
1422 3069 1495 3100 Mil.
1518 3068 1567 3099 21.
1599 3066 1706 3098 Aliud
1727 3064 1916 3106 exemplum
1938 3064 2027 3104 quod

1173 3120 1264 3152 affert
1287 3121 1481 3152 Tunstallus
1510 3131 1539 3161 p.
1563 3120 1602 3150 29
1625 3128 1667 3150 ex
1688 3118 1770 3159 Epp.
1794 3118 1834 3149 ad
1855 3116 1896 3156 Q.
1919 3116 1957 3147 fr.
1980 3116 2025 3148 Π.
