2117 3533
255 139 341 179 144
652 139 735 179 ΕΡ.
772 139 846 178 AD
879 139 925 178 T.
960 137 1310 179 POMPONIUM
1342 138 1606 179 ATTICUM.

252 287 361 326 spem
394 272 548 312 faciunt
580 270 679 310 mihi
712 271 905 311 minorem
914 290 926 322 3
971 286 1071 325 quae
1105 286 1229 325 quum
1241 304 1321 312 .....
1354 271 1479 312 lectae
1520 276 1628 321 sunt,
1672 276 1759 312 tuin
1798 272 1855 322 id,
1901 272 2007 326 quod

252 345 474 385 attulerunt
507 343 555 383 ad
590 357 712 397 spem,
747 343 964 393 infirmant,
1011 348 1057 383 ut
1089 342 1203 383 facile
1237 349 1425 398 appareat
1463 348 1502 383 te
1547 348 1586 384 et
1626 344 1888 385 consolationi
1930 359 2007 385 ser-

253 417 333 456 vire
367 422 407 456 et
438 414 609 456 veritati,
652 414 794 468 Itaque
826 420 866 455 te
899 430 994 469 rogo
1027 415 1158 469 plane,
1204 420 1250 456 ut
1290 415 1339 456 ad
1383 430 1459 465 me,
1505 430 1605 470 quae
1652 416 1741 467 scis,
1786 421 1833 458 nt
1876 424 2006 466 erunt,

253 503 352 542 quae
386 487 561 542 putabis,
598 488 657 540 (ut
690 485 864 541 putabis)
898 486 953 527 ita
989 486 1148 528 scribas.
1183 486 1274 528 Dat.
1308 501 1386 528 XII.
1420 487 1508 528 Kal.
1543 488 1647 542 Sept.

298 649 310 677 l
336 648 492 687 minorem,
515 650 607 690 quod,
633 659 697 679 cum
721 648 827 678 laetae
849 650 921 678 sunt
945 667 985 670 ——
1006 650 1027 678 4
1048 659 1128 689 qaae
1144 650 1281 689 putabis,
1303 650 1349 680 ita
1373 650 1501 687 scribas,
1525 652 1558 680 at
1575 649 1712 690 putabis
1735 667 1774 670 —

253 793 324 822 339.
345 791 444 822 Aliud
464 793 586 833 aliquid
607 802 697 824 mero
719 794 832 824 deberi
854 794 979 824 librarii
995 794 1106 831 errori,

252 847 344 876 cuius
367 846 454 876 oculi
477 847 517 876 ad
539 856 605 886 seq.
630 856 760 877 versum
783 848 1022 884 aberraverant,
1051 847 1110 878 vix

252 900 389 930 dubium
419 900 479 930 erit
507 901 703 941 inspectanti
733 902 804 931 cod.
840 901 983 931 Medicei
1012 901 1108 941 scrip-

253 961 369 984 turam.
405 954 502 992 Quod
538 955 613 985 dedi
642 955 708 985 iam
739 955 861 995 placuit
892 955 1015 985 Ursino
1039 961 1069 986 et
1093 964 1109 985 e

253 1007 380 1037 duobus
417 1007 510 1037 libris
551 1005 660 1038 Oxou.
700 1013 839 1037 notatur.
886 1007 965 1038 Vidi
997 1014 1109 1048 postea

252 1059 529 1099 Wesenbergium
550 1060 690 1091 Emend.
714 1071 743 1100 p.
768 1061 826 1090 115
851 1061 958 1092 simile
988 1062 1028 1092 de
1056 1061 1108 1091 his

251 1113 360 1144 verbis
382 1113 541 1143 iudiciuin
564 1114 685 1144 tulisse.

296 1164 382 1205 Quae
404 1176 491 1206 quum
515 1165 617 1195 lectae
638 1168 721 1202 sunt,
745 1172 804 1196 cet.
828 1166 927 1197 Recte
949 1166 1108 1197 Ernestus

251 1218 345 1254 dixit,
368 1218 456 1248 1111110
479 1219 589 1248 10011111
611 1219 730 1249 habere
760 1219 887 1259 aliquid
916 1220 1108 1260 ambiguita-

251 1275 301 1305 tis.
340 1275 482 1315 Aliquid
518 1275 678 1306 excidisse
711 1276 867 1315 suspicor,
897 1286 927 1306 v.
957 1286 984 1306 c.
1022 1275 1108 1316 Qeeae

251 1338 338 1367 qaum
361 1328 516 1366 leyuntm,
539 1338 619 1367 spem
634 1327 783 1367 facian&
805 1339 893 1369 quum
910 1328 1011 1358 leetae
1025 1331 1107 1365 sunl,

843 1435 884 1474 X
893 1434 980 1475 VJ]
1053 1436 1113 1487 (A.

321 1550 338 1588 1
392 1549 450 1589 De
485 1548 639 1599 Quinto
672 1548 791 1588 fratre
825 1548 960 1588 nuntii
1000 1548 1134 1588 tristes

255 1622 379 1662 diem.
393 1655 400 1662 .
414 1656 421 1662 .

255 1695 300 1735 L.
335 1695 479 1749 Reguli
512 1693 694 1743 libertus,
731 1693 779 1734 ad
813 1708 875 1733 me
909 1709 929 1734 a
965 1693 1119 1747 Regulo
1152 1693 1296 1733 missus
1329 1692 1439 1733 venit

254 1768 405 1808 nullam
439 1767 584 1808 factam
619 1781 703 1807 esse
737 1766 961 1817 nuntiavit-3

256 1839 358 1890 filio3
400 1841 512 1894 isque
544 1840 645 1881 mihi
678 1840 702 1883 †
737 1855 801 1894 qm
835 1840 954 1880 fratre
996 1840 1132 1880 literas

1153 798 1216 825 tum
1244 795 1280 825 id
1309 813 1351 818 —
1377 796 1548 836 infirmant.
1593 796 1710 835 Itaque
1743 795 1880 826 lacunae
1915 796 2011 836 signa

1154 848 1257 887 posui,
1281 853 1316 877 ut
1338 847 1415 878 fecit
1444 848 1607 879 Klotzius.
1643 848 1857 879 Thierschius
1886 848 1943 887 qui
1976 849 2008 878 in

1156 901 1274 937 verbis,
1299 910 1382 941 quae
1405 911 1492 931 nunc
1516 901 1679 940 leguntur,
1702 901 1764 931 hoc
1787 900 1875 931 idem
1904 901 2011 932 inesse

1155 955 1285 991 iudicat,
1309 960 1383 995 apte
1405 955 1605 995 comparavit
1628 955 1728 986 verba
1751 955 1850 985 Tusc.
1871 954 1962 995 Disp.
1983 955 2010 985 1.

1155 1008 1195 1037 24
1216 1006 1287 1037 dum
1309 1008 1386 1047 Zeyo,
1410 1007 1578 1044 assentior,
1601 1018 1690 1048 quum
1706 1007 1801 1047 posui
1823 1007 1945 1044 librum,
1962 1016 2012 1037 as-

1153 1059 1256 1089 sensio
1278 1059 1374 1089 omnis
1397 1059 1457 1089 illa
1472 1059 1618 1090 elabitur.
1640 1059 1787 1090 Kochius
1801 1069 1868 1090 non
1884 1059 2013 1090 videtur

1154 1113 1264 1144 locum
1286 1123 1417 1144 sanasse
1439 1118 1572 1144 mutans
1595 1124 1624 1143 v.
1648 1114 1749 1144 lectae
1771 1113 1805 1143 in
1828 1113 1928 1153 longe
1951 1113 2013 1143 dis-

1155 1169 1263 1199 simile
1285 1168 1466 1209 lanquidae.
1497 1168 1601 1199 Paulo
1631 1174 1704 1209 post
1733 1168 1833 1199 verba
1861 1170 1894 1197 ut
1918 1171 2012 1208 puta-

1155 1222 1201 1252 bis·
1222 1222 1256 1252 in
1280 1222 1350 1252 cod.
1374 1222 1463 1252 Med.
1486 1222 1615 1259 omissa,
1639 1222 1746 1262 potius
1769 1226 1841 1262 post
1856 1232 1936 1262 quae
1954 1232 2013 1262 ym-

1156 1274 1247 1311 tabis,
1271 1284 1369 1314 quam
1387 1279 1459 1315 post
1474 1274 1594 1304 scribas
1609 1275 1759 1315 ponenda
1776 1283 1845 1305 esse
1860 1274 2013 1305 Klotzius

1157 1327 1247 1363 vidit,
1271 1337 1368 1367 quem
1391 1333 1520 1358 secutus
1543 1337 1624 1358 suin.

1155 1434 1195 1474 t]
1234 1434 1271 1473 C.
1307 1435 1422 1486 696.)

1178 1545 1292 1587 nobis
1336 1561 1408 1587 nec
1454 1546 1551 1586 varii
1595 1550 1787 1586 venerant
1829 1561 1878 1586 ex
1921 1552 2012 1586 ante

466 1622 573 1662 Non.
609 1622 698 1662 Iun.
733 1636 856 1675 usque
892 1621 941 1661 ad
974 1621 1075 1676 prid.
1121 1620 1211 1660 Kal
1261 1621 1367 1674 Sept.
1408 1620 1468 1659 Eo
1511 1624 1645 1660 autem
1686 1618 1749 1659 die
1792 1618 2013 1669 Livineius,

1507 1693 1547 1733 Is
1577 1692 1738 1733 omnino
1772 1691 2010 1732 mentionem

1013 1765 1082 1806 sed
1116 1765 1238 1806 fuisse
1279 1770 1413 1806 tamen
1455 1779 1674 1805 sermonem
1719 1764 1766 1805 de
1808 1764 1851 1804 C.
1884 1763 2014 1805 Clodii

1177 1838 1315 1879 attulit
1380 1838 1457 1879 Sed
1502 1837 1693 1892 postridie
1739 1837 1858 1878 Sestii
1901 1838 2014 1891 pueri

257 1918 464 1962 venerunt,
499 1913 568 1967 qui
602 1928 623 1952 a
656 1919 695 1952 te
728 1912 863 1951 literas
897 1912 1119 1952 attulerunt
1152 1926 1230 1951 11011
1264 1917 1346 1951 tam
1380 1909 1603 1963 exploratas
1637 1926 1655 1950 a
1698 1910 1854 1959 timore,
1896 1925 2013 1963 quain

297 2066 315 2095 2
338 2068 354 2101 †
376 2076 415 2096 ea·
436 2068 511 2096 ante
534 2065 613 2097 diem
637 2066 717 2097 Non.
741 2085 781 2089 —
804 2067 822 2096 6
841 2069 857 2096 ἦ·
879 2067 965 2106 isque
987 2066 1061 2097 mihi
1083 2069 1144 2097 lum
1166 2076 1185 2095 a
1203 2066 1314 2105 fratre
1338 2084 1374 2088 ——-

298 2215 316 2253 ξ
340 2216 367 2245 1.
390 2214 455 2245 Nec
477 2215 558 2245 varii
581 2225 614 2245 o:
640 2226 706 2246 11011
730 2215 813 2246 alius
837 2214 928 2245 aliud
956 2214 1109 2245 nuntian-

257 2274 312 2304 tes,
336 2268 392 2297 sed
415 2277 527 2298 omnes
550 2269 589 2298 de
613 2268 721 2299 futuro
744 2268 863 2306 Quinti
889 2267 1010 2298 iudicio
1038 2277 1111 2297 0011-
1134 2292 1135 2307 ,

256 2321 443 2351 sentientes.
1134 2335 1136 2366 g

297 2375 345 2405 Et
366 2378 442 2406 ante
464 2376 598 2406 diem...
622 2376 701 2406 Non.
728 2376 796 2406 Im).
822 2376 887 2406 Pro
910 2375 987 2416 ipsis
1007 2375 1113 2405 Nonis
1134 2371 1136 2405 ,¹

256 2431 320 2460 dici
344 2441 410 2461 non
434 2431 549 2471 potuit.
584 2431 718 2461 Excidit
752 2440 917 2466 numerus,
949 2439 991 2460 ex
1014 2434 1113 2469 quoto

256 2483 308 2513 die
332 2488 405 2514 ante
428 2484 542 2514 Nonas
563 2483 598 2513 hi
622 2483 732 2513 nuntii
750 2483 901 2513 venerint
916 2488 947 2513 et
962 2482 1111 2522 prohabi—

256 2537 296 2567 lis
319 2543 365 2567 est
388 2537 513 2568 Handii
536 2538 686 2578 suspicio,
713 2538 844 2567 laudata
868 2537 908 2567 ab
931 2535 1056 2567 Orellio
1080 2541 1111 2566 et

256 2589 413 2620 IVesenb.
427 2590 604 2630 Emendp.
614 2590 673 2622 107
687 2590 847 2620 excidisse
856 2589 921 2626 ΙΙΙ,
936 2589 989 2619 vel
1000 2588 1113 2618 Thier-

255 2641 345 2677 schii,
361 2641 479 2681 quiIV
494 2642 650 2672 omissum
658 2648 759 2682 putat,
776 2652 880 2682 quum
894 2642 973 2672 haec
987 2640 1009 2669 I
1012 2640 1040 2670 V
1043 2640 1113 2671 Non

254 2704 312 2734 pro
335 2694 507 2726 iteratione
528 2695 672 2726 nominis
695 2695 790 2725 IVN.
813 2695 1023 2726 haberentur.

298 2748 464 2779 Livineius.
487 2748 567 2779 Sine
589 2749 688 2779 dubio
711 2754 758 2779 est
779 2749 818 2779 L.
833 2748 1006 2779 Livineius
1031 2748 1111 2787 Try-

255 2803 329 2842 pho,
353 2812 451 2842 quem
472 2802 565 2832 Fam.
589 2802 688 2832 XIII.
713 2802 760 2832 60.
786 2801 822 2832 C.
852 2802 1004 2833 Munatio
1027 2811 1111 2831 00111-

256 2857 397 2886 mendat.
420 2855 557 2886 Patroni
580 2865 779 2895 praenomen
804 2865 846 2885 ex
870 2855 928 2885 illo
951 2855 1024 2885 loco
1041 2855 1110 2885 Ma-

258 2909 368 2939 nutius
391 2908 543 2938 correxit.
566 2908 654 2938 Med.
677 2907 708 2937 h.
732 2908 754 2937 l.
777 2913 871 2938 vocat
895 2906 936 2937 JI.
952 2907 1112 2947 Reyvlum.

303 2961 488 2992 Menlioreem
513 2961 632 2991 nullam
646 2961 772 3000 faciam
796 2970 870 2991 esse.
894 2960 1050 2991 Forinula
1066 2959 1111 2990 fo-

259 3015 372 3052 rensis,
396 3024 480 3055 quae
502 3022 678 3055 usurpatur
699 3015 739 3045 (10
762 3014 896 3044 1101111110
922 3014 1007 3054 apud
1026 3022 1113 3054 prae-

261 3074 363 3099 torem
388 3068 576 3100 deferendo.
600 3068 650 3099 Cf.
673 3078 702 3108 p⁴
726 3067 842 3105 Quint.
866 3067 916 3099 37.

302 3120 350 3150 De
375 3120 403 3150 Γ.
430 3119 625 3160 (Vadis-filio.
665 3120 792 3159 Appius
816 3120 852 3150 P.
876 3118 984 3150 Clodii
1007 3118 1114 3149 fratris
1137 3124 1138 3131 ¹

1158 2213 1245 2245 filius
1281 2215 1452 2246 dicebatur
1491 2214 1531 2252 Q.
1567 2214 1759 2246 Ciceronem
1796 2219 2016 2244 accusaturus.

1160 2269 1254 2299 Idem
1276 2273 1386 2308 postea
1409 2278 1485 2298 cum
1507 2267 1605 2298 fratre
1620 2268 1763 2308 primum
1776 2267 1935 2297 familiam
1952 2267 2015 2297 Mi-

1160 2320 1254 2357 lonis,
1277 2320 1395 2350 deinde
1419 2320 1526 2360 ipsum
1550 2320 1712 2350 Milonem
1734 2320 1774 2350 de
1796 2320 1904 2355 caede,
1920 2319 2013 2349 item-

1159 2382 1221 2413 que
1252 2373 1291 2403 de
1324 2373 1449 2403 ambitu
1478 2373 1665 2412 postulavit,
1694 2377 1774 2403 teste
1803 2371 1951 2402 Asconio
1981 2371 2014 2401 in

1160 2436 1285 2465 argum.
1309 2425 1523 2456 Milonianae.

1203 2477 1294 2518 Isque
1317 2477 1391 2507 milei
1413 2479 1430 2514 †
1451 2488 1496 2518 qm
1517 2477 1630 2517 fratre
1661 2476 1776 2507 literas
1810 2476 1933 2507 attulit.
1974 2469 2035 2506 In*

1134 2521 1136 2531 ³
1161 2531 1232 2561 1000
1255 2534 1406 2570 corrupto
1427 2531 1530 2560 malui
1552 2530 1644 2560 Med.
1662 2530 1856 2570 scripturam
1871 2530 2015 2566 reddere,

1160 2593 1259 2624 quam
1282 2583 1433 2614 fallacem
1456 2583 1567 2613 nescio
1589 2583 1681 2613 euius
1704 2583 1940 2614 correctionem
1952 2585 2015 2613 tum

1159 2648 1179 2667 ιι
1199 2636 1310 2676 fratre
1339 2636 1491 2676 recipere.
1527 2636 1614 2666 Nam
1644 2636 1671 2666 si
1701 2636 1747 2667 M.
1772 2636 1886 2667 Cicero
1909 2635 2016 2666 fratris

1158 2689 1266 2719 literas
1289 2689 1472 2729 accepisset,
1496 2688 1593 2719 sciret
1615 2688 1768 2728 profecto,
1792 2699 1857 2729 quo
1883 2689 1917 2719 in
1943 2689 2016 2718 loco

1160 2753 1210 2774 res
1233 2749 1326 2775 esset.
1350 2744 1568 2784 Exspectares
1590 2744 1714 2784 potius:
1739 2743 1773 2773 Is
1795 2743 1919 2785 quidem
1941 2743 2017 2773 mihi

1159 2800 1265 2830 nullas
1291 2799 1326 2839 Q.
1340 2799 1463 2840 fratris
1491 2798 1605 2829 literas
1627 2799 1748 2836 attulit,
1779 2799 1836 2829 sed
1859 2797 2016 2839 postridie

1161 2860 1219 2886 cet.
1253 2854 1351 2892 Quod
1373 2864 1458 2894 nego
1483 2853 1677 2884 Ciceronem
1708 2860 1778 2884 tum
1810 2852 1917 2883 fratris
1947 2852 2015 2882 lite-

1161 2917 1211 2937 ras
1235 2907 1406 2947 accepisse,
1430 2916 1497 2936 non
1521 2905 1678 2936 evertitur
1700 2905 1748 2941 iis,
1773 2913 1856 2945 quae
1876 2903 2016 2943 legimus

1135 2962 1136 2986 ζ
1161 2958 1194 2988 111
1221 2959 1238 2998 ξ
1261 2960 1295 2989 3:
1320 2958 1430 2988 Scribit
1453 2958 1497 2987 ad
1520 2967 1565 2987 me
1577 2957 1700 2997 frater.
1737 2956 1824 2986 Nam
1848 2956 1879 2985 id
1909 2961 2016 2995 potest

1162 3013 1202 3043 ad
1225 3013 1324 3043 aliam
1349 3012 1466 3050 Quinti
1481 3012 1519 3042 ad
1537 3012 1688 3042 Marcum
1706 3010 1877 3050 epistolam
1893 3009 2015 3040 referri.

1203 3065 1397 3107 Erploratas
1420 3076 1440 3095 α
1464 3064 1574 3095 timore
1596 3075 1628 3095 οε
1653 3070 1756 3095 certas
1779 3072 1906 3103 easque,
1932 3071 2016 3103 quae

1161 3119 1312 3151 timorem
1327 3119 1488 3150 tollerent.
1513 3117 1656 3148 Gronov.
1673 3117 1812 3148 malebat
1830 3116 2012 3155 eaydafeatas.
