2117 3533
714 167 822 208 LIB.
856 167 939 207 III.
974 167 1058 207 ΕΡ.
1097 168 1135 206 7.
1172 170 1212 206 8.
1758 163 1841 202 131

86 310 155 346 aut
188 303 421 345 accedemus
453 303 496 343 in
528 301 697 356 Epirum
732 305 802 341 aut
834 299 947 341 tarde
980 315 1050 355 per
1073 299 1319 340 Candaviam
1341 298 1503 339 ibimus.
1538 296 1845 338 Dubitationem

87 382 219 419 autem
252 376 300 417 de
333 375 456 430 Epiro
489 388 571 414 non
603 373 878 413 inconstantia
911 378 1048 413 nostra
1082 371 1284 422 afferebat,
1320 370 1389 413 sed
1416 370 1523 425 quod
1544 370 1592 411 de
1614 369 1749 419 fratre,
1774 368 1845 410 ubi

85 466 175 491 eum
207 450 330 491 visuri
362 462 551 496 essemus,
585 444 875 487 nesciebamus.
910 445 1041 496 Quem
1075 445 1237 499 quidem
1271 459 1344 499 ego
1376 459 1450 485 nec
1485 459 1563 497 quo
1596 442 1714 483 modo
1738 442 1843 482 visu-

83 538 149 563 rus
180 536 253 562 nec
287 520 357 561 ubi
390 518 628 559 dimissurus
661 518 749 567 sim,
785 518 880 558 sci0.
925 517 974 558 Id
1007 522 1068 558 est
1099 517 1319 558 maximum
1352 521 1393 557 et
1424 516 1692 557 miserrimum
1736 529 1841 555 mea-

83 610 171 636 rum
205 595 382 635 omnium
416 591 678 632 miseriarum.
721 591 808 644 Ego
841 595 881 630 et
914 590 1072 644 saepius
1106 589 1155 630 ad
1190 594 1228 631 te
1262 594 1302 630 et
1333 589 1449 644 plura
1493 588 1719 637 scriberem,
1765 587 1844 628 nisi
1885 595 1898 618 ⁵

83 667 182 707 milii
214 666 324 707 dolor
357 681 468 706 meus
503 679 626 718 quum
659 678 795 704 omnes
829 667 961 717 partes
994 663 1154 713 mentis,
1199 668 1287 703 tum
1319 661 1490 702 maxime
1524 661 1644 701 huius
1688 661 1844 715 generis

82 738 313 780 facultatem
347 737 574 779 ademisset.
610 735 757 776 Videre
791 740 830 775 te
864 735 996 789 cupio,
1032 734 1137 775 Cura
1171 741 1217 775 ut
1260 734 1404 775 valeas.

85 811 183 852 Mai.
216 810 439 852 Brundisii.

126 970 328 1001 Candaviam.
362 971 497 1011 Illyriae
533 971 704 1010 regionem
736 976 937 1006 montanam,

81 1024 175 1053 cuius
198 1023 321 1054 mentio
343 1024 379 1053 fit
407 1024 492 1063 apud
522 1024 718 1054 Strabonem
749 1023 829 1053 VII.
858 1023 885 1059 7,
920 1024 939 1052 4

83 1082 113 1107 et
136 1078 153 1106 S
177 1083 209 1107 et
230 1076 263 1106 in
288 1077 391 1107 Plinii
413 1076 456 1107 H.
481 1077 522 1107 N.
546 1077 610 1107 III.
640 1078 710 1107 145.
755 1077 937 1107 Molestum

82 1133 144 1164 iter
163 1144 221 1173 per
249 1134 375 1163 deserta
407 1132 588 1163 Candaviae
618 1133 781 1173 significat
813 1131 938 1163 Seneca

83 1187 115 1216 in
142 1195 191 1226 ep.
214 1186 263 1216 31.

128 1239 220 1279 Quem
246 1239 367 1280 quidem
390 1249 444 1280 eqo
467 1249 522 1270 nec
544 1249 601 1280 quo
624 1239 710 1269 modo
733 1239 857 1277 visurus
882 1248 938 1268 nee

82 1292 132 1322 vbi
153 1291 338 1323 dimissams
359 1292 426 1327 Sim,
449 1293 522 1323 scio.
546 1293 669 1323 Arrisit
691 1293 772 1323 olim
786 1293 869 1323 mihi
886 1292 938 1322 Pii

81 1345 177 1376 lectio
201 1355 258 1376 uec
279 1346 403 1386 quando
426 1346 571 1376 notantis
593 1356 651 1386 pro
667 1355 723 1376 nec
738 1347 825 1386 (qno)
841 1345 937 1375 modo.

80 1398 146 1429 Sed
168 1399 306 1429 mutatio
330 1409 395 1429 non
419 1399 601 1430 necessaria
624 1406 681 1435 est,
705 1409 813 1439 neque
831 1399 880 1429 ubi
896 1409 938 1429 ex

81 1452 128 1482 nti
157 1457 265 1482 omum
294 1457 382 1492 puto.
425 1453 597 1483 Metuebat
626 1452 715 1482 enim
752 1451 867 1483 Cicero
897 1462 938 1482 ne

79 1504 188 1534 animo
211 1504 279 1544 ipse
303 1503 429 1535 abiecto
453 1513 469 1534 a
493 1503 591 1534 fratre
613 1504 850 1544 adspiceretur;
867 1510 937 1535 tum

686 1610 808 1650 Vm.
873 1611 939 1663 (A.

1460 733 1555 774 Dat.
1600 733 1704 788 prid.
1750 734 1786 773 K
1793 733 1843 773 al.

987 979 1028 1000 110
1053 970 1198 1008 Quintus
1221 980 1239 1000 a
1262 979 1295 1001 se
1318 970 1447 1010 digredi
1469 979 1536 1000 11011
1559 974 1677 1009 posset.
1714 966 1765 999 Cf.
1795 976 1844 1007 ep.

987 1025 1014 1061 9,
1041 1025 1056 1054 1
1082 1030 1112 1055 et
1135 1026 1174 1055 ad
1198 1024 1240 1063 Q.
1263 1024 1301 1055 fr.
1325 1026 1352 1055 Ι.
1376 1027 1403 1061 3,
1427 1026 1456 1054 4.

1028 1076 1142 1107 Partes
1173 1077 1284 1107 neentis
1313 1084 1345 1107 et
1374 1076 1471 1107 animi
1494 1078 1605 1116 partes
1633 1075 1742 1117 plures
1771 1080 1847 1106 sunt

963 1131 1154 1167 Ι111011101111,
1185 1131 1352 1168 iudicium,
1383 1130 1552 1171 cupiditas,
1585 1130 1660 1160 alia.
1698 1129 1748 1161 Cf.
1778 1129 1845 1160 Cic.

963 1179 965 1183 ’
986 1184 1084 1214 Τ1150.
1107 1184 1168 1214 IV.
1193 1184 1242 1216 73.
1266 1185 1307 1215 de
1330 1185 1432 1224 Repb.
1455 1185 1481 1214 I.
1506 1184 1555 1214 60.
1577 1183 1653 1214 Fin.
1676 1184 1724 1214 II.
1740 1184 1799 1214 113
1815 1187 1846 1213 et

964 1247 965 1262 1
987 1238 1056 1268 115.
1080 1248 1109 1278 p.
1135 1237 1225 1268 Cael.
1249 1239 1299 1268 59.

1028 1289 1134 1319 Huius
1153 1290 1278 1330 qnaeris
1290 1290 1484 1330 faenlsctlem
1509 1300 1540 1320 a:
1562 1290 1726 1320 scribendi
1748 1289 1846 1319 facul·

987 1349 1097 1374 tatem.
1121 1342 1284 1374 Similiter
1304 1343 1397 1374 Fam.
1421 1345 1467 1374 II.
1492 1344 1519 1381 1,
1536 1344 1564 1374 1.
1587 1343 1657 1373 Non
1676 1353 1793 1380 vereor,
1808 1353 1847 1373 ne

962 1402 964 1430 ξ
986 1407 1046 1427 non
1069 1396 1231 1428 scribendo
1255 1401 1286 1428 le
1307 1398 1459 1438 eapleam,
1476 1398 1667 1438 praesertim
1689 1398 1716 1427 si
1748 1397 1781 1427 in.
1811 1407 1847 1427 eo

962 1468 963 1472 =
982 1460 1097 1490 qenere
1118 1450 1254 1481 studimn
1278 1462 1372 1482 meam
1404 1462 1464 1482 ozon
1493 1452 1709 1492 aspernabere.
1744 1451 1846 1482 Plura

962 1496 964 1518 ”
986 1504 1122 1544 collegit
1144 1505 1308 1542 Vox-stius,
1331 1507 1371 1536 de
1394 1506 1531 1537 Latinit.
1555 1506 1613 1537 sel.
1636 1516 1666 1546 p.
1691 1505 1729 1535 19
1753 1514 1819 1545 seq.

962 1064 964 1079 l

983 1611 1027 1650 U.
1063 1608 1104 1650 C.
1141 1612 1260 1665 696.)

144 1726 183 1766 1.
221 1724 429 1765 Brundisii
462 1724 715 1779 proficiscens
749 1725 981 1779 scripseram
1017 1724 1067 1765 ad
1100 1730 1154 1774 te,
1190 1741 1288 1780 quas
1322 1725 1373 1765 ob
1408 1740 1546 1766 causas
1586 1725 1629 1767 in
1677 1726 1845 1781 Epirum

80 1812 161 1837 non
194 1812 367 1838 essemus
400 1797 567 1852 profecti
577 1815 588 1847 3
625 1796 730 1850 quod
765 1803 805 1837 et
838 1797 991 1839 Achaia
1024 1814 1146 1853 prope
1181 1803 1298 1849 esset,
1333 1799 1449 1854 plena
1485 1799 1843 1840 audacissimorum

80 1871 347 1921 inimicorum,
382 1878 421 1911 et
455 1871 585 1911 exitus
619 1870 800 1910 difficiles
834 1869 1011 1921 haberet,
1048 1886 1173 1926 quum
1196 1871 1290 1912 inde
1314 1872 1665 1927 proficisceremur.
1700 1873 1845 1912 Acces-

80 1944 145 1994 sit,
181 1959 304 1998 quum
337 1943 577 1998 Dyrrhachii
610 1958 799 1993 essemus,
834 1950 881 1984 ut
914 1943 993 1984 duo
1027 1945 1162 1985 nuntii
1196 1946 1443 1995 afferrentur,
1478 1960 1598 1996 unus,
1623 1944 1844 1985 0105501111-

79 2022 179 2057 trem
214 2017 372 2072 Epheso
405 2016 600 2067 Athenas,
636 2016 748 2066 alter,
784 2015 954 2071 pedibus
988 2032 1056 2072 per
1090 2017 1553 2059 Macedoniam'venire.
1609 2018 1752 2072 Itaque
1786 2018 1845 2058 illi

80 2089 237 2130 obviam
270 2090 452 2130 misimus
486 2089 681 2138 Athenas,
715 2094 762 2129 ut
811 2088 904 2130 inde
946 2089 1268 2130 Thessalonicam
1304 2090 1471 2130 veniret.
1537 2091 1622 2145 Ipsi
1654 2091 1845 2146 processi-

81 2178 169 2204 mus
203 2167 243 2203 et
282 2161 607 2203 Thessalonicam
652 2177 687 2201 a.
724 2160 764 2200 d.
812 2175 854 2201 x.
889 2161 982 2201 Kal.
1025 2161 1118 2202 Iun.
1164 2162 1360 2212 venimus,
1395 2177 1524 2217 neque
1558 2162 1606 2204 de
1640 2163 1749 2204 1111115
1780 2164 1845 2204 iti-

81 2251 173 2277 nere
218 2236 438 2290 quidquam
493 2234 591 2275 certi
646 2232 908 2283 habebamus,
961 2234 1039 2274 nisi
1081 2249 1171 2274 eum
1213 2233 1263 2274 ab
1313 2234 1473 2289 Epheso
1505 2240 1597 2276 ante
1641 2235 1846 2290 aliquanto

80 2309 315 2364 profectum.
385 2313 424 2350 2.
468 2309 604 2357 Nunc,
639 2307 730 2348 istic
765 2306 862 2361 quid
897 2312 1051 2360 agatur,
1086 2321 1230 2361 magno
1273 2322 1388 2361 opere
1418 2307 1555 2348 timeo.
1590 2308 1843 2363 Quamquam

123 2458 141 2497 ξ
166 2458 193 2488 1.
216 2458 382 2489 Brundisii
405 2478 446 2482 —
465 2460 650 2500 scripseram
677 2461 721 2491 ad
749 2463 788 2491 le.
830 2461 938 2492 Brun-

81 2513 202 2543 disium
224 2514 314 2544 venit
338 2525 365 2544 a.
389 2516 418 2545 d.
442 2515 532 2546 XIV
555 2517 630 2546 Kal.
655 2516 770 2552 Maias,
795 2526 843 2556 cp.
869 2526 939 2556 sup.

84 2566 110 2603 1,
135 2567 181 2596 ibi
203 2566 263 2597 fuit
286 2568 355 2598 (lies
378 2567 470 2599 XIII
493 2570 579 2609 apud
602 2569 648 2599 M.
671 2570 834 2600 Laenium
848 2569 940 2600 Flac.-

81 2630 166 2656 011111,
193 2620 285 2650 Fam.
308 2621 407 2652 XIV.
440 2624 469 2659 4,
500 2623 527 2659 2,
559 2622 668 2662 itaque
698 2622 863 2663 profectus
892 2631 940 2654 cst

81 2673 185 2712 pridie
216 2674 290 2703 Kal.
320 2675 436 2712 Maias,
467 2675 536 2715 ipso
564 2676 623 2706 illo
653 2677 714 2712 die,
745 2687 810 2716 quo
840 2683 872 2707 et
901 2673 965 2706 ad¹

83 2725 230 2756 Atticum
268 2733 299 2756 et
334 2728 374 2757 ad
406 2727 599 2758 Terentiam
634 2729 788 2768 epistolas
825 2729 966 2768 citatas,

84 2778 222 2819 scripsit.
248 2778 345 2816 Quod
368 2784 477 2810 autem
499 2780 533 2810 in
556 2780 615 2811 illa
637 2782 677 2811 ad
693 2791 834 2812 uxorem
849 2781 940 2822 epist.
965 2772 966 2791 ³

84 2831 102 2870 ξ
125 2832 144 2861 3
167 2831 298 2872 legitur,
328 2832 502 2863 Brundisio
518 2832 657 2873 profecti
678 2843 781 2864 sumus
804 2845 834 2864 α.
858 2834 888 2865 d.
919 2833 947 2863 Γ

85 2884 160 2915 Kal.
182 2885 299 2922 Maias,
323 2895 424 2925 quum
447 2887 491 2917 ita
514 2887 673 2927 explicari
696 2898 763 2918 non
778 2889 888 2928 possit,
905 2896 942 2919 ut

85 2947 142 2977 per
164 2944 279 2968 ventos
302 2939 454 2969 adversos
482 2940 587 2970 redire
617 2946 746 2970 coactus
780 2940 878 2971 fuerit
911 2947 943 2971 et

86 2996 158 3031 post
196 2992 408 3031 quatriduum
437 2993 546 3023 (1011110
581 2993 623 3024 sit
659 2993 834 3034 profectus,
871 2990 967 3025 sine]

86 3044 156 3074 ulla
178 3045 382 3076 dubitatione
405 3047 638 3086 corrigendum
670 3054 718 3078 est
739 3058 769 3078 a.
793 3048 824 3078 cl.
847 3047 890 3077 II
909 3059 941 3079 o:

88 3100 202 3139 pridie.
227 3100 277 3132 Cf.
299 3100 465 3132 Griiberus
490 3102 509 3132 l.
534 3113 560 3132 0.

132 3152 274 3184 Accessit
295 3172 336 3177 —-
351 3156 384 3184 αἱ
399 3154 460 3186 duo
476 3154 580 3185 nuntie?
596 3155 789 3195 afferrentur
804 3166 838 3187 οε
857 3166 945 3197 prae-

988 2466 1076 2492 terea
1099 2462 1165 2492 duo
1188 2462 1297 2492 nuntii
1319 2461 1410 2492 allati
1434 2468 1519 2499 sunt,
1549 2462 1612 2499 vel,
1642 2468 1677 2493 ut
1706 2462 1847 2493 Romani

987 2515 1217 2555 loquebantur,
1242 2515 1365 2545 factum
1387 2521 1444 2553 est,
1473 2522 1509 2547 111
1539 2516 1743 2547 afferrentur.
1782 2517 1848 2548 No-

988 2568 1070 2599 tavit
1092 2569 1131 2598 de
1154 2568 1214 2598 hac
1237 2577 1271 2598 re
1294 2568 1474 2599 Kuhnerus
1490 2570 1530 2599 ad
1546 2570 1643 2600 Tusc.
1662 2570 1754 2606 1.43‚
1769 2570 1849 2610 quid

987 2621 1186 2652 discriminis
1210 2627 1293 2652 esset
1316 2622 1402 2652 inter
1418 2622 1504 2653 hanc
1519 2623 1799 2654 constructionem
1817 2629 1848 2653 et

988 2674 1119 2711 accedit,
1142 2674 1225 2716 quod
1245 2685 1320 2705 cum
1343 2675 1522 2706 indicativo
1545 2677 1628 2707 bene
1651 2686 1800 2707 monens.

1033 2727 1128 2767 Quum
1144 2727 1337 2767 Dyrrhachii
1352 2737 1494 2759 essemus.
1509 2729 1601 2759 Haec
1613 2729 1736 2765 civitas,
1750 2739 1850 2769 quam

990 2789 1118 2820 semper
1140 2779 1342 2816 defenderat,
1365 2780 1458 2810 Fam.
1483 2781 1581 2811 XIV.
1605 2783 1632 2818 3,
1656 2783 1684 2818 4,
1716 2788 1785 2812 erat
1813 2782 1847 2812 in

966 2831 967 2864 ἓ
990 2834 1058 2863 01115
1081 2833 1154 2869 fide,
1179 2832 1294 2863 Plane.
1320 2833 1368 2865 97.
1392 2834 1547 2865 Exeunte
1570 2844 1683 2865 mense
1706 2835 1848 2866 Novem-

992 2887 1041 2916 bri
1064 2886 1180 2916 eodem
1202 2886 1308 2923 rediit,
1331 2886 1424 2918 Fam.
1447 2888 1545 2918 XIV.
1570 2890 1596 2925 1,
1622 2889 1649 2921 T.
1673 2891 1699 2925 3,
1724 2891 1754 2920 4.
1776 2890 1848 2920 Att.

992 2941 1058 2971 ΙΙΙ.
1081 2940 1129 2976 22,
1152 2941 1181 2970 4.

966 3026 968 3036 ,
1030 2992 1166 3023 Pedibus
1189 3011 1230 3015 —-
1251 2993 1356 3023 venire
1389 3004 1422 3024 a:
1448 3001 1530 3025 terra
1556 2996 1618 3026 iter
1646 2996 1762 3028 facere.
1799 2997 1850 3029 Cf.

966 3046 1061 3077 ffAtt.
1092 3045 1134 3076 V.
1166 3046 1194 3082 9,
1226 3046 1252 3076 1.
1283 3046 1398 3077 Vatia.
1432 3048 1481 3078 12.
1516 3048 1607 3079 Plut.
1642 3049 1676 3080 in
1706 3050 1774 3082 Cic.
1810 3052 1850 3083 29

966 3072 969 3131 1
991 3098 1073 3135 πεζῆ
1101 3095 1327 3141 πορευέσθω.
1353 3099 1428 3130 Val.
1451 3100 1542 3131 Max.
1567 3101 1594 3131 I.
1618 3102 1645 3138 6,
1671 3102 1698 3134 7.

967 3133 969 3167 l

965 3170 970 3207 1
1035 3157 1053 3195 ξ
1077 3157 1105 3186 2.
1130 3155 1209 3186 Istic
1231 3166 1263 3186 a:
1288 3156 1322 3186 in
1347 3166 1385 3187 eo
1408 3156 1490 3195 loco,
1513 3158 1570 3188 ubi
1595 3164 1629 3190 tu
1651 3168 1694 3196 es,
1716 3160 1849 3191 Romae.

1630 3214 1687 3256 934

1869 2319 1902 2343 1¹)
