2117 3533
650 177 759 218 LIB.
792 176 874 218 ΙΠ.
907 174 993 217 ΕΡ.
1029 174 1224 215 16-18.
1724 164 1809 205 145

59 331 184 359 sermo
218 314 391 356 Livineii
423 313 566 354 fuerat.
613 312 714 353 Sane
749 326 837 352 sum
870 311 913 352 in
946 325 1033 351 meo
1066 307 1225 349 infinito
1258 319 1432 347 maerore
1467 301 1662 345 sollicitus
1695 304 1735 341 et
1767 315 1813 341 eo

59 391 197 445 magis,
232 388 336 442 quod
370 387 493 442 Appii
526 386 706 441 quaestio
746 390 819 425 est.
867 387 907 425 2.
954 384 1109 432 Cetera,
1153 395 1252 435 quae
1298 379 1347 420 ad
1387 393 1449 419 me
1493 375 1642 418 eisdem
1686 372 1813 413 literis

59 462 198 504 scribis
232 461 279 501 de
312 464 448 501 nostra
481 475 563 515 spe,
597 458 780 512 intelligo
814 472 897 498 esse
930 455 1196 510 languidiora,
1229 468 1348 508 quam
1372 452 1439 493 alii
1462 448 1694 492 ostendunt.
1727 447 1814 500 Ego

59 542 203 585 autem,
239 534 427 590 quoniam
459 548 541 574 non
573 532 690 586 longe
725 531 774 572 ab
808 546 854 571 eo
887 535 1064 584 tempore
1098 528 1302 577 absumus,
1337 526 1381 566 in
1414 538 1493 579 quo
1527 538 1588 564 res
1619 519 1815 562 diiudica-

59 607 179 657 bitur,
215 612 284 648 aut
317 606 366 647 ad
399 612 438 647 te
473 605 673 646 conferam
706 620 768 646 me
803 610 872 645 aut
905 604 1135 644 etiamnunc
1170 601 1319 642 circum
1352 599 1450 639 haec
1482 598 1570 638 loca
1599 607 1816 636 commora-

58 679 142 720 bor.
185 682 225 719 3.
262 678 409 721 Scribit
441 678 491 720 ad
524 694 586 719 me
620 677 740 718 frater
774 678 907 718 omnia
941 691 1011 717 sua
1043 690 1113 730 per
1146 679 1185 714 te
1221 688 1346 714 unum
1380 670 1583 713 sustineri.
1633 667 1743 720 Quid
1775 670 1816 706 te

58 757 127 792 aut
159 751 306 802 horter,
341 751 447 805 quod
480 750 592 800 facis,
634 755 704 790 aut
737 765 852 804 agam
885 747 1048 803 gratias,
1085 745 1193 801 quod
1238 760 1319 786 non
1363 742 1598 798 exspectas?
1640 741 1815 781 Tantiun

58 825 173 866 velim
208 825 365 867 fortuna
393 825 467 865 ‘det
498 823 614 865 nobis
647 828 899 879 potestatem,
942 826 987 863 ut
1022 820 1242 861 incolumes
1285 832 1416 859 amore
1460 818 1597 856 nostro
1641 811 1816 867 perfrua-

58 914 159 939 mur.
193 899 298 939 'l'uas
330 898 465 939 literas
499 912 652 952 semper
691 897 861 938 maxime
907 899 1092 950 exspecto
1107 912 1117 944 3
1164 893 1206 934 111
1250 890 1396 946 quibus
1441 903 1534 929 cave
1578 885 1717 935 vereri,
1766 899 1817 924 ne

57 976 127 1011 aut
160 970 369 1025 diligentia
401 976 471 1011 tua
506 970 604 1011 mihi
638 971 804 1011 molesta
838 974 908 1011 aut
941 969 1086 1009 veritas
1120 965 1262 1007 acerba
1307 964 1373 1005 sit.
1429 962 1535 1003 Data
1567 959 1672 1017 prid.
1707 958 1817 999 Non.
1840 973 1875 999 10

57 1042 278 1099 Septembr.

1859 603 1874 629 ι’,

101 1208 191 1249 Quod
211 1208 303 1249 Appii
324 1208 464 1250 quaestio
487 1210 543 1239 est.
566 1208 677 1249 Appio
700 1207 849 1245 Claudio,
874 1207 913 1237 P.
937 1214 938 1218 ¹
958 1213 1076 1236 cerone
1099 1202 1332 1234 coniunctivus
1354 1200 1407 1231 vel
1431 1199 1519 1231 solus
1542 1197 1596 1229 vel
1619 1197 1730 1228 addita
1750 1206 1820 1237 par-

58 1260 166 1291 Clodii
196 1261 296 1299 fratri,
326 1261 468 1302 praetori
497 1261 670 1301 designato
698 1260 845 1301 quaestio
873 1260 913 1290 de
937 1233 1057 1289 lticula
1080 1268 1119 1289 ne
1141 1257 1298 1297 sequitur.
1322 1254 1531 1286 Infinitivum
1554 1252 1664 1293 posuit
1688 1260 1819 1292 quoque

57 1314 242 1354 repetundis
265 1314 436 1354 obtigerat.
936 1292 1025 1362 iSal.
1056 1314 1130 1351 Iug.
1160 1312 1208 1348 64,
1240 1312 1268 1341 2.
1301 1309 1430 1340 [faveret
1464 1308 1500 1338 id
1522 1310 1632 1347 petere
1661 1317 1680 1336 ιι
1704 1306 1819 1346 populo

99 1368 117 1406 ξ
140 1369 169 1397 3.
194 1366 273 1397 Cave
295 1368 406 1398 vereri.
429 1367 647 1404 Infinitivum,
662 1376 760 1407 (1116111
785 1371 913 1398 senten·
937 1365 938 1370 ¹
957 1366 1106 1397 Romano.
1131 1365 1247 1397 Cicero
1269 1364 1320 1394 his
1343 1362 1452 1394 verbis
1476 1360 1567 1392 iubet
1586 1361 1737 1391 Atticum
1752 1369 1818 1389 0111-

56 1420 101 1450 tia
130 1420 283 1461 postulat,
314 1421 348 1450 in
374 1421 464 1451 Med.
494 1421 652 1451 omissum
682 1420 866 1450 Lambinus
896 1429 913 1450 6
959 1421 1015 1451 nia
1049 1419 1272 1450 minutissima
1306 1416 1507 1459 perscribere
1545 1424 1605 1446 1166
1643 1414 1819 1454 quiequam

56 1473 161 1504 Turn.
183 1474 317 1505 addidit.
346 1473 435 1505 Aliis
459 1475 493 1505 in
517 1474 596 1505 locis
619 1479 693 1514 post
716 1484 790 1504 cave
813 1484 831 1505 a
862 1473 913 1505 Ci-
958 1474 1174 1505 dissimulare.

622 1580 795 1622 XVIII.
862 1581 927 1633 (A.
970 1581 1014 1621 U.
1053 1581 1095 1621 C.
1130 1580 1250 1633 696.)

125 1697 165 1737 1.
199 1695 549 1751 Exspectationem
580 1694 697 1736 nobis
730 1710 811 1736 11011
844 1710 1006 1750 parvam
1040 1694 1244 1745 attuleras,
1281 1706 1404 1747 quum
1438 1690 1651 1746 scripseras
1675 1689 1820 1730 Varro-

60 1782 151 1808 nem
184 1767 261 1809 tibi
293 1783 364 1823 pro
397 1769 574 1810 amicitia
608 1769 859 1810 confirmasse
905 1784 1064 1810 causam
1108 1772 1286 1809 nostram
1328 1765 1566 1821 Pompeium
1607 1767 1712 1804 certe
1757 1777 1820 1803 su-

59 1847 287 1897 scepturum
320 1846 373 1892 et,
415 1842 534 1883 simul
578 1858 600 1883 a
632 1842 798 1883 Caesare
833 1843 868 1883 ei
900 1842 1053 1892 literae,
1090 1856 1188 1895 quas
1237 1842 1498 1895 exspectaret,
1532 1836 1718 1878 remissae
1762 1850 1820 1876 es-

58 1920 159 1965 sent,
194 1920 367 1956 actorem
401 1916 521 1956 etiam
555 1915 757 1956 daturum.
805 1916 952 1956 Utrum
985 1915 1027 1956 id
1071 1914 1175 1955 nihil
1219 1913 1310 1963 fuit,
1356 1928 1407 1953 an
1451 1911 1681 1952 adversatae
1727 1912 1821 1949 sunt
1859 1926 1873 1951 5

58 1987 238 2028 Caesaris
272 1988 436 2029 literae?
479 2004 529 2029 an
563 1993 622 2029 est
656 1988 807 2043 aliquid
841 1981 909 2029 in‘
932 1989 1030 2043 spe?
1076 1987 1211 2028 Etiam
1243 1985 1344 2026 illud
1391 1984 1603 2039 scripseras
1648 1980 1820 2022 eundem

63 2060 315 2111 'ssecundum
348 2062 540 2102 comitia'’
575 2062 737 2103 dixisse.
785 2065 825 2102 2.
860 2063 954 2112 Fac,
990 2062 1023 2102 si
1056 2060 1168 2101 vides
1217 2059 1378 2114 quantis
1427 2058 1470 2098 in
1510 2056 1626 2098 malis
1666 2055 1817 2096 iaceam

55 2138 95 2174 et
128 2134 161 2175 si
193 2139 310 2189 putas
344 2149 427 2175 esse
460 2134 725 2175 humanitatis
758 2139 865 2185 tuae,
901 2150 962 2175 me
996 2133 1058 2174 fac
1092 2133 1140 2173 de
1174 2137 1259 2173 tota
1293 2146 1412 2172 causa
1436 2134 1571 2171 nostra
1594 2128 1817 2169 certiorem.

55 2206 161 2247 Nam
194 2206 372 2257 Quintus
405 2207 540 2259 frater,
575 2207 694 2249 1101110
728 2208 868 2258 mirus,
904 2208 975 2262 qui
1008 2223 1069 2248 me
1103 2213 1185 2247 tam
1220 2205 1333 2247 valde
1368 2209 1488 2254 amat,
1524 2201 1657 2244 omnia
1690 2200 1817 2241 mittit

54 2279 137 2334 spei
177 2279 295 2334 plena
338 2285 535 2331 metuens,
571 2281 701 2331 credo,
736 2280 998 2321 defectionem
1035 2279 1158 2320 animi
1200 2278 1292 2319 mei.
1346 2278 1455 2318 Tuae
1501 2280 1635 2316 autem
1678 2274 1815 2314 literae
1836 2292 1870 2318 10

53 2356 148 2392 sunt
180 2352 310 2393 variae
320 2371 331 2404 3
365 2368 495 2408 neque
529 2354 636 2394 enim
669 2369 731 2394 me
766 2353 973 2408 desperare
1009 2353 1067 2393 vis
1102 2366 1173 2392 nec
1206 2356 1353 2392 temere
1389 2363 1560 2405 sperare.
1615 2348 1709 2398 Fae,
1745 2346 1814 2387 ob—

52 2440 160 2466 secro
193 2431 247 2476 te,
282 2432 327 2467 ut
360 2427 507 2477 omnia,
543 2443 643 2481 [piae
677 2427 849 2482 perspici
883 2442 905 2468 a
937 2431 976 2467 te
1009 2430 1191 2481 possunt,
1227 2424 1411 2465 sciamus.

92 2591 110 2629 ξ
133 2591 161 2621 1.
183 2590 337 2622 Aetorem.
365 2591 476 2622 Recte.
505 2590 681 2631 Pompeius
704 2591 772 2631 ipse
795 2596 902 2622 aucto-
992 2590 1163 2620 ›S'eemzdmn
1195 2588 1331 2619 comitia.
1361 2588 1402 2619 cf.
1432 2598 1481 2629 ep.
1512 2589 1561 2626 13,
1593 2589 1609 2619 1
1641 2593 1673 2619 et
1701 2589 1750 2626 14,
1783 2589 1811 2619 1.

49 2642 93 2673 ris
128 2648 235 2683 partes
270 2643 304 2674 in
341 2653 374 2674 se
397 2643 519 2684 recepit
557 2644 749 2684 exstititque
794 2646 905 2674 auctor
994 2644 1064 2682 §2
1094 2642 1157 2672 Fae
1194 2660 1235 2663 —
1267 2652 1313 2671 me
1341 2640 1413 2681 fite.
1450 2641 1666 2672 Invenustam
1696 2641 1810 2682 repeti-

48 2696 163 2726 salutis
196 2697 310 2734 Tullii,
340 2708 370 2738 p.
401 2696 484 2729 Sest.
515 2697 584 2735 107,
616 2699 672 2728 sed
702 2698 767 2728 alio
798 2703 904 2729 actore
927 2713 928 2731 ι
951 2697 1075 2728 tionem
1102 2696 1276 2727 Schutzius
1313 2695 1444 2735 egregie
1482 2695 1616 2726 sustulit
1646 2695 1810 2726 scribens:

49 2759 125 2781 usus
148 2755 205 2781 est.
228 2751 261 2781 Is
294 2750 356 2782 fuit
386 2750 423 2781 P.
453 2751 618 2782 Lentulus
648 2762 713 2782 605.
747 2734 928 2782 Auctoris¹
955 2751 1007 2789 Tu,
1030 2751 1058 2780 si
1087 2750 1174 2781 vides
1195 2768 1237 2772 ——
1258 2760 1303 2780 me
1323 2750 1386 2790 file
1415 2754 1474 2781 cet.
1516 2749 1559 2779 Τιι
1591 2750 1677 2780 male
1708 2750 1808 2788 abest,

48 2808 153 2843 partes
175 2803 381 2844 potissimum
404 2804 438 2835 in
461 2805 607 2835 consiliis
629 2805 755 2842 dandis,
785 2806 903 2836 actoris
951 2817 1053 2848 quum
1075 2812 1230 2847 sequatur
1254 2805 1388 2846 Quintus
1400 2805 1523 2845 frater.

48 2857 82 2887 in
104 2867 139 2889 re
161 2859 305 2898 gerenda
326 2864 523 2899 spectantur,
545 2859 623 2889 ibid.
647 2860 697 2896 40,
730 2864 902 2900 potestque
992 2861 1092 2891 Homo
1122 2860 1218 2890 mirus
1251 2865 1299 2890 est
1328 2861 1368 2890 de
1398 2870 1463 2900 quo
1487 2869 1553 2889 non
1577 2858 1672 2890 facile
1695 2865 1743 2890 est
1764 2859 1807 2889 af-

48 2911 165 2952 aliquis
192 2912 227 2942 in
265 2913 388 2943 eisdem
417 2913 513 2943 rebus
544 2918 574 2943 et
604 2919 717 2943 auctor
753 2918 784 2943 et
814 2918 902 2943 actor
949 2913 1361 2953 111-11161611605111111161110,
1375 2912 1424 2942 ein.
1439 2911 1808 2949 wunderhmerMensch,

48 2974 125 3003 esse,
149 2971 185 2996 ut
207 2967 247 2997 de
277 2967 324 2997 M.
355 2966 479 2998 Catone
509 2967 714 3007 praedicatur
743 2967 821 2997 ibid.
852 2967 902 2998 61.
948 2973 983 2997 ut
1013 2968 1245 3007 interpretatur
1274 2966 1480 2997 WVielandus.
1516 2964 1616 2994 Homo
1649 2964 1806 3004 mirrjfl'eas,

48 3016 151 3059 Saepe
173 3019 206 3049 in
230 3019 280 3050 his
303 3024 445 3050 erratum
469 3029 487 3049 a
508 3019 659 3055 librariis,
690 3025 727 3050 ut
755 3030 785 3059 p.
817 3019 900 3051 Sest.
947 3020 1018 3050 Att.
1041 3019 1102 3055 IV,
1127 3019 1176 3055 11,
1200 3019 1227 3055 2,
1261 3022 1308 3049 est
1330 3018 1387 3058 qui
1410 3016 1662 3048 admirationem
1685 3022 1805 3054 movet,

48 3071 116 3109 144,
147 3073 204 3103 ubi
234 3077 310 3104 vett.
340 3073 430 3104 editt.
469 3073 556 3103 male
579 3072 724 3104 Sestium
752 3073 903 3113 publicae
947 3074 998 3104 ein
1031 3072 1164 3104 Wunder
1185 3082 1243 3102 vost
1267 3071 1364 3103 ez'nem
1387 3070 1547 3102 Mensehe.

46 3133 161 3156 causae
182 3128 340 3157 auctorem
362 3126 495 3164 faciunt,
519 3132 551 3157 et
573 3126 659 3157 Phil.
677 3127 720 3157 Π.
738 3127 786 3164 26,
804 3137 902 3168 quem

46 3175 155 3207 locum
178 3179 320 3210 correxit
343 3180 490 3218 Madvig.
515 3178 552 3210 O.
577 3179 619 3209 Α.
642 3190 672 3219 p.
697 3180 766 3210 165.

108 3233 143 3274 I.
1564 3237 1616 3276 lu
