2117 3533
190 961 224 986 10

191 1324 223 1350 15

250 156 332 194 246
646 154 729 195 ΕΡ.
765 152 840 194 AD
873 153 918 193 T.
953 150 1302 193 POMPONIUM
1337 151 1599 193 ATTICUM.

248 304 474 331 successum
509 289 573 338 sit,
609 290 787 342 oportere
822 285 1012 327 decedere
1045 299 1118 326 nec
1151 285 1193 326 in
1226 289 1339 327 tanto
1373 289 1485 326 motu
1518 300 1649 326 rerum
1682 286 1806 327 tantis
1846 284 2004 340 provin-

249 362 320 402 ciis
354 361 531 415 singulos
563 362 714 415 legatos
748 375 942 415 praeesse.
977 359 1072 410 Hic,
1105 374 1156 400 ne
1190 359 1287 414 quid
1321 359 1422 400 mibi
1454 363 1703 414 prorogetur,
1737 358 1844 414 quod
1872 357 2004 399 116111-

249 439 438 475 tercessor
471 433 633 488 quidem
667 432 862 474 sustinere
896 432 1036 488 possit,
1070 431 1225 481 horreo,
1265 437 1385 487 atque
1420 447 1465 473 eo
1500 432 1641 486 magis,
1676 432 1782 487 quod
1816 436 1863 472 tu
1896 429 2004 481 abes,

248 506 316 560 qui
350 506 530 556 consilio,
564 506 707 560 gratia,
743 504 876 546 studio
911 504 1048 545 multis
1082 504 1200 546 rebus
1235 520 1474 546 occurreres.
1523 504 1601 546 Sed
1635 504 1742 545 dices
1775 520 1836 545 me
1870 504 2002 558 ipsum

247 578 345 619 1111111
390 579 701 620 sollicitudinem
735 584 900 620 struere.
957 579 1100 633 Cogor,
1136 582 1176 619 et
1206 579 1326 619 velim
1360 578 1417 619 ita
1460 579 1525 629 sit,
1571 578 1639 619 sed
1685 578 1819 618 omnia
1857 581 2006 618 metuo.

246 651 335 692 Etsi
367 651 517 693 bellum
550 649 917 711 ἄκροτελεύτιον
951 651 1073 692 habet
1105 651 1173 692 ffla
1213 656 1283 706 tua
1327 650 1507 705 epistola,
1553 666 1674 705 quam
1720 649 1867 691 dedisti
1908 664 2006 690 nau-

246 739 360 765 seans
392 725 612 766 Buthroto:
656 753 675 775 n
688 725 778 774 tibi,
812 729 860 765 ut
894 724 1010 765 video
1034 728 1074 764 et
1096 739 1223 779 spero,
1247 723 1359 764 nulla
1381 722 1431 764 ad
1455 723 1731 764 decedendum
1755 722 1830 763 erit
1851 721 2006 762 mora.”

245 797 410 838 Mallem
448 825 468 848 ss
480 802 527 838 ut
559 797 706 838 video''
717 815 727 848 3
761 796 865 837 nihil
899 811 998 851 opus
1032 795 1124 846 fuit,
1173 800 1249 846 'sut
1293 795 1452 850 spero.”

1512 798 1552 836 4.
1586 797 1829 850 Acceperam
1873 797 2006 835 autem

245 870 341 911 satis
375 870 554 911 celeriter
587 869 717 911 Iconii
750 884 819 924 per
852 868 1159 924 publicanorum
1192 867 1420 909 tabellarios
1454 883 1476 908 a
1509 867 1673 908 Lentuli
1706 867 1911 922 triumpho
1940 866 2007 907 da-

244 947 319 984 tas.
354 943 403 983 In
436 943 499 983 his
532 938 866 1001 γλυκύπικρον
901 940 1003 981 illud
1036 941 1244 981 confirmas
1266 955 1418 980 moram
1440 939 1541 980 mihi
1563 940 1717 981 nullam
1738 940 1835 991 fore,
1860 939 2006 981 deinde

246 1015 374 1065 addis,
410 1015 443 1056 si
477 1014 573 1069 quid
608 1030 735 1065 secus,
769 1019 808 1055 te
843 1013 893 1054 ad
927 1028 989 1054 1116
1027 1012 1146 1068 [fore]
1181 1017 1410 1053 venturum.
1446 1013 1616 1066 Angunt
1648 1027 1710 1053 me
1734 1012 2008 1054 dubitationes

245 1092 351 1138 tuae,
387 1087 506 1128 simul
540 1092 580 1128 et
613 1087 738 1137 vides,
774 1102 873 1141 quas
908 1085 1130 1141 acceperim
1162 1086 1312 1126 literas.
1364 1086 1471 1126 Nam
1506 1100 1604 1139 quas
1639 1086 1837 1127 Hermoni
1869 1090 2008 1127 centu-

245 1160 368 1201 rionis
402 1160 428 1203 †
461 1158 626 1200 Camule
660 1159 744 1214 ipse
779 1157 920 1200 scribis
952 1162 992 1199 te
1027 1157 1197 1208 dedisse,
1232 1172 1313 1198 non
1347 1157 1495 1212 accepi.
1530 1157 1673 1198 Laenii
1704 1159 1839 1213 pueris
1871 1163 1911 1200 te
1942 1158 2007 1199 de-

246 1233 349 1274 disse
383 1247 498 1287 saepe
532 1231 582 1272 ad
614 1246 676 1272 me
710 1231 933 1286 scripseras.
969 1232 1048 1272 Eas
1082 1230 1302 1272 Laodiceae
1337 1229 1526 1284 denique,
1561 1245 1685 1284 quum
1720 1247 1765 1273 eo
1796 1232 2006 1282 venissem,

246 1319 312 1347 111.
345 1305 410 1346 Id.
444 1303 562 1345 Febr.
597 1303 773 1345 Laenius
807 1303 908 1344 mihi
944 1303 1136 1354 reddidit,
1172 1302 1285 1343 datas
1320 1318 1356 1343 a.
1391 1302 1430 1342 d.
1466 1316 1505 1343 X.
1540 1303 1633 1344 Kal.
1669 1303 1877 1345 Octobres.
1910 1303 2009 1344 Lae-

245 1378 312 1419 nio
345 1382 435 1419 tuas
469 1377 834 1418 commendationes
867 1382 908 1417 et
941 1377 1077 1418 statim
1111 1375 1242 1417 verbis
1276 1380 1316 1417 et
1347 1375 1500 1430 reliquo
1534 1380 1711 1431 tempore
1744 1391 1785 1417 re
1816 1375 2007 1432 probabo.

251 1452 267 1466 μ

249 1467 289 1491 o.
333 1451 415 1492 Eae
448 1450 586 1493 literae
633 1456 762 1492 cetera
805 1455 938 1492 vetera
982 1450 1198 1501 habebant,
1240 1465 1368 1491 unum
1408 1449 1483 1490 hoc
1524 1465 1673 1491 novum
1717 1449 1765 1491 de
1809 1448 2009 1506 Cibyratis

289 1614 326 1645 11
349 1614 394 1645 ad
415 1613 550 1655 mesore
574 1616 737 1646 venturum
758 1633 799 1637 —
822 1616 861 1646 13
886 1614 1033 1645 Οαφηηῖαε
1056 1631 1096 1636 —-

244 1761 314 1792 dum
338 1761 476 1793 additur.
502 1760 551 1793 Cf.
574 1761 637 1792 IV.
657 1761 706 1799 17,
721 1762 739 1792 3
756 1760 872 1801 (vulgo
889 1761 938 1799 16,
952 1761 997 1802 6).
1019 1761 1099 1792 VII.

246 1816 273 1852 1,
297 1817 325 1845 4.
350 1815 537 1856 Utrumque
561 1816 696 1846 modum
713 1815 822 1856 posuit
833 1815 995 1846 Lentulus
1007 1814 1100 1846 Fam.

243 1868 327 1899 XII.
351 1869 399 1906 14,
422 1870 451 1898 4.
496 1868 597 1900 Orell.
622 1868 724 1899 edidit
749 1867 924 1908 expeditur.

289 1922 379 1963 Quod
400 1933 438 1954 ne
460 1923 650 1954 intercessor
673 1922 792 1964 quidem
815 1923 972 1953 sustinere
988 1922 1101 1962 possit.

245 1976 387 2007 Veretur
409 1975 524 2007 Cicero
547 1985 588 2006 ne
620 1975 789 2015 provincia
818 1975 880 2005 sibi
910 1980 1103 2016 prorogetur

246 2030 407 2061 eiusmodi
430 2029 528 2067 SCto,
561 2029 615 2060 cui
638 2039 679 2060 ne
702 2029 826 2059 tribuni
849 2029 953 2069 plebis
970 2029 1103 2069 quidem

246 2084 448 2115 intercedere
460 2087 601 2124 possent,
618 2083 765 2113 clausula
780 2083 899 2120 addita,
913 2092 996 2124 quae
1006 2083 1103 2124 plene

246 2136 369 2175 legitur
390 2136 425 2166 in
448 2145 496 2176 ep.
520 2136 560 2166 ad
590 2135 682 2166 Fam.
711 2135 813 2166 VIII.
843 2137 871 2172 8,
896 2136 924 2166 6.
959 2134 1010 2167 Cf.
1031 2136 1103 2167 Att.

246 2190 311 2220 IV.
334 2190 362 2227 2,
386 2191 415 2220 4.

291 2242 386 2284 Coyor
409 2245 439 2273 et
462 2243 552 2274 velim
575 2243 622 2273 ita
645 2242 688 2273 sit
712 2253 745 2274 o:
774 2253 865 2274 rtnon
888 2253 1022 2284 possum
1037 2253 1104 2274 non

248 2296 353 2327 facere
376 2301 407 2328 et
429 2301 505 2337 opto
526 2302 563 2327 ut
584 2306 688 2326 vanus
710 2295 863 2327 fuerim.”
886 2295 1084 2327 Gronovius.

290 2348 307 2387 ξ
330 2350 359 2379 4.
382 2349 410 2378 A
433 2348 560 2379 Lentuli
577 2348 730 2388 triumpho
746 2358 779 2377 o:
802 2353 875 2388 post
891 2348 1103 2389 triumphum,

249 2410 346 2440 quem
368 2400 542 2437 Lentulus,
576 2400 631 2441 qui
655 2406 731 2432 ante
755 2400 904 2441 Appium
926 2411 984 2441 per
1006 2401 1104 2432 trien-

249 2453 341 2484 nium
364 2453 515 2485 Ciliciam
538 2454 794 2491 administrarat,
824 2454 948 2485 Romae
979 2454 1104 2484 habuit.

292 2506 407 2547 [Fore]
439 2509 610 2537 venturum.
648 2507 783 2538 Praeter
815 2507 902 2538 hunc
935 2508 1045 2538 locum
1073 2512 1104 2538 et

249 2560 391 2591 alterum
420 2560 509 2590 Livii
539 2560 601 2590 VI.
631 2560 672 2589 42
704 2560 861 2590 infinitivi
889 2560 971 2591 haec
1000 2560 1105 2590 forma

250 2625 316 2646 non
341 2615 508 2646 invenitur
530 2615 615 2655 apud
638 2614 790 2655 antiquos
821 2615 1001 2655 scriptores,
1025 2625 1103 2655 quo-

249 2678 323 2698 rum
346 2667 478 2708 quidem
501 2667 621 2707 scripta
643 2672 827 2707 supersunt.
850 2668 938 2698 Nam
960 2677 1002 2699 ex
1025 2672 1105 2698 orat.

249 2731 279 2761 p.
303 2721 440 2756 Milone,
471 2729 554 2759 quae
583 2719 735 2750 Sanctius
765 2720 849 2750 hanc
879 2721 1105 2760 quaestionem

250 2779 391 2805 tractans
413 2774 446 2804 in
470 2774 621 2804 Minerva
644 2774 670 2804 Ι.
695 2774 734 2803 14
762 2774 855 2804 citat:
890 2774 972 2804 mtlzil
999 2775 1103 2805 horum

250 2836 302 2856 vos
325 2826 444 2856 visuros
458 2826 543 2866 fore,
568 2835 604 2856 ea
628 2826 660 2856 in
695 2827 784 2857 editt.
815 2827 995 2857 emendatis
1024 2828 1042 2867 ξ
1065 2827 1104 2859 78

251 2882 294 2911 ita
316 2881 545 2912 inveniuntur:
570 2879 652 2910 nihil
677 2890 780 2910 eorum
796 2890 847 2910 vos
864 2880 1104 2921 visurosfizisse.

251 2933 366 2972 Neque
389 2933 493 2962 ullam
515 2932 611 2963 video
633 2933 728 2963 huius
741 2932 864 2963 formae
879 2933 1102 2964 necessitatem

253 2990 284 3014 et
307 2986 435 3024 utrique
459 2985 530 3015 loeo
554 2984 648 3014 facile
684 2985 893 3015 librariorum
923 2985 1023 3015 errori
1052 2986 1104 3015 de-

253 3038 321 3067 beri
344 3043 457 3077 potest.
493 3038 603 3075 Quare
626 3038 787 3077 mesine
818 3039 947 3068 uncinis
976 3039 1104 3075 inclusi,

251 3095 380 3120 secutus
403 3090 559 3120 iudicium
583 3091 679 3120 Laur.
705 3091 823 3122 Vallae
846 3092 940 3130 Eleg.
964 3092 989 3121 1.
1014 3092 1052 3121 26
1072 3098 1104 3122 et

254 3144 424 3181 Madvigii,
448 3145 703 3181 Bennerkungen
731 3155 759 3184 p.
775 3146 824 3175 64.
848 3145 957 3176 Aliter
969 3152 1103 3176 censent

1154 1769 1171 1791 e
1194 1761 1430 1793 recentioribus
1459 1761 1640 1801 Kriigerus,
1672 1759 1871 1791 Untersuch.
1901 1759 1948 1790 ΙΙ.
1976 1767 2008 1799 p.

1153 1814 1202 1844 23.
1225 1814 1369 1845 Haasius
1395 1815 1435 1844 ad
1456 1814 1595 1854 Reisigii
1618 1813 1754 1844 Seholas
1783 1823 1814 1853 p.
1843 1813 1915 1842 483.
1951 1812 2010 1842 Α1-

1154 1867 1335 1899 schefskius
1371 1867 1404 1897 in
1442 1877 1581 1898 censura
1615 1866 1793 1897 Grammat.
1836 1864 2010 1904 Madvigii,

1154 1931 1236 1962 quae
1258 1921 1381 1961 legitur
1402 1921 1437 1951 in
1468 1920 1557 1951 Diar.
1587 1921 1663 1951 liter
1694 1920 1824 1950 Ienens.
1858 1918 1949 1955 1844,
1979 1928 2009 1958 p.

1158 1974 1240 2004 1052
1261 1983 1328 2014 56(1.
1363 1973 1494 2004 Diversi
1517 1973 1647 2013 generis
1669 1978 1746 2004 sunt
1768 1972 1929 2012 exempla,
1953 1972 2010 2003 ubi

1154 2027 1207 2058 vel
1221 2026 1298 2067 fore
1321 2036 1396 2057 011111
1420 2026 1610 2066 gerundivis
1629 2026 1839 2063 construitur,
1860 2027 1914 2058 vel
1928 2036 2011 2067 quae

1154 2080 1255 2121 petita
1284 2086 1361 2111 sunt
1395 2089 1412 2111 e
1443 2079 1664 2120 scriptoribus,
1699 2079 1756 2120 qui
1776 2079 1881 2119 forem
1916 2080 2011 2110 nullo

1154 2134 1343 2165 discrimine
1364 2143 1423 2174 pro
1444 2143 1537 2164 essem
1560 2138 1698 2173 ponunt.

1198 2186 1337 2227 Anqmzt.
1374 2187 1450 2217 Non
1483 2186 1643 2227 persuasit
1678 2185 1833 2216 Klotzius
1863 2186 2010 2226 punyunt

1155 2238 1273 2270 melius
1295 2248 1378 2270 esse.
1412 2237 1529 2269 Subita-
1551 2247 1601 2269 res
1616 2237 1750 2278 pamfli&
1775 2247 1858 2278 quae
1887 2237 2012 2268 diutius

1156 2293 1276 2323 durant
1298 2291 1474 2331 animoque
1493 2291 1621 2331 saepius
1643 2291 1835 2327 offeruntur,
1858 2291 1989 2330 anyunt.

1198 2344 1360 2382 Hermoni,
1390 2346 1471 2376 cent.
1505 2346 1522 2375 †
1553 2343 1678 2374 Camule
1709 2343 1774 2384 ipse
1808 2343 1918 2374 scribis
1951 2348 2011 2374 cet.

1156 2397 1289 2438 Reliqui
1313 2397 1505 2437 scripturam
1521 2401 1706 2437 corruptam
1721 2397 1809 2427 Med.
1833 2396 2013 2432 Incertum,

1156 2458 1267 2483 utrum
1296 2452 1424 2483 Hermo
1456 2450 1603 2481 Camulae
1636 2450 1764 2480 libertas
1798 2450 1934 2486 dicatur,
1971 2459 2011 2480 an

1157 2505 1243 2545 quod
1272 2503 1424 2534 Klotzius
1452 2502 1604 2534 Ciceroni
1633 2502 1746 2533 tribuit
1778 2502 1922 2532 Ccmzelez‘z'
1951 2511 2012 2531 ser-

1156 2570 1222 2590 vus.
1244 2560 1297 2590 Ex
1321 2558 1454 2589 alterius
1476 2557 1581 2588 utrius
1603 2557 1693 2587 vocis
1722 2557 1919 2597 compendio
1943 2565 2011 2586 Llss.

1157 2619 1212 2644 aut
1236 2613 1276 2644 si:
1301 2621 1481 2653 pronomen
1504 2611 1578 2651 ipse,
1603 2611 1691 2651 quod
1713 2611 1747 2641 in
1771 2610 1828 2641 tali
1851 2609 2012 2641 sententia

1157 2678 1223 2699 non
1247 2667 1386 2703 additur,
1409 2670 1517 2696 ortum
1539 2665 1680 2695 videtur.
1703 2664 1801 2703 Quod
1823 2665 1850 2695 Ι.
1872 2663 1911 2694 F.
1932 2662 2011 2694 Gro-

1156 2721 1274 2753 novius
1297 2720 1480 2761 suspicatur
1501 2719 1632 2749 caculae
1654 2728 1686 2749 o:
1712 2728 1805 2749 servo
1829 2717 1952 2754 militis,
1975 2721 2011 2747 ut

1157 2774 1299 2815 explicat
1322 2773 1445 2803 Paulus
1468 2771 1558 2802 Diae.
1584 2782 1613 2811 p.
1637 2772 1685 2807 45,
1701 2770 1910 2801 scribendum
1931 2778 2010 2805 esse,

1156 2828 1266 2859 nescio
1289 2837 1329 2857 an
1354 2825 1523 2857 Ciceronis
1547 2830 1651 2855 aetate
1674 2824 1757 2854 illud
1779 2832 1898 2854 nomen
1922 2832 2011 2852 usur-

1155 2886 1268 2922 patum
1291 2880 1342 2910 sit.
1364 2879 1506 2919 Legitur
1527 2879 1561 2908 in
1586 2878 1695 2907 Plauti
1718 2877 1810 2907 Trin.
1833 2876 1898 2906 111.
1921 2876 1949 2911 2,
1970 2874 2008 2904 95

1157 2939 1187 2965 et
1210 2934 1243 2964 in
1266 2938 1403 2973 utroque
1427 2937 1621 2971 arg-umento
1645 2929 1780 2960 metrico
1803 2927 1970 2958 Pseuduli.

1198 2988 1215 3026 ξ
1239 2989 1267 3016 5.
1300 2986 1342 3015 De
1367 2985 1522 3026 C'tlhgsralz‘s
1539 2982 1717 3023 pantheris.
1751 2981 1799 3012 Cf.
1823 2980 1884 3010 VI.
1908 2979 1934 3016 1,
1959 2978 2010 3009 21.

1157 3040 1288 3071 Caelius
1311 3039 1438 3079 ¹saepius
1463 3038 1495 3068 in
1519 3037 1666 3078 epistolis
1697 3035 1889 3066 Ciceronem
1919 3042 2009 3070 roga-

1157 3092 1212 3128 vit,
1245 3097 1279 3121 ut
1303 3102 1319 3122 0
1343 3090 1459 3121 Cilicia
1489 3090 1551 3120 sibi
1582 3088 1754 3128 pantheras
1784 3085 1936 3119 mitteret,
1969 3084 2008 3114 ad

1156 3146 1257 3181 ludos,
1280 3155 1361 3184 quos
1384 3144 1499 3175 aedilis
1522 3141 1644 3172 curulis
1666 3141 1799 3170 (1111111115
1822 3142 1898 3168 erat.
1933 3137 2008 3167 Vid.
