2117 3533
242 123 296 162 18

639 126 722 166 ΕΡ.
758 125 834 166 AD
867 127 913 167 Τ.
948 106 1298 167 POMPONIUM
1330 125 1594 166 ATTICUM.

237 256 473 298 iucundum.
509 259 582 299 Ille
615 265 749 301 noster
783 261 947 311 amicus,
982 260 1042 301 vir
1074 259 1298 300 mehercule
1332 259 1506 314 optimus
1539 264 1580 300 et
1600 259 1700 300 mihi
1719 258 1998 308 amicissimus,

239 344 331 369 sane
365 329 440 370 tibi
480 331 604 371 iratus
648 338 720 373 est.
773 333 861 374 Hoc
896 333 929 373 si
971 332 1111 386 quanti
1150 336 1197 372 tu
1231 331 1413 373 aestimes
1455 331 1590 382 sciam,
1623 336 1710 372 tum
1761 331 1857 386 quid
1900 330 2001 371 mihi

1012 408 1050 445 2.
1086 405 1134 445 L.
1169 404 1309 444 Cincio
1344 405 1429 446 Hs.
1465 419 1587 447 88100
1622 419 1744 447 88100
1778 418 1896 446 occo.
1929 419 2000 458 pro

240 473 363 526 signis
398 475 626 529 Megaricis,
661 484 707 518 ut
738 483 785 518 tu
819 478 867 518 ad
902 493 963 518 me
987 477 1212 532 scripseras,
1235 477 1383 517 curavi.
1418 477 1591 518 Hermae
1614 478 1678 518 tui
1697 477 1893 519 Pentelici
1910 490 2002 516 cum

239 400 522 443 elaborandmn
557 405 609 445 sit
643 406 740 447 scire
775 406 937 460 possim.

212 546 439 601 5capitibus
473 550 619 601 aeneis,
655 551 703 592 de
738 551 884 605 quibus
919 550 968 591 ad
1002 565 1063 590 me
1098 548 1304 604 scripsisti,
1338 549 1418 590 iam
1451 565 1559 590 nunc
1591 565 1654 590 me
1689 550 1904 591 admodum
1937 549 2003 590 de-

240 619 403 660 lectant.
438 621 570 672 Quare
605 623 722 663 velim
756 630 796 664 et
829 638 893 663 eos
938 627 978 663 et
1022 622 1136 676 signa
1179 626 1219 662 et
1263 626 1406 672 cetera,
1453 637 1552 676 quae
1595 621 1672 663 tibi
1717 623 1802 664 eius
1842 623 1920 663 loci
1965 627 2005 663 et

243 693 368 733 nostri
403 693 527 735 studii
561 701 600 735 et
632 701 724 737 tuae
759 695 980 750 elegantiae
1015 710 1098 736 esse
1132 693 1390 745 videbuntur,
1427 709 1544 748 quam
1577 695 1750 750 plurima
1783 710 1903 749 quam
1926 694 2005 750 pri-

242 781 431 821 mumque
464 768 600 809 mittas
635 776 673 809 et
706 769 891 819 maxime,
927 783 1027 822 quae
1060 767 1138 808 tibi
1170 768 1367 821 gjmnasii
1401 768 1584 822 xystique
1617 768 1863 809 videbuntur
1907 783 2005 809 esse.

244 839 350 879 Nam
383 840 426 880 in
459 856 505 881 eo
538 856 680 895 genere
715 842 770 882 sic
805 841 939 882 studio
973 840 1187 890 efferimur,
1221 844 1268 880 ut
1291 838 1360 880 abs
1384 845 1423 881 te
1446 840 1678 892 adiuvandi,
1704 841 1754 881 ab
1778 841 1866 882 aliis
1885 855 2007 896 prope

196 934 230 958 10
243 911 560 966 reprehendendi
595 914 731 954 simus.
778 914 820 954 Si
853 912 1018 954 Lentuli
1050 912 1164 953 navis
1197 927 1279 952 non
1312 912 1400 963 erit,
1437 928 1515 967 quo
1547 913 1626 954 tibi
1657 912 1845 968 placebit,
1881 913 2007 968 impo-

243 985 343 1024 nito.

403 986 443 1025 3.
477 986 661 1036 Tulliola,
697 986 901 1027 deliciolae
934 990 1107 1036 nostrae,
1142 990 1258 1025 tuum
1291 986 1576 1027 munusculum
1609 987 1763 1041 flagitat
1796 991 1835 1027 et
1867 1002 1930 1027 me
1962 990 2010 1027 ut

245 1072 472 1110 sponsorem
507 1059 694 1113 appellat.
730 1058 835 1100 Mihi
870 1062 1004 1100 autem
1038 1057 1219 1099 abiurare
1253 1058 1400 1099 certius
1434 1065 1493 1100 est
1526 1075 1645 1114 quam
1679 1059 1916 1114 dependere.

242 1402 427 1433 iucundum
449 1401 514 1432 dici
537 1412 640 1442 posse,
669 1402 874 1443 probantque
904 1402 967 1432 loci
997 1412 1014 1432 a
1048 1401 1106 1432 C-a

242 1455 390 1486 sanbono
421 1454 512 1485 allati
542 1455 611 1484 Att.
644 1454 704 1484 111.
735 1455 775 1485 24
805 1460 885 1485 exti.
920 1454 1011 1485 Fam.
1045 1454 1105 1485 IV.

242 1510 269 1545 (i,
288 1510 315 1545 1,
340 1509 409 1548 (1111ι
404 1519 460 1539 )115·
477 1508 808 1549 ·1(1(1η1055“1111ῒκ3111.
827 1509 867 1538 V.
887 1510 978 1545 15,1
1004 1508 1106 1539 XIII.

246 1562 293 1592 18.
317 1561 386 1592 Att.
412 1561 437 1591 Ι,
463 1560 511 1597 17,
536 1561 563 1591 6.
588 1560 627 1598 Q.
652 1561 689 1591 fr.
715 1561 780 1591 ΙΙΙ.
806 1562 833 1597 1,
860 1562 906 1591 12.

287 1613 400 1643 Noster
422 1613 550 1649 amicas,
576 1613 748 1644 Lucceius.
774 1613 820 1643 Cf.
845 1624 892 1654 ep.
917 1616 944 1650 5,
970 1614 1063 1650 510,
1080 1614 1099 1644 2

247 1668 294 1704 11,
320 1668 346 1697 1.
371 1668 399 1703 3,
424 1668 451 1696 3.
475 1667 506 1697 h.
532 1667 553 1697 1.

288 1722 305 1759 ξ
329 1722 356 1751 52.
384 1720 535 1751 Pentelici
557 1731 588 1751 o:
614 1731 630 1751 e
654 1731 815 1752 marmore
839 1721 1017 1751 Pentelico.

287 1774 354 1803 Iam
386 1784 478 1811 nunc,
508 1783 538 1803 a:
563 1783 668 1814 quum
691 1784 744 1804 eos
768 1775 915 1804 nondum
939 1774 1014 1804 vidi.
1039 1773 1110 1804 Dis-

246 1827 369 1857 crimen
393 1826 478 1856 inter
500 1826 561 1856 iam
585 1837 667 1857 meac
695 1832 725 1857 et
749 1837 831 1856 mmm
853 1826 915 1855 iam
933 1831 1019 1857 reete
1035 1836 1109 1856 con-

247 1880 351 1911 stituit
387 1880 424 1910 F.
460 1879 569 1920 Haase
611 1879 644 1909 in
682 1878 769 1909 Diar.

247 1933 361 1963 manni
384 1932 426 1962 V.
450 1933 478 1968 3,
502 1943 530 1972 p.

800 1880 915 1919 Antiq.
954 1880 1109 1910 2111111181·-

556 1931 729 1963 soe—274.
771 1931 839 1961 Iam
863 1942 944 1961 mmo
966 1932 1108 1972 ponitur,

248 1991 304 2020 ubi
335 1990 534 2030 exspectatio
568 2000 637 2020 rein
666 1989 853 2029 praecurrit,
885 1989 979 2028 Belg.
1021 1988 1110 2019 reeds

250 2054 310 2077 πυ,
335 2052 417 2071 nunc
438 2041 499 2071 iam
523 2042 698 2082 opponitur
719 2041 766 2072 rei
789 2041 989 2081 praeteritae.
1009 2041 1047 2071 B.
1070 2051 1110 2069 uu

250 2100 340 2127 eerst.
367 2096 416 2128 Cf.
440 2097 564 2127 Handii
588 2097 682 2127 Turs.
709 2097 771 2126 111.
796 2107 824 2136 p.
852 2097 910 2126 153
934 2106 979 2136 sq.

292 2151 332 2182 Et
354 2152 445 2192 siqua
469 2154 498 2182 el
523 2155 638 2182 celera.
662 2152 711 2182 Ita
734 2158 819 2182 recte
841 2151 875 2181 in
892 2152 983 2181 codd.
1008 2151 1113 2190 Signa.

252 2213 326 2236 sunt
349 2215 540 2242 marmorea>
564 2206 650 2246 quod
674 2205 707 2235 in
731 2205 871 2235 Hermas
901 2214 976 2235 cum
1004 2204 1111 2244 eapiti-

255 2262 313 2291 bus
337 2261 446 2292 aeneis
469 2271 536 2291 non
553 2259 716 2290 convenit.
739 2259 829 2290 Hinc
846 2259 945 2290 etiam
960 2269 1008 2299 ep.
1027 2259 1075 2295 10,
1094 2259 1111 2288 3

254 2315 348 2354 signa
372 2315 412 2344 ab
434 2314 656 2344 Hermeraclis
679 2313 860 2352 distinguit.
900 2312 1010 2343 Cetera
1034 2316 1111 2342 sunt

256 2367 389 2406 quaexis
412 2366 475 2396 alia
499 2370 699 2396 olnamenta.

295 2420 372 2449 Eizs
395 2420 465 2450 loci.
488 2419 698 2450 Academiae.
722 2428 769 2458 ep.
794 2419 821 2454 9,
868 2420 925 2454 ,4
949 2419 976 2448 3.

299 2472 472 2513 Gynmasii.
513 2473 562 2503 De
586 2472 751 2512 851111135ἰί
774 2471 877 2501 forma
898 2480 1023 2510 usuque
1047 2469 1114 2509 agit

258 2527 424 2557 Beckerus
454 2525 487 2555 in
512 2524 664 2556 Chariclo
688 2524 713 2554 I.
738 2534 767 2564 p.
792 2524 851 2554 328
881 2532 961 2563 sqq„
993 2522 1048 2562 qui
1072 2521 1115 2552 fa-

255 2586 339 2610 tetur
377 2578 627 2618 descriptionem
659 2576 802 2607 Vitruvii
837 2576 948 2606 multis
979 2575 1114 2606 difficul-

255 2632 376 2662 tatibus
399 2631 512 2671 premi.
537 2629 669 2660 Adiecit
691 2629 778 2659 idem
801 2629 834 2659 in
858 2629 921 2658 tab.
948 2628 980 2658 ΙΙ
1005 2627 1115 2658 ichno-

256 2684 426 2724 graphiam
449 2682 613 2723 gymnasii
636 2691 678 2712 ex
700 2688 810 2711 mente
832 2679 996 2711 Newtoni.

300 2736 463 2778 Xysllque.
497 2736 623 2776 Xystus
653 2735 811 2766 Romanis
840 2739 908 2765 erat
936 2733 1114 2764 ambulatio

257 2793 316 2822 sub
334 2792 420 2827 divo,
445 2799 526 2830 quae
549 2788 681 2819 Graecis
703 2783 920 2832 παραὸρὸμις
941 2785 1116 2815 vocabatur

256 2849 387 2879 Vitruv.
411 2848 452 2877 V.
478 2847 525 2882 11,
548 2848 568 2875 4
591 2851 621 2876 ct
644 2845 704 2875 VI.
729 2844 756 2881 7,
782 2845 808 2881 5,
839 2842 973 2873 floribus
1002 2846 1115 2872 ornata

257 2909 503 2939 nonnunquam.
521 2898 571 2930 Cf.
587 2895 990 2937 Gie1·igadP1in.Epp.11.
1003 2894 1051 2931 17,
1066 2893 1113 2926 17.

299 2957 316 2995 ξ
340 2957 367 2986 3.
401 2954 540 2985 Tulliola
561 2971 603 2976 -—-
630 2951 779 2992 appellat.
813 2951 954 2981 Videtur
982 2949 1115 2980 Atticus

257 3009 291 3039 in
314 3008 484 3040 Graeciam
506 3008 707 3048 profecturus
730 3004 962 3035 munusculum
984 3003 1115 3034 Tulliae

255 3062 451 3103 promisisse,
483 3061 577 3101 eique
606 3058 816 3101 promissioni
844 3068 911 3088 non
940 3066 1026 3093 vere,
1059 3056 1116 3087 sed

1130 1402 1289 1448 'panem.
1319 1402 1431 1440 Quum
1461 1402 1590 1432 Atticus
1620 1401 1654 1432 in
1684 1410 1820 1432 munere
1851 1401 2011 1432 mittendo

1130 1476 1133 1519 Ι
1154 1457 1286 1497 segnior
1308 1464 1401 1493 esset,
1435 1456 1547 1486 Tullia
1569 1455 1732 1495 cogitabat
1753 1456 1792 1486 de
1816 1455 2012 1496 appellando

1131 1531 1133 1534 -
1154 1519 1309 1550 sponsore
1331 1510 1400 1540 sive
1423 1510 1463 1540 de
1485 1509 1613 1547 afrendo
1637 1518 1678 1539 ex
1701 1518 1830 1548 sponsu,
1855 1509 1942 1548 quod
1955 1517 2013 1548 per

1155 1563 1244 1602 leges
1274 1562 1335 1602 ipsi
1365 1562 1491 1592 licebat.

1155 1670 1244 1710 prius
1274 1678 1374 1708 quam
1402 1676 1573 1707 sponsores
1610 1666 1817 1706 appellantur
1852 1667 1893 1696 ab
1929 1666 2010 1706 Imp.

1158 1723 1340 1754 Iustiniano
1371 1722 1503 1752 demum
1532 1727 1579 1751 est
1609 1720 1831 1755 constitutum,
1862 1719 1896 1750 in
1927 1719 2011 1750 Nov.

1159 1777 1217 1808 IV.
1242 1788 1267 1807 c.
1293 1777 1319 1806 1.

1197 1828 1361 1864 Abho-are,
1386 1837 1418 1857 o:
1449 1826 1660 1857 iureiurando
1689 1835 1809 1866 negare
1838 1834 1890 1856 nie
1920 1835 2012 1865 spon-

1155 1892 1263 1913 sorem
1292 1890 1371 1912 esse.
1414 1879 1463 1911 Cf.
1494 1878 1593 1910 Gron.
1624 1878 1714 1909 Leet.
1744 1878 1852 1908 Plaut.
1881 1887 1911 1918 p.
1943 1878 2012 1908 305.

1156 1934 1279 1975 Scripsi
1302 1938 1409 1963 autem
1432 1932 1506 1962 mihi
1528 1932 1559 1961 h.
1584 1931 1604 1961 l.
1629 1936 1660 1961 et
1675 1930 1802 1970 saepius
1817 1935 1929 1960 contra
1943 1930 2012 1960 cod.

1156 1988 1244 2019 Med.
1284 1986 1516 2021 auctoritatem,
1553 1994 1656 2024 quum
1681 1993 1783 2023 paene
1813 1988 1938 2014 certum
1973 1983 2015 2013 sit

1159 2041 1351 2072 Ciceronem
1381 2038 1484 2069 fornia
1514 2042 1677 2068 contracta
1711 2036 1915 2072 abstinuisse,
1950 2036 2014 2067 nisi

1156 2095 1239 2126 forte
1269 2095 1301 2125 in
1325 2092 1549 2124 locutionibus
1573 2101 1589 2122 8
1611 2100 1762 2122 sermone
1785 2090 1939 2121 familiari
1962 2091 2013 2121 de-

1158 2149 1302 2190 sumptis,
1332 2153 1367 2178 ut
1402 2146 1504 2177 XIII.
1541 2146 1591 2181 40,
1622 2146 1649 2176 2.
1675 2144 1820 2176 Orellius
1849 2145 1883 2175 in
1914 2145 2015 2176 altera

1158 2203 1301 2234 editione
1323 2201 1438 2241 Epis-tt.
1461 2199 1607 2230 codicem
1630 2199 1717 2229 Med.
1740 2199 1801 2228 hac
1817 2199 1851 2228 in
1866 2207 1900 2228 re
1923 2197 2015 2238 sequi

1157 2257 1280 2287 maluit.
1305 2256 1332 2285 Ι.
1354 2254 1391 2284 F.
1415 2253 1600 2284 Gronovius
1623 2252 1663 2282 ad
1685 2251 1768 2288 XII,
1791 2252 1841 2288 42,
1871 2252 1886 2281 1
1918 2252 2014 2281 adno-

1157 2310 1252 2341 tavit:
1285 2323 1298 2333 υ
1310 2309 1350 2338 111
1375 2306 1539 2338 veteribus
1561 2305 1653 2335 libris
1676 2304 1869 2344 plerumque
1892 2301 1920 2334 ἧι
1941 2303 2015 2334 scri-

1158 2365 1246 2395 bitur
1274 2372 1332 2403 pro
1361 2360 1445 2397 mihi,
1476 2364 1511 2390 ut
1541 2356 1559 2390 ἦ
1581 2368 1639 2399 pro
1663 2357 1735 2388 msssi.
1758 2358 1840 2388 Inde
1863 2367 1930 2388 non
1952 2357 2015 2388 col-

1158 2416 1330 2456 ligendum
1353 2413 1546 2444 Ciceronem
1568 2410 1732 2450 scripsisse
1755 2409 1830 2440 [ΛΞΡ

1201 2468 1392 2509 Dependere.
1417 2477 1449 2497 o:
1480 2476 1538 2506 pro
1568 2471 1599 2495 te
1628 2464 1766 2494 solvere.
1807 2463 1958 2494 Verbum
1981 2463 2014 2493 in

1158 2523 1219 2553 hac
1248 2531 1282 2551 re
1312 2519 1491 2560 proprium.
1528 2517 1577 2548 cf.
1601 2516 1693 2546 Fam.
1717 2515 1743 2546 I.
1768 2516 1796 2552 9,
1820 2515 1838 2545 9
1862 2515 1926 2546 nisi
1948 2524 2014 2545 cum

1160 2574 1270 2604 IlIarco
1293 2572 1460 2611 diliyenler
1482 2569 1593 2609 eyeriS,
1617 2568 1851 2608 dependendum
1874 2567 1932 2597 tibi
1956 2569 2014 2603 est,

1160 2627 1242 2669 quod
1263 2625 1338 2656 mihi
1347 2635 1408 2664 pro
1422 2623 1479 2654 illo
1494 2622 1697 2663 spopondisti.
1720 2622 1792 2652 Att.
1808 2620 1907 2652 XIV.
1923 2620 1971 2658 16,
1986 2621 2016 2650 4.

1160 2681 1261 2713 Gron.
1285 2680 1325 2710 ad
1347 2679 1455 2709 Plaut.
1479 2677 1571 2707 Trin.
1595 2676 1641 2706 II.
1662 2677 1691 2713 4,
1705 2675 1755 2706 25.
1777 2675 1867 2706 Hinc
1887 2683 2016 2715 quoque

1161 2743 1204 2765 ex
1232 2733 1305 2772 lege
1335 2730 1479 2762 Publilia
1506 2729 1655 2770 sponsori
1677 2729 1710 2760 in
1734 2727 1927 2759 creditorem
1950 2731 2016 2758 erat

1161 2787 1245 2817 actio
1267 2785 1402 2824 depensi.
1425 2784 1495 2815 Gai.
1520 2783 1579 2815 111.
1604 2782 1673 2815 127.

258 3122 294 3147 ut
317 3116 353 3147 fit
375 3125 432 3156 per
465 3115 574 3147 iocum
604 3114 695 3145 velut.
723 3121 914 3154 sponsorem
944 3109 1115 3142 accessisse
1137 3118 1140 3158 Ι

1550 1561 1637 1591 Nam
1665 1560 1861 1591 beneficium
1888 1560 2012 1591 ordinis
2062 1570 2066 1574 ·

1104 1638 1109 1644 .
1156 1627 1178 1647 s.
1209 1616 1383 1646 necessitas
1411 1615 1554 1646 adeundi
1582 1614 1762 1645 debitorem
1797 1614 2012 1654 principalem
