2117 3533
229 983 264 1008 10

232 1344 264 1370 15

276 172 364 212 284
674 169 758 210 ΕΡ.
791 167 868 208 AD
900 165 946 206 T.
980 163 1329 206 POMPONIUM
1363 163 1627 206 ATTICUM.

277 312 368 349 truo
401 305 543 347 sororis
576 309 669 345 tuae
701 302 802 344 filii?
837 304 892 343 At
924 317 947 343 a
980 300 1126 355 quibus
1158 300 1318 342 victus?
1353 300 1430 342 Sed
1464 300 1514 342 ad
1546 315 1640 343 rem.
1676 302 1716 342 4.
1750 301 1837 342 Nos
1873 301 2032 344 Etesiae

279 378 623 423 vehementissime
665 376 890 418 tardarunt.
944 375 1130 417 Detraxit
1170 388 1232 416 xx
1263 375 1370 430 ipsos
1404 374 1489 416 dies
1522 374 1641 416 etiam
1676 374 1888 429 aphractus
1927 374 2034 416 Rho-

280 454 451 494 diorum.
486 450 579 491 Kal.
614 448 779 491 Octobr.
814 448 974 504 Epheso
1009 447 1323 489 conscendentes
1355 448 1460 489 hanc
1504 447 1713 503 epistolam
1758 446 1942 488 dedimus
1985 446 2034 489 L.

279 523 498 579 'l'arquitiQ
534 522 653 564 simul
685 537 705 562 e
738 526 857 577 portu
889 520 1110 576 egredienti
1144 520 1210 561 sed
1254 520 1479 576 expeditius
1522 519 1743 574 naviganti.
1798 520 1886 561 Nos
1930 519 2036 561 Rho-

281 598 436 639 diorum
471 596 671 651 aphractis
705 596 924 650 ceterisque
956 595 1088 650 longis
1120 593 1291 635 navibus
1324 594 1635 649 tranquillitates
1680 593 1918 648 aucupaturi
1955 607 2037 634 era-

280 686 383 712 mus.
417 670 482 711 Ita
514 674 647 710 tamen
680 667 1004 724 properabamus,
1038 672 1085 708 ut
1116 683 1197 709 non
1238 672 1371 722 posset
1413 667 1554 721 magis,
1617 668 1657 707 5.
1691 667 1752 707 De
1794 666 2038 708 raudusculo

281 743 502 786 Puteolano
535 746 707 797 gratum.
752 742 875 782 Nunc
907 741 1027 782 velim
1060 740 1248 796 dispicias
1280 755 1343 781 res
1375 741 1588 791 Romanas,
1623 739 1758 781 videas
1792 739 1889 794 quid
1921 738 2039 781 nobis

282 817 331 858 de
363 815 568 871 triumpho
602 815 860 870 cogitandum
893 818 1024 870 putes,
1060 813 1110 855 ad
1143 828 1261 868 quem
1295 813 1413 854 amici
1445 828 1507 854 me
1540 817 1699 854 vocant.
1733 813 1835 868 Ego,
1870 812 1951 853 nisi
1972 813 2040 854 Bi-

282 889 416 941 bulus,
451 889 534 944 qui,
570 888 666 929 dum
698 903 804 929 unus
836 887 964 928 hostis
997 887 1041 928 in
1075 886 1188 942 Syria
1221 886 1312 937 fuit,
1348 885 1491 941 pedem
1523 890 1638 941 porta
1670 901 1752 927 non
1784 885 1875 940 plus
1896 885 2042 926 extulit

283 978 403 1019 quam
437 962 553 1003 domo
587 975 671 1011 sua,
707 960 954 1002 adniteretur
988 959 1036 1000 de
1070 958 1290 1014 triumpho,
1323 973 1450 1014 aequo
1474 958 1607 999 animo
1631 973 1771 999 essem.
1805 958 1928 999 Nunc
1951 972 2042 999 vero

284 1032 507 1094 αἰσχρὸν
539 1036 746 1091 σιωπᾷν.
786 1034 864 1076 Sed
898 1034 1060 1090 explora
1093 1049 1176 1075 rem
1209 1038 1349 1085 totam,
1379 1038 1439 1085 ut,
1465 1049 1544 1089 quo
1568 1033 1633 1075 die
1657 1033 1859 1088 congressi
1880 1033 2043 1085 erimus,

284 1109 495 1150 consilium
529 1123 667 1163 capere
700 1108 911 1163 possimus.
968 1109 1039 1149 Sat
1070 1107 1211 1158 multa,
1247 1107 1318 1162 qui
1351 1112 1390 1148 et
1438 1122 1705 1162 properarem,
1752 1111 1791 1147 et
1831 1107 1867 1148 ei
1909 1107 2045 1148 literas

285 1183 434 1234 darem,
468 1183 537 1237 qui
570 1186 640 1223 aut
673 1197 827 1224 mecum
861 1186 931 1223 aut
963 1181 1098 1237 paullo
1132 1186 1223 1222 ante
1258 1186 1450 1222 venturus
1483 1185 1601 1223 esset.
1656 1181 1795 1222 Cicero
1837 1180 1914 1222 tibi
1957 1181 2045 1236 plu-

284 1257 425 1298 rimam
458 1256 626 1297 salutem
660 1256 773 1297 dicit.
825 1256 888 1298 Tu
921 1255 1029 1297 dices
1062 1255 1274 1310 utriusque
1306 1259 1488 1297 nostrum
1521 1255 1652 1297 verbis
1696 1259 1737 1295 et
1780 1254 1907 1296 Piliae
1951 1258 2044 1295 tuae

285 1334 325 1372 et
356 1329 475 1371 filiae.

332 1496 371 1526 12
393 1495 435 1526 At
458 1495 556 1526 multa
580 1511 621 1516 —

332 1642 395 1673 Sed
414 1641 459 1672 ad
479 1651 541 1672 rem
565 1651 598 1671 o:
628 1642 686 1672 sed
714 1640 791 1672 satis
820 1642 861 1672 de
889 1641 959 1672 illo.
1004 1641 1068 1673 Ille
1101 1642 1147 1672 in-

1197 1641 1339 1672 otiosum
1362 1641 1445 1672 illud
1467 1642 1497 1671 et
1512 1640 1585 1677 iam,
1602 1645 1634 1670 et
1648 1638 1837 1680 perturbata
1851 1638 2052 1670 constructio

292 1697 413 1737 dignus
436 1700 492 1733 est,
516 1695 573 1736 qui
601 1694 725 1726 diutius
755 1704 816 1725 nos
845 1694 991 1726 detineat
1000 1709 1007 1732 3
1039 1695 1149 1726 venia-

1198 1695 1373 1726 verborum
1403 1695 1571 1734 aphractos
1600 1711 1641 1715 —
1669 1692 1922 1729 conscendentes,
1958 1697 1990 1723 et
2026 1691 2061 1723 in

293 1759 366 1780 mus
392 1748 570 1789 aliquando
593 1748 633 1778 ad
656 1757 736 1779 rem.

338 1803 356 1842 ξ
387 1803 416 1832 4.
451 1790 722 1831 Vehementissime
760 1799 942 1830 tardarunt.
978 1800 1154 1832 Assentior

295 1855 464 1888 Gronovio
486 1854 747 1886 vehementissimi
770 1854 960 1894 corrigenti.

338 1908 489 1940 Detraxit
511 1906 575 1938 XX
593 1907 676 1948 ipsos
697 1906 763 1937 dies
783 1906 876 1937 etiam
891 1907 1062 1947 aphractus
1076 1907 1158 1937 Rho-

298 1963 428 1995 diorum.
452 1962 567 1994 Cicero
590 1961 688 1993 Sidae
710 1971 829 1993 navem
844 1962 1012 1993 adscendit
1025 1966 1056 1993 et
1070 1962 1156 1993 Rho-

299 2019 378 2049 dum
400 2022 512 2049 vectus
535 2022 593 2048 est.
632 2017 716 2048 Inde
738 2026 840 2056 quum
861 2016 1012 2047 Athenas
1034 2021 1158 2057 peteret

300 2070 419 2102 Etesiis
442 2070 622 2101 retardatus
644 2069 814 2110 Ephesum
833 2078 866 2099 se
889 2068 1039 2105 contulit,
1070 2069 1159 2100 unde

300 2124 359 2154 has
382 2123 492 2153 literas
515 2122 614 2153 dedit.
657 2121 845 2161 Aphractus
867 2121 1072 2152 Rhodiorum
1102 2130 1159 2152 seu

303 2186 368 2207 non
392 2177 529 2207 veniens
552 2175 604 2206 die
630 2174 718 2206 dicto
741 2184 797 2205 seu
826 2174 1021 2205 reficiendus
1051 2174 1161 2205 attulit

304 2231 402 2262 etiam
423 2240 550 2261 moram
573 2229 643 2260 XX
666 2229 803 2260 dierum.
844 2222 933 2260 Cave
955 2229 1161 2270 obtemperes

305 2283 478 2314 'runstallo
502 2282 535 2313 in
566 2282 659 2323 epist.
690 2282 760 2312 crit.
792 2292 822 2322 p.
852 2282 913 2312 144
942 2286 974 2312 et
1001 2281 1116 2312 25811.
1139 2282 1161 2312 1.

306 2338 351 2368 sic
374 2336 546 2368 scribenti:
571 2335 752 2366 Detraxere
782 2336 815 2375 (e
843 2336 914 2367 cod.
945 2335 1076 2374 Ursini)
1104 2335 1166 2366 XX

306 2390 386 2429 ipsos
408 2389 493 2419 dies.-
522 2390 552 2418 et
582 2387 644 2418 iam
674 2388 843 2428 aphractos
872 2388 1059 2419 Rhodiorum
1089 2387 1163 2419 Kal.

310 2442 378 2472 Oct.
401 2441 519 2481 Epheso
542 2441 784 2472 conscendentes
807 2445 865 2472 cet.
890 2440 1040 2471 Primum
1062 2440 1096 2471 in
1112 2440 1163 2471 his

308 2495 445 2526 offendit
465 2494 598 2525 insolita
620 2495 724 2525 forma
746 2495 880 2535 perfecti
911 2500 944 2526 et
972 2495 1036 2526 duo
1065 2495 1166 2526 verba

309 2548 455 2579 eiusdem
477 2548 544 2580 fere
568 2548 735 2588 potestatis
752 2549 793 2579 ad
811 2548 939 2580 Etesias
955 2548 1075 2585 relata3
1093 2552 1165 2579 tum

921 2655 996 2695 IX.

1198 1748 1260 1778 hac
1283 1747 1515 1779 coniunctione
1536 1745 1673 1787 pluralis
1703 1754 1869 1776 numerus.
1910 1744 2063 1776 Conscen-

1201 1801 1276 1832 dere
1306 1802 1454 1833 absolute
1483 1801 1628 1842 positum
1656 1799 1816 1831 Graevius
1846 1799 1990 1830 illustrat
2019 1798 2062 1829 ci-

1203 1860 1276 1887 tans
1299 1865 1340 1887 ex
1363 1855 1455 1896 epist.
1479 1855 1519 1885 ad
1544 1854 1585 1892 Q.
1608 1853 1645 1884 fr.
1668 1853 1714 1884 II.
1738 1854 1766 1890 2,
1789 1854 1818 1883 4.
1843 1851 1893 1884 Cf.
1918 1851 1995 1883 ibid.
2013 1851 2060 1882 ΙΙ.

1205 1909 1232 1947 6,
1256 1910 1275 1940 2
1304 1911 1338 1939 ut
1369 1911 1425 1939 aut
1452 1908 1593 1939 Labrone
1622 1909 1678 1937 aut
1711 1906 1796 1936 Pisis
1829 1905 2062 1937 conscenderet.

1204 1962 1275 1994 Att.
1298 1962 1362 1993 IX.
1385 1963 1413 1993 2.
1439 1962 1466 1999 6,
1491 1961 1519 1992 3.
1542 1960 1641 1991 XVI.
1665 1961 1694 1997 3,
1718 1959 1746 1990 6.
1770 1959 1858 1990 Phil.
1883 1959 1910 1989 l.
1934 1957 1962 1990 7.

1250 2018 1268 2057 ξ
1289 2017 1317 2046 5.
1340 2015 1388 2045 De
1410 2013 1601 2045 raudusculo
1624 2013 1696 2043 Put.
1716 2014 1854 2053 yratnm.
1887 2026 1899 2037 a
1911 2011 2064 2042 Fortasse

1206 2069 1294 2110 quod
1316 2067 1489 2109 pecuniam
1503 2066 1641 2098 solveris
1656 2065 1693 2097 C.
1710 2065 1864 2096 Vestorio
1880 2064 2064 2095 Puteolano

1208 2133 1226 2153 a
1248 2132 1300 2153 me
1322 2121 1466 2153 debitam
1490 2119 1568 2161 (IV.
1592 2120 1619 2157 6,
1643 2120 1688 2160 4).
1727 2118 1872 2149 Pecunia
1896 2122 1982 2149 certe
2011 2118 2064 2149 de-

1211 2177 1276 2207 bita
1298 2176 1429 2207 videtur
1451 2174 1629 2215 significari
1653 2173 1728 2213 (IV.
1753 2174 1771 2203 8
1795 2182 1822 2203 a.
1846 2173 1912 2212 1).”
1937 2172 2066 2202 Manut.

1210 2231 1286 2261 Pari
1310 2230 1468 2261 brevitate
1491 2229 1572 2259 VII.
1604 2229 1631 2265 2,
1663 2227 1681 2260 7
1709 2226 1749 2257 de
1777 2225 1969 2257 raudusculo
1997 2224 2065 2256 Nu-

1210 2282 1346 2313 meriano
1368 2282 1495 2312 multum
1518 2283 1549 2311 te
1570 2290 1649 2311 amo.

1248 2334 1296 2365 De
1319 2334 1483 2374 triumpho.
1508 2333 1558 2365 Cf.
1583 2333 1662 2364 VH.
1686 2333 1714 2369 2,
1740 2333 1768 2363 ὅ.

1249 2386 1305 2417 Sat
1327 2387 1435 2417 multa.
1471 2385 1556 2417 Dedi
1580 2386 1620 2416 de
1643 2384 1793 2416 Schutzii
1815 2384 1899 2415 coni.
1932 2383 2067 2424 probata

1208 2450 1340 2482 quoque
1362 2439 1615 2479 Wesenbergio,
1639 2439 1779 2469 Emend.
1802 2448 1832 2478 p.
1865 2438 1933 2468 122.
1972 2437 2066 2477 Inep-

1208 2498 1278 2525 tum
1302 2498 1358 2530 est,
1382 2494 1470 2534 quod
1492 2493 1594 2533 vulgo
1617 2492 1739 2532 legitur
1760 2491 1803 2522 At
1825 2490 1935 2522 multa.

1062 2655 1128 2706 (A.
1170 2654 1214 2694 U.
1253 2653 1294 2693 c,
1333 2652 1449 2705 703.)

378 2769 417 2808 l.
451 2768 501 2808 In
534 2767 698 2808 Piraeea
731 2781 854 2821 quum
890 2767 1058 2808 exissem
1092 2767 1219 2822 pridie
1266 2767 1364 2808 Idus
1406 2765 1587 2815 Octobr„
1634 2766 1767 2820 accepi
1813 2764 1863 2805 ab
1909 2766 2069 2811 Acasto,

315 2855 425 2881 servo
458 2855 560 2891 meo,
595 2840 730 2881 statim
764 2845 855 2881 tuas
889 2840 1039 2891 literas,
1075 2856 1174 2895 quas
1210 2841 1371 2895 quidem
1407 2854 1531 2894 quum
1565 2841 1855 2892 exspectassem
1889 2836 1967 2876 iam
1985 2834 2068 2884 diu,

359 3005 377 3043 ξ
401 3005 429 3036 1.
452 3003 493 3034 In
514 3003 661 3035 Piraeea.
698 3004 746 3035 Cf.
771 3005 852 3036 VII.
876 3006 904 3042 3,
929 3005 977 3041 10,
1001 3006 1088 3037 unde
1118 3015 1169 3045 ap·
1218 3010 1249 3036 et
1270 3005 1397 3045 scripsit
1420 3013 1483 3034 meo
1506 3004 1636 3033 statore.
1659 3001 1830 3040 Nusquam
1854 2998 1968 3030 Cicero
1984 2998 2072 3028 hunc

319 3063 409 3096 paret
428 3057 548 3089 rectius
571 3057 635 3088 dici
658 3057 690 3088 z'n
714 3057 886 3089 Piraeeum.

1218 3059 1379 3089 Acastum
1402 3062 1556 3087 statorem
1578 3064 1674 3086 suum
1697 3052 1846 3093 appellnt.
1884 3051 1995 3080 Statim
2017 3050 2072 3080 ad.-

361 3112 431 3143 Ac'c.
454 3113 492 3143 ab
515 3112 640 3150 Ασαδίο,
663 3122 751 3144 servo
775 3124 850 3150 meo,
872 3113 978 3144 statim.
1002 3116 1023 3143 Ι.
1047 3114 1069 3143 l.
1104 3113 1173 3143 Au-
1219 3110 1310 3147 didit,
1322 3109 1477 3150 quoniam
1491 3108 1552 3138 sibi
1564 3107 1603 3137 de
1616 3115 1694 3136 nave
1707 3103 1833 3135 exeunti
1844 3103 1985 3134 Acastus
1999 3111 2073 3132 cum

319 3165 429 3196 dacius
451 3166 601 3197 Muretus
638 3166 679 3196 V.
709 3166 747 3196 L.
778 3166 855 3197 XV.
885 3168 904 3196 8
932 3166 1054 3198 delevit
1084 3175 1173 3196 servo
1221 3165 1323 3196 literis
1346 3168 1474 3205 praesto
1496 3162 1565 3200 fuit,
1590 3165 1625 3191 ut
1647 3158 1759 3190 scribit
1780 3158 1872 3189 Fam.
1889 3157 1986 3188 XIV.
2002 3158 2030 3194 5,
2045 3156 2071 3188 l.
