2117 3533
767 174 874 215 LIB.
908 174 943 214 Ι.
978 174 1062 214 ΕΡ.
1099 174 1169 213 20.
1788 170 1841 210 67

91 312 252 352 alterius
284 309 482 365 praesidia
515 307 769 357 veniendum,
805 314 845 347 et
876 308 923 357 is,
960 307 1007 347 de
1042 322 1119 361 quo
1154 305 1307 355 scribis,
1342 305 1445 345 1111111
1489 303 1611 344 habet
1654 303 1843 357 amplum,

90 384 192 425 nihil
224 383 437 433 excelsum,
471 382 573 423 nibil
605 397 687 422 non
720 381 975 421 summissum
1008 384 1128 434 atque
1157 378 1346 434 populare
1368 396 1447 428 —3
1471 381 1744 418 verumtamen
1767 376 1845 417 fuit

89 458 190 499 ratio
230 457 331 497 mihi
373 457 537 497 fortasse
571 455 621 496 ad
653 453 988 508 tranquillitatem
1020 467 1199 493 meorum
1230 456 1455 505 temporum
1488 465 1569 491 non
1602 449 1772 500 inutilis,
1805 453 1845 489 et

88 530 311 572 mehercule
343 530 401 570 rei
432 529 617 585 publicae
650 527 776 567 multo
810 527 930 566 etiam
963 525 1100 566 utilior
1135 539 1255 579 quam
1286 523 1400 573 mihi,
1441 528 1528 563 tum
1572 522 1844 577 improborum

87 604 260 658 impetus
293 603 336 643 in
368 618 430 643 me
463 601 639 656 reprimi,
676 614 799 653 quum
824 598 998 639 hominis
1022 597 1265 652 amplissima
1283 596 1457 645 fortuna,
1482 595 1732 645 anctoritate,
1757 608 1843 648 gra-

86 676 143 716 tia
174 676 435 716 fluctuantem
469 673 707 719 sententiam
741 672 1033 711 confirmassem
1075 675 1114 710 et
1158 686 1180 710 a
1225 684 1291 724 spe
1335 668 1530 709 malorum
1574 667 1623 708 ad
1666 682 1843 708 mearum

84 763 215 789 rerum
248 747 408 788 laudem
441 745 736 787 convertissem.
778 744 897 795 Quod
931 744 964 784 si
997 758 1088 783 cum
1122 743 1255 797 aliqua
1286 741 1448 783 levitate
1480 741 1581 782 1111111
1614 740 1843 781 faciendum

85 820 240 871 fuisset,
273 820 426 861 nullam
458 834 541 860 rem
573 818 677 859 tanti
711 817 1001 866 aestimassem3
1047 815 1116 856 sed
1152 816 1321 869 [tamen]
1359 830 1380 855 a
1412 829 1474 855 me
1519 814 1576 854 ita
1621 818 1715 853 sunt
1756 817 1844 853 acta

85 893 231 943 omnia,
265 907 347 934 non
378 898 425 933 ut
458 907 530 946 ego
562 891 622 932 illi
655 890 873 931 assentiens
905 889 1028 930 levior
1062 888 1131 929 sed
1172 893 1218 929 ut
1260 888 1327 929 ille
1369 903 1432 929 me
1471 887 1644 943 probans
1688 887 1843 941 gravior

85 964 298 1006 videretur.
336 967 376 1005 3.
411 964 580 1018 Reliqua
614 963 669 1004 sic
703 978 725 1003 a.
758 977 820 1002 me
854 966 1028 1015 aguntur
1061 966 1101 1000 et
1134 964 1316 1014 agentur,
1353 964 1400 1000 ut
1429 975 1510 1000 non
1533 960 1841 1010 committamus,

84 1042 130 1078 ut
162 1053 221 1087 ea,
256 1052 357 1092 quae
391 1037 599 1092 gessimus,
634 1035 800 1076 fortuito
833 1034 1001 1089 gessisse
1034 1032 1253 1074 videamur.
1296 1034 1409 1074 Meos
1443 1032 1568 1074 bonos
1601 1033 1719 1084 viros,
1753 1033 1842 1074 fflos

84 1126 183 1165 quos
217 1111 430 1165 significas,
465 1115 505 1151 et
538 1125 637 1158 eam,
673 1124 789 1163 quam
824 1107 924 1148 mihi
958 1107 1057 1147 dicis
1091 1105 1296 1160 obtigisse,
1331 1103 1582 1164 Σπάρταν
1613 1121 1695 1146 11011
1724 1105 1842 1146 1110ἆο

82 1198 289 1237 nunquam
323 1183 514 1234 deseram,
550 1183 617 1224 sed
651 1183 785 1232 etiam,
821 1181 854 1222 si
886 1195 958 1235 ego
993 1179 1042 1220 ab
1074 1179 1143 1220 illa
1176 1179 1345 1229 deserar,
1379 1184 1514 1220 tamen
1546 1179 1590 1219 in
1622 1194 1709 1220 mea
1742 1180 1841 1234 pris-

83 1257 169 1298 tina
202 1256 399 1297 sententia
431 1255 684 1311 permanebo.
729 1254 838 1296 Elud
870 1259 1018 1302 tamen,
1062 1252 1194 1302 Velim,
1239 1252 1442 1292 existimes
1482 1267 1544 1292 me
1587 1251 1691 1292 hanc
1736 1253 1840 1293 viam

83 1329 317 1383 optimatem
348 1333 439 1383 post
472 1328 606 1369 Catuli
645 1332 814 1368 mortem
856 1340 929 1366 1166
971 1323 1168 1379 praesidio
1212 1323 1295 1363 ullo
1338 1339 1411 1364 1166
1453 1324 1647 1365 comitatu
1690 1330 1840 1366 tenere.

81 1401 204 1451 Nam,
238 1406 285 1442 ut
318 1401 374 1442 ait
407 1400 602 1450 Rhinton,
635 1405 683 1440 ut
716 1398 869 1453 opinor,

119 1578 138 1608 3
159 1575 296 1615 inutilis,
314 1576 372 1607 sed
391 1595 434 1599 -—
455 1578 474 1607 8
496 1578 600 1607 tamen
622 1593 663 1597 —

984 1743 1219 1784 particularum
1246 1743 1411 1781 Kellerus,
1449 1742 1666 1776 Semestrium
1701 1746 1758 1776 lib.
1794 1747 1840 1777 II.

984 1809 1014 1838 p.
1036 1798 1096 1828 451
1121 1804 1151 1828 et
1175 1798 1245 1828 528.

1027 1852 1045 1890 ξ
1068 1852 1096 1881 3.
1121 1851 1209 1881 Meos
1230 1851 1323 1881 bonos
1341 1850 1435 1881 riros.
1458 1851 1507 1882 De
1526 1851 1619 1882 bonis
1638 1852 1717 1883 viris
1730 1853 1842 1883 notavi

985 1906 1025 1935 ad
1049 1914 1097 1945 ep.
1122 1905 1170 1941 13,
1194 1906 1221 1935 3.
1252 1905 1318 1934 Eos
1342 1905 1483 1944 appellat
1505 1915 1586 1935 meos
1608 1915 1640 1935 o:
1670 1906 1752 1936 mihi
1787 1907 1840 1937 de-

985 1960 1079 1990 ditos.

1026 2009 1200 2055 Σπάρταν.
1225 2011 1370 2051 Respicit
1393 2012 1434 2041 ad
1456 2020 1587 2041 versum
1610 2021 1652 2042 ex
1676 2012 1842 2053 Euripidis

79 1748 260 1790 speciosum
283 1757 362 1784 esse,
386 1757 453 1778 non
483 1756 599 1778 verum
627 1746 750 1786 patebit
779 1745 937 1786 cogitanti

80 1803 260 1834 locutiones
279 1801 384 1843 ‚qradu
406 1802 572 1842 clepellerp,
604 1801 642 1831 (le
665 1800 770 1842 qradzc
801 1800 938 1831 deiicere

80 1862 111 1888 et
133 1857 204 1887 sim.
227 1856 337 1895 Quare
360 1856 394 1886 in
418 1856 477 1886 illo
501 1855 638 1886 Salustii
660 1855 733 1885 1060
756 1854 840 1885 nihil
867 1864 936 1884 mu-
960 1846 961 1852 ¹

82 1911 220 1941 tandum
242 1915 320 1941 erat.
961 1931 962 1947 ,

119 1964 213 1995 Intra
229 1964 364 1995 alterius
370 1963 537 2005 praesidia
554 1963 745 1994 veniendum.
769 1963 818 1994 Cf.
834 1963 936 1993 VIII.

81 2019 117 2050 11
147 2019 198 2056 D„
227 2020 247 2048 4
276 2018 328 2059 qui
356 2037 397 2041 —
425 2017 513 2048 intra.
534 2017 701 2057 praesidia
730 2019 822 2058 atque
850 2017 936 2047 inira
961 2030 963 2055 g

79 2084 168 2104 arma
189 2073 298 2104 aliena
320 2073 487 2103 venissent.
522 2072 717 2109 Discrimen,
741 2072 830 2112 quod
858 2070 937 2102 Gro-
960 2075 963 2111 ,j

81 2128 199 2159 novius
222 2129 263 2158 ad
283 2127 359 2158 Liv.
381 2126 533 2157 XXXV.
557 2127 606 2163 11,
630 2127 669 2156 10
692 2125 850 2156 indicavit
871 2135 937 2155 ma-
960 2130 961 2134 ’

986 2068 1143 2108 Telepho,
1183 2069 1239 2108 qui
1277 2069 1343 2100 fere
1383 2071 1549 2110 proverbii
1584 2071 1653 2100 vim
1683 2070 1840 2101 obtinuit:

987 2119 1144 2164 Σπάρταν
1183 2116 1316 2166 ἔλαχες,
1358 2121 1486 2155 ταύταν
1524 2119 1657 2168 κόσμει,
1691 2132 1773 2163 quae
1802 2124 1843 2154 ab

81 2183 131 2223 gis
153 2192 254 2222 quam
281 2181 459 2212 declaravit
487 2180 766 2221 praepositionum
793 2179 877 2209 inter
907 2185 937 2210 et
960 2168 961 2194 ³

78 2233 165 2266 intra
188 2235 221 2265 in
245 2243 283 2265 eo
305 2234 447 2274 positum
470 2239 527 2269 est,
543 2239 579 2263 ut
597 2233 659 2263 hoc
675 2232 797 2263 indicet
813 2231 937 2271 aliquid
960 2229 962 2244 ³

81 2288 122 2319 ab
143 2288 235 2319 omni
256 2292 346 2328 parte
369 2292 516 2328 saeptum
545 2296 622 2324 esse,
654 2286 737 2316 illud
765 2295 842 2316 vero
872 2294 936 2315 me-

82 2341 173 2371 dium
195 2350 263 2371 esse
286 2340 320 2370 in
345 2340 455 2379 aliqua
477 2349 511 2370 re
527 2339 579 2370 vel
595 2338 748 2379 progredi
762 2347 819 2378 per
833 2337 936 2367 illam.

84 2392 133 2425 Cf.
160 2393 284 2433 Reisig.
315 2392 426 2423 Schol.
457 2393 474 2432 ξ
503 2393 574 2422 410.
611 2391 721 2422 Hand.
752 2391 847 2421 Turs.
870 2390 937 2420 III.

81 2446 141 2477 439
177 2456 224 2487 sq.
261 2450 293 2477 et
329 2445 523 2477 Schneideri
552 2445 625 2475 adn.
663 2444 733 2474 crit.
769 2444 809 2474 ad
845 2442 936 2474 Caes.

80 2500 119 2531 B.
141 2498 180 2531 G.
203 2501 231 2530 1.
255 2500 303 2536 36,
328 2499 356 2531 7.

121 2551 162 2582 Et
183 2552 211 2582 is
233 2571 274 2575 —
289 2552 446 2592 populare
475 2562 507 2582 o:
538 2558 569 2582 et
598 2551 775 2591 Pompeius
806 2560 873 2580 non
904 2559 937 2580 se

80 2609 219 2646 praestat
240 2606 364 2637 bonum
375 2606 483 2636 virum
503 2610 534 2636 et
547 2604 753 2646 optimatium
768 2604 936 2640 fautorem,

83 2660 139 2690 sed
159 2660 309 2700 populari
331 2659 435 2700 gratia
457 2659 639 2700 potentiam
661 2659 796 2698 quaerit.

123 2711 164 2742 Et
186 2712 368 2743 mehercule.
385 2711 509 2752 Scripsi
524 2721 583 2751 pro
598 2711 655 2741 sed
670 2711 861 2746 721ehercrele;
876 2711 938 2741 hoe
960 2737 962 2760 l

85 2765 174 2796 enim
194 2771 230 2797 ut
252 2766 383 2806 gravius
406 2765 627 2805 superioribus
650 2765 849 2805 adiungitur,
880 2765 937 2795 mi-
960 2761 962 2792 ἰ

83 2817 173 2849 nime
194 2828 272 2849 vero
294 2818 361 2849 illis
383 2818 567 2858 opponitur.

127 2870 197 2902 Cum
219 2871 327 2913 aliqua
350 2870 480 2901 lez-itate
503 2880 535 2901 o:
560 2870 604 2900 ita
626 2878 662 2900 ut
684 2870 884 2902 discederem
900 2870 940 2900 ab
961 2863 963 2894 1

83 2924 240 2956 institutis
262 2925 354 2962 meis,
377 2930 412 2955 ut
432 2924 515 2955 mihi
537 2933 605 2954 non
627 2929 811 2955 constarem
828 2924 861 2954 in
876 2924 940 2954 dic·
961 2913 963 2955 1

83 2978 124 3010 tis
147 2985 179 3010 et
200 2978 303 3010 factis.
962 2957 964 2992 l

125 3029 187 3062 Sed
201 3033 315 3063 tamen.
329 3031 493 3063 Ultimam
502 3040 617 3062 vocem
624 3035 799 3071 praeeunte
811 3030 940 3062 Faerno
963 3034 965 3053 1

984 2177 1239 2217 Agamemnone
1268 2179 1308 2209 ad
1331 2178 1464 2210 fratrem
1486 2179 1571 2210 dicta
1595 2190 1664 2211 esse
1678 2181 1841 2212 videntur.

986 2229 1033 2260 Cf.
1066 2229 1230 2270 Sauppius
1257 2231 1291 2261 in
1321 2232 1393 2262 Ind.
1423 2231 1556 2270 Graeco,
1586 2238 1617 2263 et
1645 2233 1842 2264 Leutschius

985 2285 1025 2314 ad
1047 2284 1188 2323 Diogen.
1212 2284 1304 2316 Cent.
1328 2286 1426 2316 VIII.
1451 2287 1499 2316 16.
1526 2287 1559 2317 A
1582 2297 1659 2318 vera
1681 2288 1842 2327 signifiea-

983 2336 1073 2367 tione
1103 2337 1147 2367 ita
1169 2338 1326 2377 paulatim
1349 2348 1462 2369 versus
1486 2339 1628 2377 deflexit,
1651 2345 1687 2370 ut
1703 2340 1842 2386 Σπάρτα

984 2403 1042 2434 pro
1065 2394 1180 2434 quavis
1211 2395 1388 2435 provincia,
1419 2397 1669 2438 quibuscunque
1697 2399 1842 2438 partibus

984 2447 1155 2477 diceretur.

1026 2499 1121 2530 Hanc
1142 2500 1223 2530 riam
1246 2501 1433 2540 oplimatem.
1457 2501 1512 2533 Sic
1534 2508 1620 2534 recte
1643 2504 1677 2534 in
1693 2505 1842 2544 margine

985 2552 1073 2582 Med.
1109 2557 1291 2583 correctum
1327 2559 1415 2594 puto,
1452 2556 1601 2595 quamvis
1637 2566 1705 2587 non
1733 2557 1842 2588 minus

960 2603 961 2606 ’
984 2609 1071 2635 recte
1093 2604 1237 2643 optimam
1260 2606 1358 2636 scribi
1384 2612 1502 2647 posset.
1525 2606 1573 2638 Cf.
1597 2609 1705 2639 adnot.
1737 2610 1777 2639 ad
1797 2610 1842 2639 Π.

987 2658 1013 2694 1,
1037 2658 1064 2687 6.
1088 2658 1153 2687 Ι110
1176 2658 1336 2689 adiectivo
1364 2669 1459 2690 usum
1489 2669 1557 2691 esse
1587 2660 1779 2692 Ciceronem
1809 2663 1842 2692 in

985 2712 1021 2742 Π
1043 2712 1082 2742 (16
1104 2711 1184 2751 Rep.
1200 2712 1353 2743 novimus
1371 2723 1387 2744 e
1404 2713 1515 2744 Nonio
1530 2724 1560 2744 v.
1577 2714 1735 2752 modicum,
1760 2715 1844 2755 apud

986 2764 1157 2797 Osannum
1179 2776 1208 2805 p.
1233 2767 1302 2796 205.

960 2834 980 2852 .·
1028 2819 1104 2850 Post
1136 2818 1242 2849 Catuli
1271 2822 1404 2851 moriem.
1449 2821 1489 2859 Q.
1526 2822 1678 2853 Lutatius
1709 2823 1843 2855 Catulus

986 2879 1208 2914 propugnator
1229 2875 1445 2915 optimatium,
1465 2886 1563 2916 quem
1579 2876 1692 2907 Cicero
1708 2879 1843 2909 summis

986 2926 1138 2957 laudibus
1160 2936 1276 2957 ornare
1299 2927 1380 2957 solet
1403 2938 1432 2957 v.
1456 2938 1482 2958 6.
1513 2928 1546 2958 111
1583 2928 1742 2967 Sestiana,
1773 2931 1842 2968 101,

986 2979 1048 3008 hoc
1071 2978 1141 3018 ipso
1163 2988 1250 3009 anno
1272 2979 1392 3010 obiisse
1414 2980 1552 3010 videtur.

1029 3030 1177 3060 Rhinton.
1207 3030 1256 3061 Dc
1278 3031 1445 3062 Rhintone
1474 3032 1654 3063 Tarentino
1685 3034 1842 3075 Phlyaco-

88 3095 106 3116 a
128 3085 284 3118 Schutzio
300 3088 442 3118 deletam
460 3087 554 3118 uncis
570 3086 701 3117 inclusi.
722 3085 874 3118 Fortasse
890 3086 941 3118 Ci-
964 3096 966 3128 '1
988 3083 1111 3124 grapho
1134 3093 1159 3113 S·
1183 3083 1489 3123 Hilarotragoediae
1514 3090 1643 3116 auctore
1659 3086 1748 3117 locus
1762 3087 1841 3118 clas-

86 3147 160 3170 cero
187 3140 316 3181 scripsit
345 3142 419 3171 tum.
455 3139 503 3171 Cf.
534 3141 574 3171 de
603 3139 795 3171 confusione
823 3140 942 3171 harum
964 3155 966 3173 1
988 3139 1073 3169 sicus
1097 3142 1144 3169 est
1166 3138 1251 3178 apud
1273 3138 1298 3168 Ι.
1322 3138 1537 3170 Laui-eutimii
1558 3139 1691 3180 Lydum
1712 3142 1752 3173 de
1774 3142 1843 3172 Ma-

1601 3194 1658 3234 534

1864 976 1898 1001 10

1862 1341 1894 1366 15
