2117 3533
259 154 342 191 350
656 150 740 191 ΕΡ.
776 149 850 189 AD
884 149 929 188 T.
965 147 1313 189 POMPONIUM
1347 147 1610 188 ATTICUM.

256 289 342 325 tum
377 282 575 324 lubenter.
610 281 786 324 Manebo
819 281 958 336 igitur,
993 280 1069 322 etsi
1102 280 1233 321 vivere
1256 312 1264 321 .
1287 312 1295 321 .
1319 312 1327 321 .
1349 312 1358 321 .
1394 282 1435 321 3.
1470 280 1589 332 Quod
1624 283 1795 335 quaeris,
1825 283 1890 324 hic
1914 284 2011 338 quid

256 361 410 410 agatur,
443 359 528 396 tota
561 355 700 410 Capua
732 359 772 396 et
805 354 934 395 omnis
967 353 1034 395 hic
1067 353 1246 395 delectus
1279 354 1396 405 iacet,
1432 354 1639 409 desperata
1666 370 1728 396 res
1751 360 1824 406 est,
1850 356 1893 397 111
1916 356 2012 412 fuga

257 443 392 469 omnes
426 431 534 478 sunt,
569 427 648 468 nisi
681 427 707 471 †
742 426 838 480 quid
872 427 957 467 eius
998 426 1132 476 fuerit,
1178 430 1224 467 ut
1265 426 1479 481 Pompeius
1522 426 1618 467 istas
1663 426 1833 468 Domitii
1877 429 2012 483 copias

257 516 347 541 cum
381 500 463 541 suis
495 499 729 553 coniungat.
765 499 842 541 Sed
876 498 1113 540 videbamur
1146 499 1280 540 omnia
1313 498 1437 540 biduo
1472 498 1655 540 triduove
1682 500 1836 542 scituri.
1870 501 2012 544 Caesa-

222 589 234 612 5
256 574 310 614 ris
342 573 548 614 literarum
583 574 808 629 exemplum
842 572 919 613 tibi
952 571 1064 622 misi3
1099 586 1259 626 rogaras
1293 571 1420 613 enim:
1458 571 1522 613 cui
1554 587 1626 612 nos
1648 571 1762 613 valde
1786 574 2013 616 satisfacere

256 645 373 686 multi
408 645 456 686 ad
492 661 553 687 me
587 646 846 701 seripserunt,
892 644 999 700 quod
1034 644 1162 700 patior
1197 643 1328 694 facile,
1364 644 1459 685 dum
1495 648 1540 685 ut
1573 643 1705 686 adhuc
1739 645 1839 688 nihil
1870 647 2012 689 faciam

257 718 442 773 turpiter.

302 883 319 911 3
342 881 403 912 misi
425 882 500 923 quid
523 901 562 904 —

301 1026 434 1058 Manebo
457 1025 563 1067 iqitur,
587 1026 647 1056 aasz
670 1025 774 1056 viz-are
784 1048 895 1056 .......
932 1027 1022 1057 Dura
1044 1037 1116 1067 apo·
1164 1036 1227 1057 non
1251 1032 1297 1058 est
1320 1027 1415 1058 huius
1438 1027 1512 1058 loci.
1536 1028 1611 1058 Non
1633 1028 1756 1065 dubim,
1785 1028 1865 1069 quin
1889 1028 2017 1060 Cicero-

260 1081 404 1122 siopesis.
427 1079 496 1110 Non
520 1079 612 1121 labet,
636 1080 755 1116 taedet,
781 1082 870 1119 turpe
893 1082 939 1110 esc
969 1081 1022 1112 vel
1052 1081 1117 1112 tale
1164 1079 1214 1110 nis
1236 1079 1294 1110 sit:
1321 1080 1384 1111 nisi
1410 1080 1462 1121 qui
1493 1081 1571 1111 deus
1594 1081 1727 1121 feeerit,
1750 1083 1784 1112 ub
1807 1086 1868 1113 cet.
1890 1082 1941 1113 Ita
1963 1083 2015 1114 de-

260 1134 340 1176 quid
362 1134 522 1165 omissum
543 1133 682 1164 videtur.
1163 1143 1256 1164 mum
1286 1132 1344 1164 fut.
1375 1138 1528 1165 exactum
1558 1139 1644 1166 reete
1674 1134 1819 1175 ponitur,
1854 1140 1890 1166 ut
1919 1135 1953 1166 in
1977 1136 2034 1166 si·-

303 1189 372 1228 §3.
404 1187 476 1217 Nisi
505 1189 521 1225 ’γ
553 1187 629 1228 quid
661 1186 727 1217 eius
747 1187 865 1228 fuerit.
907 1188 1042 1219 Retinui
1075 1188 1116 1225 id,
1163 1187 1313 1217 millimis
1344 1186 1574 1225 locutionibus,
1611 1187 1684 1219 Aa.
1720 1188 1747 1219 1.
1786 1188 1834 1225 16,
1865 1189 1892 1219 ὕ.
1923 1188 2016 1220 Fam.

262 1242 350 1282 quod
372 1241 443 1271 cod.
466 1240 555 1271 Med.
568 1240 709 1280 praebet,
725 1240 781 1271 sed
797 1240 953 1271 vitiosum
968 1240 1117 1277 arbitror,
1163 1240 1262 1271 XVI.
1286 1240 1335 1277 12,
1359 1240 1386 1270 1.
1474 1237 1476 1240 ⁴

262 1295 323 1327 etsi
345 1294 412 1326 scio
434 1294 591 1325 Latiniun
614 1302 700 1325 esse:
723 1293 800 1335 quid
811 1293 878 1324 eius
893 1296 949 1331 est,
968 1299 1001 1326 et
1016 1293 1119 1325 neseio
1206 1294 1302 1325 Malta·
1327 1313 1366 1316 —
1395 1294 1597 1336 semp-serunt.
1634 1296 1673 1327 In
1704 1295 1756 1327 his
1785 1295 1958 1328 Dolabella
1988 1301 2018 1328 et

262 1349 337 1390 qnid
359 1348 425 1380 eius
447 1348 500 1379 set.
524 1348 575 1380 Cf.
598 1348 668 1380 Aa.
700 1348 797 1380 XVI.
823 1350 851 1386 4,
876 1350 906 1380 3.
937 1348 1004 1380 Sed
1034 1349 1118 1380 illud
1165 1348 1307 1380 Caelius.
1331 1348 1382 1380 Cf.
1405 1358 1455 1389 ep.
1478 1349 1527 1387 21,
1551 1350 1579 1380 3.

836 1466 996 1507 XXIV.
1063 1467 1128 1518 (A.
1171 1466 1215 1506 U.
1254 1467 1295 1507 O.
1334 1466 1451 1519 705.)

326 1580 535 1621 Philotimi
568 1580 705 1621 literae
739 1595 800 1621 me
833 1579 996 1635 quidem
1029 1595 1110 1621 non
1143 1580 1277 1631 nimis,
1313 1580 1382 1621 sed
1416 1595 1496 1630 eos,
1526 1581 1595 1635 qui
1616 1581 1659 1621 111
1683 1580 1746 1620 his
1768 1580 1867 1621 loeis
1890 1585 2018 1631 erant,

263 1652 479 1694 admodum
524 1652 784 1695 delectarunt.
833 1654 937 1694 Ecce
981 1652 1174 1708 postridie
1218 1653 1347 1694 Cassii
1387 1654 1525 1695 literae
1569 1654 1708 1709 Capua
1749 1669 1772 1695 a
1815 1654 2019 1704 Lucretio,

264 1725 449 1766 familiari
483 1724 583 1776 eius,
618 1725 833 1780 Nigidium
867 1741 890 1767 a
922 1726 1101 1767 Domitio
1135 1726 1314 1781 Capuam
1348 1727 1516 1777 venisse,
1569 1741 1660 1767 eum
1702 1726 1834 1768 dicere
1878 1726 2020 1767 Vibul-

230 1811 244 1836 5
263 1798 361 1839 lium
396 1812 487 1838 cum
520 1799 658 1853 paucis
692 1798 889 1841 militibus
925 1815 946 1841 e
978 1800 1128 1841 Piceno
1163 1815 1318 1841 currere
1353 1800 1402 1842 ad
1436 1800 1629 1850 Cnaeum,
1665 1800 1873 1842 confestim
1908 1800 2021 1855 sequi

265 1871 487 1922 Caesarem,
522 1871 747 1913 Domitium
779 1887 861 1913 non
894 1872 1041 1914 habere
1074 1872 1248 1914 militum
1282 1886 1353 1915 ΠΙ.
1387 1873 1511 1915 milia.
1546 1872 1659 1914 Idem
1694 1873 1853 1928 scripsit
1882 1873 2022 1928 Capua

265 1943 447 1984 consules
481 1943 724 1986 discessisse.
759 1946 854 1986 Non
888 1944 1046 1997 dubito,
1082 1945 1180 2000 quin
1214 1946 1372 1987 Cnaeus
1404 1946 1448 1987 111
1481 1945 1577 2000 fuga
1610 1945 1676 1996 sit,
1700 1945 1818 1987 modo
1843 1945 2020 2001 effugiat.

265 2018 301 2056 A
335 2015 503 2057 consilio
537 2016 734 2071 fugiendi,
769 2022 815 2059 ut
847 2023 893 2060 tu
927 2033 1078 2070 censes,
1113 2017 1269 2060 absum.

308 2182 326 2212 3
351 2182 458 2213 Cussio
481 2182 611 2213 litterae
634 2200 673 2204 ——

311 2318 412 2349 Cassii
435 2319 559 2349 literae.
595 2318 651 2349 Sic
675 2318 749 2349 libri
772 2318 894 2358 scripti.
926 2318 1036 2349 Recte.
1072 2317 1122 2348 cf.
1169 2322 1243 2348 sunt
1257 2327 1273 2348 e
1289 2318 1458 2349 Ciceronis
1472 2319 1563 2359 epist.
1577 2320 1617 2350 ad
1642 2319 1789 2357 Paetum,
1803 2330 1884 2360 quae
1897 2324 2022 2351 servat-a

268 2373 377 2403 adnot.
403 2381 475 2403 mea
498 2373 538 2402 ad
562 2372 607 2402 ΙΙ.
632 2372 680 2409 13,
706 2372 733 2402 1.
757 2371 921 2402 Similiter
953 2379 1037 2411 quae
1058 2370 1122 2400 No·
1169 2376 1218 2402 est
1242 2371 1328 2402 inter
1340 2371 1433 2402 Fam.
1448 2371 1513 2408 IX,
1533 2372 1583 2402 20.
1595 2372 1686 2403 Male
1696 2372 1727 2402 h.
1737 2372 1758 2402 l.
1772 2372 2023 2404 editoressecuti

268 2425 341 2457 nius
364 2436 394 2466 p.
418 2426 457 2457 83
480 2425 574 2457 affert
597 2435 640 2457 ex
663 2424 798 2464 epistola
821 2424 926 2462 Paeti,
950 2425 1123 2464 desumpta
1169 2428 1247 2454 sunt
1268 2423 1408 2455 Bosium
1431 2433 1448 2455 e
1471 2424 1563 2455 codd.
1587 2423 1654 2455 suis
1683 2424 1881 2456 scribentem
1906 2424 2024 2456 Cassio.

852 2530 988 2571 XXV.
1054 2530 1119 2582 (A.
1162 2530 1206 2570 [s.
1245 2531 1286 2569 C.
1325 2529 1442 2582 705.)

330 2644 465 2694 Quum
500 2643 697 2684 dedissem
732 2643 781 2684 ad
814 2649 853 2684 te
886 2643 1021 2685 literas
1054 2643 1188 2684 tristes
1222 2648 1262 2683 et
1295 2648 1428 2683 metuo
1462 2659 1511 2683 ne
1546 2658 1656 2684 veras
1690 2644 1739 2685 de
1772 2644 1950 2686 Lucretii
1975 2645 2024 2686 ad

269 2714 451 2756 Cassium
483 2715 609 2756 literis
643 2715 781 2770 Capua
813 2716 957 2766 missis,
993 2715 1185 2770 Cephalio
1219 2715 1329 2756 venit
1363 2731 1385 2756 a
1417 2715 1544 2766 vobis,
1579 2716 1716 2757 attulit
1755 2718 1875 2758 etiam
1920 2733 1943 2759 a
1985 2723 2025 2758 te

268 2788 404 2828 literas
437 2787 658 2837 hilariores,
692 2802 765 2828 nec
799 2792 933 2828 tamen
966 2788 1112 2837 firmas,
1146 2791 1192 2828 ut
1225 2787 1339 2829 soles.
1375 2788 1522 2829 Omnia
1555 2788 1712 2829 facilius
1746 2789 1904 2830 credere
1938 2805 2027 2845 pos-

237 2876 250 2900 5
271 2875 372 2910 suin,
407 2875 525 2913 quam
559 2860 666 2915 quod
701 2860 890 2911 scribitis,
926 2860 1161 2915 Pompeium
1195 2860 1413 2901 exereitum
1456 2860 1613 2905 habere.
1673 2862 1803 2903 Nemo
1847 2862 1925 2903 huc
1971 2863 2028 2903 ita

316 3077 342 3105 Α
365 3073 448 3105 vobis
472 3083 505 3104 o:
532 3082 574 3104 ex
597 3072 687 3104 urbe.
1149 3085 1151 3127 *7
1175 3080 1231 3110 tes,
1256 3082 1340 3114 quae
1362 3082 1509 3105 rumores
1531 3074 1710 3111 continent,
1742 3085 1807 3105 non
1838 3084 1888 3105 res
1919 3075 2029 3116 explo-

315 3127 379 3158 Naec
401 3129 501 3157 tamen
518 3127 631 3167 firmas
654 3134 687 3156 o:
713 3125 845 3163 incerta,
859 3126 957 3158 dubia
974 3127 1127 3158 nuntian-
1148 3131 1151 3177 ¹
1175 3131 1270 3157 ratas.
