2117 3533
775 174 883 215 LIB.
917 173 952 215 I.
986 172 1070 214 ΕΡ.
1108 173 1178 214 19.
1807 169 1862 209 61

114 329 154 354 se
187 327 278 353 cum
311 310 508 352 Helvetiis
542 308 842 362 coniungerent.
883 308 1026 362 Legati
1060 311 1154 349 sunt
1196 307 1246 358 Q.
1280 305 1469 347 Metellus
1512 304 1692 346 Creticus
1736 307 1776 344 et
1818 302 1865 343 L.

114 386 279 426 Flaccus
313 388 353 424 et
384 381 441 425 τὸ
475 380 552 424 ἐπὶ
585 384 641 433 τῆ
676 383 810 437 φακῇ
843 378 1003 438 μύρον
1034 379 1230 421 Lentulus
1263 378 1447 419 Clodiani
1480 378 1599 418 filius.
1658 378 1698 417 3.
1733 377 1867 430 Atque

113 458 189 499 hoc
221 457 307 497 loco
339 455 441 496 illud
473 470 554 496 non
588 468 689 508 queo
722 453 949 507 praeterire,
973 453 1094 508 quod,
1116 467 1239 507 quum
1263 451 1311 491 de
1335 449 1610 491 consularibus
1632 464 1720 490 mea
1742 448 1869 503 prima

115 545 196 571 sors
230 529 387 578 exisset,
422 543 502 569 una
534 541 628 568 voce
662 530 822 567 senatus
856 526 1040 580 frequens
1073 525 1328 567 retinendum
1371 539 1433 565 me
1473 524 1516 564 in
1559 522 1657 564 urbe
1699 520 1869 563 censuit.

115 603 204 643 Hoc
236 601 343 641 idem
376 605 466 655 post
497 615 559 640 me
593 599 783 653 Pompeio
818 598 963 640 accidit
973 618 983 650 ;
1019 604 1064 640 ut
1096 615 1169 640 nos
1202 598 1281 639 duo
1315 598 1429 653 quasi
1462 597 1628 651 pignora
1660 595 1718 636 rei
1741 593 1871 649 publi·
1909 609 1924 635 5

115 689 181 715 cae
215 673 375 714 retineri
408 673 645 713 videremur.
694 671 804 722 Quid
848 672 953 712 enim
994 686 1066 725 ego
1111 671 1278 712 aliorum
1321 670 1365 710 in
1404 685 1465 710 me
1508 666 1871 724 ἐπιφωνήματα

116 751 354 801 exspectem,
390 759 516 799 quum
550 744 646 784 haec
680 742 788 784 dorni
821 744 1061 784 nascantur?
1115 746 1155 783 4.
1189 742 1376 783 Urbanae
1409 746 1541 782 autem
1574 756 1636 781 res
1669 741 1725 782 sic
1742 755 1782 781 se
1804 739 1873 781 ha-

115 817 224 859 bent.
258 818 426 872 Agraria
458 817 521 857 lex
556 832 577 857 a
608 815 745 856 Flavio
778 814 942 856 tribuno
969 816 1024 870 pl.
1048 815 1303 869 vehementer
1327 813 1553 869 agitabatur
1571 818 1731 854 auctore
1756 813 1873 853 Pom-

114 891 224 945 peio;
259 905 359 943 quae
392 888 494 929 nihil
526 887 715 942 populare
749 886 923 928 habebat
955 892 1111 942 praeter
1145 892 1361 928 auctorem.
1395 887 1458 927 Ex
1490 885 1565 926 hac
1598 900 1671 939 ego
1703 884 1789 938 lege
1816 899 1873 925 se-

116 963 246 1004 cunda
280 962 476 1003 contionis
510 961 714 1001 voluntate
749 960 881 1001 omnia
913 961 982 1002 illa
1014 960 1216 1011 tollebam,
1251 975 1351 1015 quae
1385 959 1434 1000 ad
1457 959 1703 1014 privatorum
1723 958 1873 998 incom-
1895 971 1929 998 ιο

115 1035 277 1077 niodum
308 1032 576 1089 pertinebant,
610 1033 828 1074 liberabam
863 1048 1002 1088 agrum
1035 1049 1140 1085 eum,
1184 1034 1252 1088 qui
1296 1034 1343 1074 P.
1376 1033 1529 1083 Mucio,
1574 1032 1622 1073 L.
1657 1030 1873 1086 Calpurnio

116 1107 347 1150 consulibus
380 1105 565 1161 publicus
598 1106 751 1157 fuisset,
778 1106 1031 1147 Sullanorum
1055 1106 1262 1147 hominum
1282 1105 1549 1161 possessiones
1578 1102 1873 1154 confirmabam,

118 1181 396 1221 Volaterranos
431 1184 471 1220 et
502 1179 722 1229 Arretinos,
765 1194 935 1234 quorum
968 1194 1108 1234 agrum
1142 1179 1251 1220 Sulla
1291 1179 1516 1234 publicarat
1557 1193 1686 1232 neque
1731 1177 1873 1218 divise-

117 1259 190 1303 rat,
224 1254 268 1294 in
301 1268 371 1294 sua
403 1253 649 1308 possessione
682 1252 916 1304 retinebam,
950 1268 1071 1294 unam
1103 1253 1297 1294 rationem
1330 1267 1411 1293 non
1444 1251 1686 1301 reiiciebam,
1710 1255 1757 1291 ut
1781 1263 1873 1304 ager

116 1326 189 1367 hac
223 1326 447 1367 adventicia
479 1326 648 1380 pecunia
681 1330 889 1375 emeretur,
922 1341 1021 1380 quae
1055 1341 1103 1366 ex
1135 1325 1248 1366 novis
1272 1323 1534 1378 vectigalibus
1556 1339 1625 1378 per
1649 1323 1871 1377 quinquen·
1892 1332 1928 1360 15

114 1399 226 1439 nium
260 1398 512 1452 reciperetur.
559 1399 667 1439 Huic
701 1399 776 1439 toti
808 1398 955 1438 rationi
988 1397 1162 1451 agrariae
1197 1401 1357 1438 senatus
1399 1395 1698 1446 adversabatur,
1744 1396 1871 1450 suspi-

115 1485 208 1511 cans
242 1470 432 1525 Pompeio
464 1485 609 1511 novam
643 1469 843 1524 quandam
875 1470 1097 1524 potentiam
1130 1470 1279 1524 quaeri.
1325 1469 1540 1524 Pompeius
1580 1484 1671 1510 vero
1716 1468 1766 1510 ad
1805 1484 1871 1510 vo-

113 1543 310 1583 luntatem
342 1542 596 1597 perferendae
629 1542 727 1596 legis
761 1541 1013 1583 incubuerat.
1048 1544 1135 1597 Ego
1170 1548 1303 1584 autem
1336 1558 1480 1597 magna
1514 1557 1604 1583 cum
1629 1542 1872 1597 agrariorum

114 1616 241 1671 gratia
275 1615 555 1657 confirmabam
590 1616 769 1657 omnium
801 1616 1046 1670 privatorum
1078 1617 1345 1671 possessiones
1380 1641 1436 1646 ——
1458 1616 1492 1656 is
1525 1616 1631 1656 enim
1656 1620 1716 1656 est
1737 1619 1872 1656 noster

111 1828 306 1860 componere
335 1822 494 1859 poterant,
523 1816 645 1848 diversi
673 1819 749 1846 sunt
786 1825 804 1846 a
840 1815 966 1856 legatis,

111 1873 167 1913 qui
190 1872 362 1902 mittuntur
384 1881 449 1901 cum
474 1869 641 1900 ulandans.

156 1917 195 1954 τό
223 1918 278 1953 ἐπὶ
308 1924 347 1969 τῇ
375 1922 461 1968 φακῇ
490 1917 610 1965 μύρον,
636 1918 715 1949 lenti
743 1917 882 1958 infusum
911 1929 969 1948 un-

109 1981 267 2019 quealmm
290 1979 378 2018 quod
400 1977 532 2008 Graecis
556 1982 623 2008 erat
644 1977 854 2017 proverbium
876 1978 916 2008 de
935 1987 969 2008 re

112 2032 253 2073 pretiosa
275 2031 308 2061 in
331 2040 365 2062 re
387 2031 449 2061 vili
471 2036 672 2070 consumpta,
703 2030 793 2060 velut
823 2030 854 2060 h.
879 2030 898 2060 l.
929 2031 969 2060 de

111 2090 179 2115 tam
202 2084 293 2123 gravi
314 2084 479 2123 lega-tione
492 2083 620 2113 homini
633 2083 771 2123 indigno
786 2083 969 2113 commissa.

114 2138 215 2169 Docte
247 2138 309 2168 hoc
338 2138 514 2168 illustravit
543 2136 706 2177 Sauppius
736 2137 770 2167 in
805 2137 872 2168 ind.
913 2136 968 2168 Gr.

112 2191 184 2222 Lat.
208 2190 309 2223 Orell.
332 2201 361 2232 p.
386 2191 455 2221 102.
480 2190 595 2222 Cicero
617 2196 725 2221 autem
748 2191 818 2230 ipso
834 2191 969 2221 nomine

114 2244 247 2275 Lentuli
271 2245 311 2274 ad
331 2244 394 2274 hoc
416 2243 627 2284 proverbium
650 2244 876 2283 usurpandum
895 2244 969 2273 duc-

113 2302 164 2328 tus
187 2302 243 2328 cst.
286 2297 409 2328 Utrum
439 2302 548 2328 autem
576 2297 629 2327 hic
658 2296 819 2327 Lentulus
849 2296 894 2327 sic
923 2296 969 2326 di-

113 2353 269 2393 signetur,
291 2353 368 2393 quia
390 2353 540 2383 nondum
561 2352 740 2382 honoribus
764 2351 894 2382 functus
909 2361 969 2382 nec

113 2405 181 2436 ulla
202 2415 237 2436 re
260 2410 351 2445 gesta
371 2405 478 2436 clarus
500 2410 577 2442 erat,
601 2415 641 2435 an
665 2409 796 2445 propter
825 2405 970 2445 aliquam

114 2458 276 2489 maculam
297 2459 393 2495 vitae,
417 2468 485 2488 non
508 2458 619 2498 liquet.

156 2511 175 2550 ξ
197 2512 225 2541 3.
262 2510 359 2551 Quum
382 2511 459 2541 haee
488 2510 570 2541 domi
599 2513 773 2541 nascantur
803 2520 835 2541 a:
867 2520 970 2551 quum

113 2565 193 2596 haec
206 2565 288 2596 mihi
304 2570 431 2606 praesto
446 2565 511 2596 sint
526 2575 593 2596 non
608 2565 787 2605 quaerenti.
812 2564 861 2596 Cf.
876 2564 969 2596 Fam.

113 2616 175 2647 IX.
199 2618 216 2647 3
240 2621 322 2647 extr.
365 2616 427 2647 Sed
454 2616 530 2657 quid
557 2626 610 2657 eqo
640 2627 722 2647 nunc
750 2617 828 2647 haee
856 2616 900 2646 acl
929 2618 967 2652 te,

114 2671 202 2703 cuius
223 2671 305 2703 domi
327 2671 529 2703 nascuntur?
565 2671 707 2708 Dictum,
731 2672 819 2712 quod
840 2681 968 2712 prover-

115 2724 160 2755 bii
182 2725 324 2765 speciem
345 2724 452 2761 refert,
476 2724 680 2755 illustrarunt
707 2724 898 2765 interpretes
929 2724 969 2754 ad

115 2777 226 2808 Plauti
248 2778 321 2809 Mil.
344 2778 389 2808 II.
413 2779 440 2814 2,
471 2778 511 2807 38
540 2781 571 2808 et
600 2778 640 2807 ad
670 2777 802 2808 Petron.
832 2776 898 2808 Sat.
929 2778 968 2807 38

114 2831 158 2861 111.
180 2830 262 2861 domi
283 2830 492 2861 innascantur
516 2830 550 2860 in
574 2831 644 2861 cod.
675 2830 781 2870 Pogg.
811 2840 853 2861 ex
882 2831 970 2861 mala

114 2882 285 2914 iteratione
304 2883 473 2913 literarum
495 2882 506 2911 i
528 2887 559 2913 et
582 2893 602 2912 n
625 2886 733 2913 ortum
754 2883 892 2914 videtur.

157 2936 175 2975 ξ
198 2938 226 2966 l.
257 2935 396 2976 Aqrarz‘a
418 2935 470 2966 lex
491 2940 551 2967 cet.
574 2935 623 2966 Cf.
647 2945 696 2976 ep.
719 2937 768 2973 18,
792 2937 820 2967 6.
857 2937 970 2968 Verbo

115 2989 298 3030 aqilabatur
320 2999 485 3021 summum
508 2990 669 3021 indicatur
689 2990 798 3021 Flavii
827 2992 970 3023 studium

115 3041 149 3072 in
172 3041 246 3082 lege
268 3043 442 3073 suadenda.
472 3042 521 3074 Cf.
546 3042 673 3074 Cluent.
696 3044 726 3073 4.
763 3042 862 3081 Quod
884 3044 970 3074 addi-

114 3100 166 3125 tur
187 3097 314 3126 auclore
336 3096 478 3137 Pompeio
501 3096 728 3136 accipiendum
743 3097 782 3128 de
801 3096 969 3138 Pompeio,

114 3148 171 3188 qui
193 3153 228 3179 ut
258 3149 419 3180 militibus
447 3149 513 3181 suis
541 3159 636 3190 agros
663 3150 755 3181 daret
781 3159 874 3181 suam
903 3150 996 3195 legi]

1014 1816 1240 1847 auctoritatem
1262 1817 1455 1856 praestabat.
1492 1816 1553 1849 Cff.
1581 1816 1682 1848 Gron.
1712 1821 1743 1848 et
1771 1816 1871 1849 Drak.

1016 1869 1056 1898 ad
1078 1868 1152 1899 Liv.
1175 1869 1222 1899 ΙΙ.
1246 1869 1294 1906 56,
1319 1870 1347 1899 6.

1058 1920 1239 1951 Εἱόεναόαφη
1262 1941 1303 1945 —-
1315 1921 1438 1962 fuisse(
1468 1934 1500 1955 οι
1532 1934 1647 1964 agrum
1670 1923 1875 1964 Campanum

1018 1973 1075 2012 qui
1099 1978 1174 2005 ante
1197 1984 1224 2005 a.
1248 1975 1305 2005 621
1330 1976 1482 2015 publicus
1505 1976 1618 2014 fuerat,
1642 1982 1673 2008 et
1691 1977 1765 2016 lege
1784 1976 1874 2007 Sem-

1016 2026 1132 2065 pronia
1165 2027 1216 2057 Ti.
1247 2026 1385 2059 Gracchi
1415 2034 1571 2070 exceptus
1600 2034 1657 2066 est,
1688 2029 1875 2060 eximebam

1017 2088 1059 2110 ex
1090 2080 1252 2112 divisione
1283 2086 1314 2112 et
1350 2083 1417 2113 suis
1455 2084 1694 2123 possessoribus
1731 2083 1874 2124 relinqui

1016 2133 1177 2164 volebam.
1222 2134 1341 2166 Postea-
1363 2135 1479 2167 Cicero
1502 2136 1557 2177 Sp.
1580 2137 1741 2168 Thorium
1763 2138 1805 2168 ob
1834 2137 1873 2168 si-

1015 2186 1094 2216 mile
1116 2186 1238 2218 factum
1260 2188 1407 2220 laudavit
1430 2190 1463 2220 in
1487 2190 1600 2227 Bruto,
1624 2191 1693 2221 136.

1062 2237 1285 2271 Volaterranos
1307 2260 1348 2264 —
1369 2242 1548 2273 retinebam.
1586 2242 1680 2273 Sulla
1702 2243 1741 2273 iis
1763 2242 1874 2273 civita-

1015 2296 1081 2323 tem
1105 2298 1135 2324 et
1167 2303 1262 2333 agros
1292 2295 1465 2332 ademerat,
1497 2296 1573 2336 quia
1601 2296 1635 2326 in
1666 2296 1754 2327 bello
1782 2296 1875 2327 civili

1018 2345 1117 2375 Marii
1145 2350 1252 2386 partes
1287 2348 1389 2378 secuti
1425 2348 1563 2378 fuerant.
1608 2348 1722 2379 Cicero
1758 2348 1873 2379 consul

1016 2408 1128 2429 eorum
1151 2400 1220 2430 iura
1241 2400 1396 2438 defendit,
1418 2411 1521 2441 quum
1542 2407 1745 2442 oppugnaret
1764 2403 1873 2442 legem

1015 2451 1107 2482 Rulli
1130 2452 1301 2492 agrariam,
1322 2454 1479 2494 omnique
1501 2464 1555 2486 eos
1578 2455 1722 2496 periculo
1753 2454 1873 2486 Caesar

1016 2505 1050 2535 in
1080 2506 1186 2545 primo
1223 2516 1281 2537 suo
1318 2508 1489 2539 consulatu
1520 2509 1562 2549 (a.
1597 2509 1672 2549 695)
1708 2508 1870 2539 liberavit.

1015 2558 1107 2590 Fam.
1129 2559 1231 2591 XIII.
1256 2562 1285 2591 4.

1056 2612 1163 2653 Neque
1184 2613 1338 2645 diviserat
1361 2624 1394 2646 0:
1426 2620 1458 2647 et
1484 2620 1594 2647 tamen
1617 2625 1683 2646 non
1706 2615 1870 2647 diviserat.

1015 2666 1065 2698 Cf.
1087 2668 1128 2697 ad
1150 2676 1198 2707 ep.
1222 2668 1270 2705 13,
1293 2668 1322 2698 2.

1060 2720 1156 2750 Unam
1178 2720 1330 2752 rationem
1360 2731 1393 2752 οι
1433 2732 1536 2753 unum
1564 2723 1646 2763 legis
1675 2727 1778 2763 caput,
1808 2731 1867 2753 0011

1015 2774 1204 2814 maatregel.
1240 2775 1292 2806 Ita
1313 2785 1392 2806 mox
1415 2776 1524 2816 legem
1545 2776 1697 2807 Flaviam
1727 2776 1870 2817 appellat

1015 2826 1166 2858 rationem
1188 2828 1357 2868 ayrariam.

1057 2878 1106 2909 Ea·
1128 2880 1214 2910 novis
1236 2881 1450 2922 veetiqalibus,
1481 2892 1563 2923 quae
1592 2882 1743 2923 Pompeii
1770 2882 1868 2913 victo-

1015 2934 1063 2965 ria
1084 2934 1308 2966 Mithridatica
1328 2940 1419 2976 parta
1441 2940 1541 2967 erant.

1059 2986 1260 3017 Incubaerat.
1271 2987 1363 3019 Fam.
1375 2988 1475 3019 VIII.
1488 2989 1535 3025 11,
1545 2990 1573 3019 3.
1586 2988 1626 3018 In
1637 2998 1726 3030 quam
1742 2998 1868 3019 eausam

1015 3043 1119 3074 adhuc
1141 3042 1317 3073 incubuisse
1336 3053 1401 3073 eum
1418 3045 1530 3074 senatu
1547 3043 1713 3084 Pompeius
1735 3043 1868 3075 videtur.

1017 3096 1065 3128 Cf.
1088 3097 1128 3127 de
1149 3096 1211 3127 hoc
1233 3097 1333 3127 verbo
1353 3096 1497 3128 Ellendt.
1520 3098 1561 3129 ad
1584 3096 1720 3129 Oratn.
1743 3097 1812 3130 187.

1061 3149 1133 3180 Cum
1167 3149 1366 3190 ayrarz'oram
1395 3149 1517 3190 qratia.
1547 3150 1685 3192 Agrarii
1704 3154 1871 3191 vocantur,
