2117 3533
629 929 1340 1006 PRAEFATIO.

168 1546 304 1597 Quum
340 1559 444 1585 anno
479 1543 727 1585 MDCCCLI
762 1543 803 1583 111
840 1542 1111 1583 Miscellaneis
1145 1542 1375 1597 philologis,
1423 1557 1523 1597 quae
1555 1541 1867 1598 Gymnasiorum

107 1632 351 1672 Batavorum
385 1628 568 1669 doctores
601 1626 789 1676 edebant,
825 1626 1025 1681 specimen
1062 1629 1196 1670 darem
1226 1644 1351 1670 novae
1379 1629 1570 1671 editionis
1594 1629 1867 1686 Epistolarum

107 1716 311 1759 Ciceronis
345 1715 394 1757 ad
440 1715 636 1765 Atticum,
683 1714 845 1754 minime
888 1712 1112 1768 cogitabam
1160 1729 1220 1754 me
1270 1714 1311 1755 in
1358 1713 1601 1755 absolvendo
1642 1728 1759 1769 opere
1804 1728 1868 1755 su-

108 1805 243 1856 scepto
276 1799 624 1855 perpoliendisque
658 1800 721 1849 iis,
758 1814 859 1854 quae-
905 1816 973 1854 per
1020 1801 1152 1856 plures
1197 1817 1322 1843 annos.
1367 1802 1663 1852 adnotaveram,
1708 1804 1869 1841 tantum

108 1886 298 1941 temporis
332 1900 416 1926 esse
451 1889 798 1939 consumpturum,
833 1889 878 1925 ut
911 1899 1019 1926 nunc
1054 1885 1215 1927 demum
1250 1887 1356 1941 prior
1402 1887 1532 1942 operis
1577 1901 1667 1941 pars
1709 1884 1869 1941 prodire

109 1973 255 2025 posset.
291 1968 367 2010 Sed
402 1968 541 2024 paucis
575 1967 794 2018 mensibus,
830 1972 1041 2023 postquam
1074 1969 1164 2010 illas
1197 1975 1277 2011 tres
1312 1970 1501 2025 epistolas
1535 1969 1658 2019 edidi,
1700 1969 1870 2010 Leovar-

112 2054 177 2095 dia
213 2053 556 2095 Amstelodamum
593 2057 758 2094 vocatus
792 2058 953 2108 propter
987 2054 1079 2094 novi
1113 2055 1290 2095 muneris
1335 2054 1571 2109 gravitatem
1612 2054 1730 2095 initio
1773 2053 1871 2095 haec

111 2137 246 2179 studia
278 2137 463 2179 Tulliana
511 2137 626 2192 plane
674 2137 846 2192 seposui,
894 2137 1038 2179 deinde
1083 2154 1163 2180 11011
1209 2140 1286 2180 nisi
1332 2155 1400 2194 per
1443 2138 1655 2180 intervalla
1696 2143 1872 2194 repetere

114 2222 240 2277 potui.
296 2222 474 2263 Tandem
509 2222 700 2276 collegam
735 2227 891 2272 nactus,
926 2224 994 2277 qui
1029 2223 1236 2265 historiam
1273 2224 1447 2274 doceret,
1483 2222 1531 2265 ad
1567 2223 1730 2264 delicias
1765 2238 1871 2265 meas

112 2306 212 2348 redii
248 2312 288 2348 et
322 2307 531 2347 consilium
567 2308 653 2361 cepi
688 2306 817 2361 operis
852 2307 1037 2361 urgendi,
1073 2322 1123 2348 ne
1158 2323 1312 2363 semper
1346 2307 1502 2349 limanti
1537 2312 1577 2348 et
1610 2322 1751 2363 parum
1794 2308 1872 2349 cla-

114 2392 167 2433 ris
202 2392 331 2434 lucem
365 2392 458 2433 dare
504 2393 665 2433 conanti
711 2392 807 2446 quid
852 2391 1065 2433 accideret.
1121 2392 1264 2446 Itaque
1309 2392 1545 2432 diuturnum
1592 2390 1783 2442 laborem,
1828 2396 1875 2433 ut

114 2478 241 2539 potui,
276 2476 427 2518 absolvi
461 2482 501 2518 et
535 2492 634 2532 opus
668 2477 709 2518 in
745 2477 844 2518 duas
888 2482 1020 2532 partes
1066 2477 1254 2528 divisum,
1304 2493 1354 2518 ne
1401 2476 1494 2518 libri
1538 2477 1662 2518 moles
1705 2477 1873 2519 lectores

115 2561 326 2612 deterreat,
362 2563 437 2603 hoc
471 2577 575 2603 anno
609 2568 649 2603 et
683 2563 865 2617 sequenti
900 2563 943 2603 in
976 2564 1105 2604 lucem
1140 2563 1233 2604 dare
1268 2563 1402 2618 cupio.

179 2647 279 2688 Utar
313 2648 386 2689 hac
430 2648 637 2704 praefandi
682 2649 889 2690 occasione
932 2655 977 2690 ut
1020 2662 1216 2698 moneam,
1260 2647 1357 2702 quid
1398 2647 1440 2688 in
1484 2647 1664 2702 epistolis
1709 2648 1876 2690 edendis

119 2737 279 2773 secutus
314 2734 402 2784 sim,
437 2734 665 2789 quibusque
700 2734 891 2776 subsidiis
936 2735 1158 2775 instructus
1207 2733 1256 2774 ad
1298 2748 1381 2774 rem
1426 2733 1673 2784 accesserim,
1719 2737 1765 2774 ut
1809 2732 1877 2774 alii

119 2817 249 2867 facile,
284 2819 381 2872 quid
415 2834 488 2874 ego
521 2825 721 2875 praestare
757 2820 965 2870 voluerim,
1001 2818 1262 2874 praecipiant.

182 2903 400 2958 Postquam
434 2906 516 2947 Iac.
550 2907 783 2947 Tunstallus
816 2907 857 2948 in
892 2904 1060 2961 epistola
1094 2903 1142 2944 ad
1177 2902 1475 2943 Middletonum
1501 2917 1606 2943 anno
1625 2901 1879 2943 MDCCXLI

121 2986 214 3028 data
248 2989 518 3031 recensionem
552 2990 755 3031 Ciceronis
789 2990 1047 3045 epistolarum
1091 2988 1139 3029 ad
1182 2988 1364 3028 Atticum
1406 2992 1495 3042 post
1538 2987 1648 3028 Petri
1693 2987 1879 3037 Victorii,

122 3072 246 3113 Leon.
282 3073 544 3128 lllalaspinae,
581 3075 677 3116 Sim.
713 3075 836 3123 Bosii,
874 3074 993 3115 Dion.
1030 3072 1217 3114 Lambini
1252 3072 1497 3128 aliorumque
1533 3088 1692 3128 operam
1725 3072 1879 3114 deside-
