2117 3533
249 147 304 183 88
647 140 730 180 ΕΡ.
766 137 840 177 ΑΙ)
873 137 919 176 T.
953 132 1301 175 POMPONIUM
1335 131 1597 172 ATTICUM.

249 278 302 317 sit
334 282 488 331 praeter
523 290 597 323 me,
633 272 702 326 qui
735 284 974 325 quemquam
1007 282 1054 308 ex
1088 264 1329 320 vigintiviris
1362 264 1496 304 vivum
1530 268 1569 304 et
1602 264 1752 305 salvum
1778 264 1897 305 velit?
1933 262 2001 303 ubi

250 364 311 389 me
344 346 571 401 interpellet
613 359 743 391 nemo,
785 341 956 395 diligant
996 339 1161 380 omnes?
1206 338 1299 388 Hic,
1340 337 1406 377 hic
1449 335 1638 377 nimirum
1679 333 2001 379 πολιτευτέον.

250 421 354 460 Nam
388 419 478 458 istic
512 432 592 458 11011
633 416 760 456 solum
804 429 884 455 non
924 413 1031 461 licet,
1077 410 1144 451 sed
1186 410 1305 451 etiam
1345 409 1492 450 taedet.
1548 409 1689 462 Itaque
1733 402 1999 461 ἀνέκδοτα,

251 506 350 544 quac
383 489 459 530 tibi
494 490 562 530 uni
594 489 786 543 legamus,
820 484 1090 540 Theopompio
1122 498 1265 538 genere
1298 488 1368 523 aut
1398 483 1516 523 etiam
1541 482 1736 536 asperiore
1758 482 1884 522 multo
1906 496 2001 535 pan-

214 589 227 611 3
249 568 406 617 gentur.
451 562 593 615 Neque
628 560 735 601 aliud
770 560 848 599 iam
883 557 1101 611 quidquam
1135 551 1452 610 πολιτεύομαι
1496 553 1575 594 11151
1615 553 1743 594 0111550
1785 554 2001 609 improbos,

196 952 227 977 10

248 640 288 676 et
320 635 362 675 id
394 635 525 689 ipsum
558 633 668 674 nullo
702 647 791 672 cum
826 630 1042 678 stomacho,
1077 628 1145 669 sed
1178 627 1311 682 potius
1344 642 1434 667 cum
1467 627 1600 680 aliqua
1633 626 1832 667 scribendi
1866 626 2002 681 volup-

248 712 344 748 tate.
390 707 467 747 Sed
500 711 547 747 ut
580 706 629 745 ad
664 720 760 754 rem,
796 703 936 758 scripsi
969 703 1018 743 ad
1054 706 1281 755 quaestores
1315 700 1487 741 urbanos
1522 701 1569 741 de
1603 700 1747 751 Quinti
1781 700 1912 741 fratris
1934 715 2000 741 110-

248 779 372 833 gotio.
423 779 526 819 Vide
561 777 657 831 quid
691 781 867 825 narrent,
902 790 1049 828 ecquae
1083 789 1172 828 spes
1205 773 1258 813 sit
1290 772 1456 823 denarii,
1492 788 1541 813 an
1576 771 1802 827 cistophoro
1836 773 2002 827 Pompe-

248 851 339 891 iano
371 851 583 891 iaceamus.
619 850 827 890 Praeterea
861 847 909 887 de
942 861 1055 887 muro
1089 850 1217 886 statue
1245 844 1341 899 quid
1375 844 1602 901 faciendum
1625 845 1690 885 sit.
1724 844 1848 885 Aliud
1878 844 2002 899 quid?

248 924 396 964 Etiam.
431 923 602 974 Quando
636 927 675 962 te
709 920 903 975 proficisci
937 919 1057 960 istinc
1090 924 1220 973 putes,
1255 917 1316 958 fac
1349 922 1395 957 ut
1428 917 1563 957 sciam.

289 1084 307 1113 6
330 1086 346 1121 †
368 1083 524 1114 scribendi
544 1100 586 1106 —

288 1228 336 1258 Er
365 1228 564 1270 zviqintiviris.
607 1229 697 1266 Lege
735 1228 818 1258 Iulia
856 1237 933 1264 ager
968 1227 1102 1267 Campa-

246 1291 306 1311 nus
343 1291 361 1311 a
397 1281 466 1311 XX
496 1282 575 1312 viris
605 1281 801 1311 dividendus
833 1286 911 1310 erat.
934 1280 999 1310 vid.
1039 1280 1103 1310 Dio

246 1332 452 1364 XXXVIII.
477 1334 503 1370 1,
528 1335 555 1364 2.
580 1333 668 1364 Suet.
693 1332 804 1364 Octav.
829 1334 857 1363 2.
882 1332 969 1362 Plin.
992 1332 1036 1362 H.
1059 1332 1101 1362 N.

246 1386 325 1416 VII.
363 1386 432 1417 176.
469 1386 553 1416 liber
587 1386 626 1416 de
667 1386 804 1415 coloniis
840 1396 869 1425 p.
907 1386 982 1422 103,
1021 1395 1101 1425 quos

247 1438 356 1468 laudat
385 1438 558 1468 Rudorfius
587 1438 619 1468 in
659 1438 740 1478 disp.
770 1439 809 1468 de
846 1438 918 1477 lege
953 1437 1104 1468 Mamilia

246 1489 365 1520 inserta
388 1490 509 1520 Diariis
532 1491 660 1530 iurispr.
682 1491 757 1520 hist.
780 1490 842 1520 IX.
867 1491 894 1526 3,
918 1500 948 1530 p.
971 1490 1031 1520 413
1054 1499 1101 1529 sq.

293 1541 397 1571 Vivum
421 1544 450 1571 et
472 1542 592 1571 salz-um
615 1541 700 1572 velit.
738 1542 779 1572 In
802 1542 889 1572 Med.
919 1547 1102 1572 correctum

244 1603 291 1627 est
317 1596 412 1626 siz-um
438 1606 503 1625 esse
528 1596 613 1626 velit.
650 1595 715 1626 Sed
746 1596 884 1626 Victorii
914 1596 1102 1627 coniectura

244 1650 353 1680 minus
376 1650 497 1680 recedit
519 1651 559 1679 ab
582 1659 689 1680 errore
717 1650 789 1679 libr.
814 1650 860 1679 M.
884 1650 918 1679 Z.

289 1698 470 1734 ἀνέκὸοτα.
498 1701 632 1731 Arridet
654 1701 794 1741 suspicio
809 1701 1022 1741 Malaspinae,
1038 1702 1100 1731 hoc

244 1758 378 1789 nomine
412 1757 551 1788 indicari
587 1757 709 1787 librum
741 1756 780 1786 de
812 1757 877 1786 sais
906 1757 1047 1787 consiliis
1076 1766 1099 1787 s.

244 1810 484 1851 expositionem
522 1818 656 1838 suorum
693 1809 905 1838 consiliorum
941 1819 958 1839 a
989 1809 1100 1839 Cassio

244 1865 351 1895 Dione
373 1862 544 1898 XXXIX,
570 1862 608 1891 10
632 1861 702 1902 (qui
727 1867 835 1892 tamen
860 1872 935 1892 eum
960 1867 1032 1902 post
1047 1872 1100 1892 ex-

243 1918 352 1948 silium
377 1928 395 1947 a
419 1916 577 1947 Cicerone
600 1915 757 1955 scriptum
780 1915 958 1956 significat)
973 1921 1004 1946 et
1023 1916 1100 1945 Asc.

244 1971 323 2002 Ped.
355 1971 395 2000 ad
418 1974 498 1999 orat.
529 1969 562 1998 in
593 1973 670 2008 toga
699 1969 791 1998 001111.
826 1968 941 2007 fragm.
973 1969 999 1998 Ι.
1036 1969 1101 1998 1011-

243 2024 365 2053 datum.
413 2021 597 2052 Consilium
640 2020 739 2059 igitur
775 2024 847 2060 post
884 2020 1024 2050 reditum
1061 2021 1101 2050 ab

244 2075 362 2106 exsilio
396 2073 569 2114 perfecisse
603 2072 767 2112 putandus
801 2077 857 2102 est.
900 2073 1017 2112 Neque
1054 2083 1100 2102 sa-

245 2136 285 2157 ne
322 2126 490 2166 probabile
530 2130 577 2156 cst
612 2125 734 2155 librum
769 2125 865 2154 illum
902 2120 1098 2163 ἀνέκδοτον,

244 2192 342 2222 quern
365 2192 392 2211 a.
417 2181 476 2213 710
499 2182 647 2211 nondum
662 2181 860 2220 perpolitum
875 2181 954 2210 dicit
974 2181 1013 2210 ad
1028 2181 1099 2211 Ant.

243 2235 340 2265 XIV.
365 2234 412 2271 17,
438 2235 464 2270 (3,
490 2235 630 2265 eundem
653 2243 731 2270 esse,
756 2244 855 2274 quem
879 2244 904 2263 a.
937 2234 995 2264 695
1026 2235 1100 2264 scri·

244 2288 319 2318 bere
342 2287 509 2327 coepisset.

288 2339 485 2380 Theopompio
503 2349 629 2379 flevere.
653 2339 858 2379 Theopompi
883 2338 957 2369 Chii
978 2338 1100 2368 famosa
1120 2360 1122 2378 ¹>

244 2399 312 2424 erat
333 2393 368 2423 in
391 2403 526 2423 suorum
543 2398 727 2433 temporum
744 2392 833 2422 vitiis
848 2393 1000 2422 notandis
1017 2402 1100 2422 acer-

245 2446 337 2483 bitas,
361 2450 391 2476 et
414 2446 582 2477 Ciceronis
605 2446 743 2476 consilio
768 2445 927 2485 imprimis
948 2450 1021 2486 apta
1034 2450 1101 2475 erat

244 2499 384 2539 scriptio,
408 2499 540 2538 qualem
564 2499 597 2528 in
619 2498 833 2539 Theopompo
854 2499 980 2529 notavit
1002 2498 1099 2529 Dion.
1120 2518 1122 2522 ι

244 2552 321 2582 Ηο1.
345 2552 436 2591 epist.
461 2552 501 2582 ad
524 2551 584 2582 Cn.
608 2551 755 2591 Pompei.
779 2562 848 2591 cap.
872 2552 900 2581 6.

284 2604 479 2645 Panqentur.
519 2619 531 2629 a
545 2604 702 2644 Pangere,
726 2605 836 2644 figere,
859 2605 947 2635 unde
969 2604 1099 2644 plantae

243 2659 342 2699 pangi
366 2659 528 2696 dicuntur,
552 2668 626 2689 cum
658 2658 691 2688 in
724 2663 843 2689 terram
873 2658 1099 2689 demittuntur.
1120 2652 1121 2673 ³

853 2763 949 2804 VII.
1015 2763 1079 2816 (A.

1150 1228 1232 1258 Inde
1252 1228 1350 1258 etiam
1373 1237 1484 1259 versus
1507 1229 1607 1268 pangi
1629 1228 1681 1258 vel
1705 1228 1762 1267 figi
1792 1228 1825 1257 in
1856 1236 1927 1258 cera
1958 1227 2002 1257 di·

1149 1282 1300 1311 cuntur.”
1335 1281 1451 1312 Festus
1475 1281 1508 1311 in
1531 1290 1620 1311 voce.
1657 1279 1706 1311 Cf.
1730 1280 1858 1311 Colum.
1887 1280 1927 1310 de
1955 1280 2003 1311 Re

1149 1338 1227 1364 rust.
1251 1333 1293 1363 X.
1318 1334 1395 1364 451:
1427 1344 1481 1363 eeu
1504 1333 1599 1363 lisera
1615 1332 1761 1372 prom-ima
1779 1331 1901 1372 primae
1923 1342 2002 1372 pan-

1146 1385 1234 1426 yilnr
1255 1385 1288 1415 έῃ.
1312 1395 1382 1415 cera
1414 1386 1499 1415 cloeli
1528 1395 1670 1414 mucrone
1698 1384 1851 1425 mss-(sistri.
1885 1384 2003 1415 Rarius

1191 1490 1264 1522 Cam
1287 1491 1395 1532 aliqua
1417 1491 1572 1522 scribendi
1594 1492 1762 1532 voluptate.
1786 1490 1887 1522 Orell.
1910 1500 2001 1520 voca-

1147 1546 1224 1576 bulo
1247 1545 1401 1576 scribendi
1424 1547 1614 1577 asteriscum
1642 1546 1836 1586 praeposuit,
1867 1550 1898 1576 et
1927 1556 2000 1576 con-

1146 1600 1223 1630 iecit
1245 1599 1380 1630 ridendi.
1421 1600 1497 1630 Non
1528 1599 1696 1630 assentior.
1731 1599 1817 1629 Nam
1839 1599 2000 1639 voluptas,

1145 1662 1227 1692 quae
1252 1662 1268 1683 e
1290 1652 1462 1683 scribendo
1485 1652 1671 1692 percipitur,
1695 1657 1725 1682 et
1748 1652 1815 1692 ipsa
1837 1652 1923 1682 tollit
1940 1657 2001 1682 sto-

1144 1705 1305 1734 maehum.

1188 1756 1309 1797 Scripsi
1332 1757 1375 1786 ml
1396 1759 1576 1797 quaestores
1600 1774 1640 1778 —
1662 1756 1828 1786 iaceanms.
1853 1770 1865 1781 u
1880 1755 2001 1793 Quaes—

1145 1813 1231 1840 tores
1260 1810 1377 1839 urbani
1407 1810 1563 1839 curabant
1598 1809 1842 1847 magistratibus
1870 1808 2000 1849 provin-

1145 1863 1294 1900 cialibus,
1317 1864 1403 1903 quod
1427 1872 1468 1893 ex
1492 1863 1615 1893 aerario
1644 1862 1677 1892 in
1709 1867 1876 1903 sumptum
1907 1863 2000 1893 debe-

1147 1918 1252 1946 batur.
1288 1917 1367 1946 11100
1392 1916 1432 1953 Q.
1457 1915 1571 1946 Cicero
1595 1916 1655 1956 [ex
1677 1916 1761 1946 Asia
1781 1915 1998 1955 discessurus]

1145 1970 1297 2010 cupiebat
1318 1970 1379 1999 hoc
1409 1970 1471 1999 sibi
1500 1970 1541 1999 ab
1571 1969 1635 1999 illis
1665 1969 1771 1999 curari
1799 1969 1935 1999 dena-rio
1964 1979 1998 1999 o:

1144 2023 1293 2052 Romano
1316 2032 1463 2057 nummo,
1486 2021 1537 2051 illi
1559 2031 1637 2052 vero
1658 2021 1740 2051 facta
1764 2031 1896 2052 versura
1925 2031 1999 2051 cum

1144 2074 1302 2115 Pompeio
1325 2083 1498 2104 numerare
1529 2073 1684 2103 volebant
1713 2083 1754 2103 ex
1786 2083 1822 2104 ea
1851 2073 1998 2113 pecunia,

1143 2136 1241 2166 quam
1263 2126 1316 2156 hic
1339 2125 1486 2156 confecto
1509 2126 1596 2155 bello
1618 2125 1843 2156 Mithridatico
1867 2125 1899 2155 in
1918 2125 2000 2155 Asia

1143 2180 1176 2210 in
1199 2180 1383 2219 cistophoro
1406 2189 1541 2209 nummo
1562 2179 1759 2209 locave1·at.”
1780 2179 1916 2218 Popma.

1185 2231 1360 2262 [aveamus.
1398 2231 1618 2271 Multiplicem
1647 2241 1744 2261 usum
1772 2231 1863 2261 verbi
1896 2230 1998 2260 iacere

1145 2284 1371 2324 lexicographi
1404 2285 1639 2315 demonstrant.
1682 2284 1759 2325 Hic*
1777 2284 1854 2314 satis
1883 2293 1999 2314 conve-

1144 2337 1201 2373 nit,
1226 2346 1290 2376 quo
1304 2336 1408 2367 iacere
1421 2337 1581 2373 dicuntur,
1602 2337 1659 2377 qui
1673 2346 1728 2376 spe
1742 2336 1888 2366 destituti
1904 2341 1996 2372 sunt;

1145 2391 1200 2420 sed
1223 2390 1280 2429 qui
1309 2390 1439 2420 additur
1467 2389 1629 2419 ablatiVus
1658 2389 1835 2428 cistophoro
1864 2388 1901 2418 P.
1931 2398 1996 2418 mo-

1144 2442 1272 2472 lestiam
1300 2441 1386 2478 facit,
1417 2446 1448 2472 et
1476 2442 1547 2472 sine
1575 2441 1727 2481 exemplo
1757 2450 1826 2471 esse
1859 2441 1996 2471 videtur.

1120 2528 1122 2542 †
1145 2494 1240 2530 Vide,
1266 2504 1344 2523 num
1367 2493 1448 2524 forte
1471 2493 1680 2523 scribendum
1702 2493 1757 2523 sit:
1782 2503 1824 2522 an
1845 2492 1877 2523 ia
1906 2492 1996 2523 cislo-

1120 2547 1121 2554 *
1137 2546 1238 2586 phora
1262 2545 1298 2575 P.
1321 2545 1477 2575 iaceamus
1505 2555 1538 2575 o:
1562 2555 1603 2575 an
1626 2545 1839 2575 destituamur
1860 2554 1915 2585 spe
1943 2545 1995 2575 de-

1120 2597 1121 2608 *
1144 2603 1238 2639 narii,
1261 2613 1337 2632 cum
1358 2608 1485 2642 praesto
1507 2602 1548 2632 sit
1569 2602 1784 2642 cistophorus.

1186 2656 1235 2686 De
1257 2667 1351 2693 muro,
1375 2656 1414 2687 cf.
1439 2666 1486 2697 ep.
1509 2658 1538 2693 4,
1563 2656 1579 2688 7
1603 2661 1634 2686 et
1657 2656 1683 2692 7,
1708 2658 1735 2686 5.

1122 2762 1166 2803 U.
1205 2763 1246 2802 C.
1281 2763 1399 2815 695.)

309 2879 346 2916 1.
382 2877 441 2917 De
482 2877 724 2931 geographia
765 2877 883 2917 etiam
927 2880 1044 2930 atque
1086 2876 1205 2916 etiam
1247 2874 1569 2915 deliberabimus.
1612 2873 1821 2915 Orationes
1862 2879 1991 2914 autem

247 2950 343 3002 [me]
381 2949 478 2989 duas
511 2949 703 3003 postulas,
739 2963 905 3002 quarum
940 2948 1103 2989 alteram
1136 2962 1215 2988 non
1248 2946 1400 2987 libebat
1433 2946 1533 2987 mihi
1554 2944 1736 2994 scribere,
1762 2947 1854 3000 quia
1878 2947 1903 2989 †
1926 2947 1992 2988 ab·

286 3102 303 3131 2
326 3104 425 3132 malem
450 3113 494 3132 me
517 3103 596 3132 duas
619 3121 659 3127 —

1147 1439 1186 1468 de
1209 1438 1355 1468 oratione
1378 1438 1483 1468 soluta
1504 1438 1631 1474 dicitur,
1655 1442 1690 1467 ut
1712 1437 1744 1467 h.
1762 1437 1783 1467 1.
1796 1442 1828 1467 et
1843 1446 1891 1477 ep.
1909 1437 1956 1473 14,
1973 1437 2001 1467 2.
2054 1444 2058 1445 ⁷
