2117 3533
194 953 226 979 10

259 155 313 193 94
658 155 742 194 ΕΡ.
778 154 853 194 AD
885 154 931 193 Τ.
966 154 1315 195 POMPONIUM
1347 154 1610 195 ATTICUM.

255 286 362 327 vidia
396 286 554 341 spoliati
589 286 731 341 opibus
765 291 804 327 et
836 287 906 328 illa
939 288 1138 328 senatoria
1169 287 1363 342 potentia.
1409 288 1480 329 Sin
1513 292 1647 328 autem
1681 287 1730 328 ab
1769 289 1819 329 iis
1860 288 2010 329 dissen-

254 359 341 409 tiet,
376 360 451 399 erit
484 358 701 399 absurdum
734 359 777 399 in
811 374 881 399 nos
914 358 1065 399 invehi.
1100 359 1386 400 Verumtamen
1428 359 1654 400 invehatur.
1696 360 1867 410 Festive,
1911 361 2010 401 mihi

254 431 382 481 crede,
418 436 457 471 et
490 431 641 472 minore
676 432 824 482 sonitu,
860 447 981 486 quam
1013 436 1211 487 putaram,
1246 432 1352 473 orbis
1386 432 1452 473 hic
1486 433 1527 473 in
1561 447 1601 473 re
1634 431 1796 487 publica
1829 438 1888 474 est
1918 448 2013 474 con:

254 519 408 553 versus3
444 504 564 544 citius
598 505 775 556 omnino,
810 520 930 559 quam
965 506 1156 560 oportuit,
1191 492 1308 560 culpa
1352 505 1531 555 Catonis,
1574 505 1642 545 sed
1687 520 1823 546 rursus
1866 506 2011 560 impro-

253 575 376 616 bitate
410 576 592 627 istorum,
629 578 697 631 qui
731 578 922 632 auspicia,
958 578 1028 631 qui
1062 577 1219 618 Aeliam
1252 578 1394 631 legem,
1429 578 1499 632 qui
1531 577 1690 618 Iuniam
1725 583 1765 618 et
1797 577 2008 628 Liciniam,

252 648 321 702 (1111
354 648 568 689 Caeciliam
602 654 642 689 et
674 649 838 689 Didiam
871 649 1148 703 neglexerunt,
1183 649 1253 703 qui
1286 650 1419 690 omnia
1452 649 1625 689 remedia
1657 649 1714 689 rei
1747 648 1931 704 publicae
1954 648 2011 689 ef-

252 712 456 771 fuderunt,
499 722 568 776 qui
602 737 723 776 regna
757 723 870 777 quasi
903 723 1064 777 praedia
1097 722 1322 773 tetrarchis,
1364 723 1433 777 qui
1466 723 1659 763 immanes
1692 722 1881 777 pecunias
1914 737 2010 777 pau-

252 793 307 833 cis
341 793 552 835 dederunt.
600 798 639 836 2.
676 796 803 836 Video
835 796 929 846 iam,
966 811 1044 850 quo
1075 795 1227 836 invidia
1259 801 1436 836 transeat
1480 801 1520 836 et
1558 795 1629 835 ubi
1671 795 1723 836 sit
1766 794 2008 835 habitatura.

251 866 367 907 Nihil
401 883 461 908 me
496 868 734 909 existimaris
767 883 897 922 neque
930 882 1007 909 usu
1040 883 1169 922 neque
1204 883 1226 908 a
1258 868 1530 922 Theophrasto
1564 867 1766 917 didicisse,
1793 867 1872 907 nisi
1899 866 2010 907 brevi

250 946 425 994 tempore
460 940 675 980 desiderari
709 945 845 980 nostra
877 940 946 980 illa
990 945 1169 994 tempora
1208 940 1370 981 videris.
1414 940 1577 980 Etenim
1621 939 1654 979 si
1694 938 1772 978 fuit
1811 937 2010 978 invidiosa

251 1018 412 1053 senatus
446 1012 639 1067 potentia,
674 1027 798 1066 quum
832 1027 877 1052 ea
910 1027 991 1052 non
1026 1012 1075 1052 ad
1109 1012 1316 1067 populum,
1351 1011 1419 1052 sed
1454 1012 1503 1052 ad
1536 1011 1608 1052 tris
1648 1011 1830 1051 homines
1870 1011 2009 1051 immo-

252 1085 409 1126 deratos
442 1085 603 1126 redacta
636 1085 700 1136 sit,
737 1085 833 1139 quid
866 1085 945 1126 iam
979 1100 1115 1126 censes
1148 1085 1259 1126 fore?
1293 1084 1467 1125 Proinde
1500 1085 1568 1125 isti
1600 1084 1695 1124 licet
1727 1083 1889 1131 faciant,
1909 1096 2009 1136 quos

253 1157 400 1207 volent,
436 1157 632 1208 consules,
666 1157 850 1198 tribunos
883 1158 954 1212 111.,
997 1157 1168 1211 denique
1212 1157 1331 1197 etiam
1376 1157 1532 1198 Vatinii
1565 1161 1757 1197 strumam
1799 1154 2010 1196 sacerdotii

251 1225 460 1287 ὃιβάφῳ
494 1230 679 1281 vestiant,
721 1229 874 1271 videbis
908 1229 1018 1270 brevi
1050 1234 1227 1284 tempore
1261 1244 1426 1283 magnos
1459 1245 1539 1270 non
1573 1228 1691 1270 modo
1725 1244 1804 1278 eos,
1847 1227 1916 1281 qui
1949 1227 2009 1267 ni-

292 1392 312 1419 4
333 1392 350 1428 †
371 1399 481 1420 rursus
503 1409 545 1412 ——
567 1389 584 1421 7
607 1389 659 1430 qui
681 1399 788 1430 reqmz,
812 1389 864 1430 qui
879 1390 1018 1430 praedia
1040 1409 1081 1413 —

248 1548 346 1579 quem
368 1538 436 1577 11130
458 1541 553 1566 vocat
574 1536 727 1576 cynicum
749 1537 964 1572 consularem,
988 1536 1101 1566 sedne

247 1594 389 1625 Lucullo
422 1592 564 1632 quidem,
588 1591 768 1621 Hortensio
799 1598 829 1622 et
858 1591 1016 1622 eiusmodi
1046 1591 1101 1620 ho-

246 1648 390 1678 minibus
421 1646 601 1676 insultabit.
631 1664 673 1668 —
699 1645 737 1675 Se
765 1646 889 1675 iactare
918 1646 957 1675 cle
996 1645 1100 1685 aliquo

247 1702 330 1732 redit
353 1701 386 1730 in
411 1700 506 1730 Verr.
529 1699 591 1729 IV.
614 1699 664 1729 46.
688 1698 796 1729 Iactat
819 1709 852 1729 se
869 1698 1046 1728 iamdudum
1064 1697 1102 1727 de

251 1754 391 1787 Calidio:
414 1756 526 1783 varra!
550 1753 686 1782 omnibus
708 1763 741 1782 se
764 1752 882 1782 emisse.
901 1771 942 1774 —
963 1751 1105 1781 Pigrius(-

247 1818 313 1837 rum
338 1806 480 1836 Tritones
501 1806 579 1835 dicit
603 1815 666 1841 eos,
689 1805 747 1845 qui
769 1810 803 1835 ut
827 1805 943 1834 Triton
977 1812 1106 1843 semper

249 1861 280 1891 in
306 1861 389 1891 mari
412 1864 488 1896 erat,
513 1859 558 1889 sic
581 1859 722 1888 libenter
745 1859 778 1888 in
796 1858 886 1888 villis
904 1858 970 1887 suis
987 1858 1027 1887 ad
1042 1857 1104 1896 pis-

246 1915 336 1944 cinas
358 1914 559 1943 habitabant.
592 1913 632 1942 In
656 1912 854 1951 explicando
876 1912 908 1941 11.
933 1912 952 1941 l.
986 1910 1105 1941 erravit

249 1967 285 1996 P.
309 1966 476 1996 Victorius
510 1965 587 1994 Var.
620 1965 709 1995 Lect.
741 1964 858 1994 XXII.
889 1964 928 1993 23
964 1963 1009 1993 M.
1044 1963 1104 1992 Pu-

247 2019 336 2059 pium
360 2018 517 2047 Pisonem
539 2026 607 2047 esse
639 2017 793 2056 cynicum
823 2015 1029 2045 consularem
1059 2024 1105 2043 ar-

247 2073 381 2103 bitratus
398 2077 427 2102 et
448 2071 569 2101 metm-e
590 2080 623 2100 se
639 2069 677 2100 cle
692 2070 797 2110 aliquo
810 2070 1035 2110 interpretans,
1049 2069 1104 2098 ali-

247 2127 341 2157 cuius
365 2126 556 2156 auctoritate
580 2131 610 2155 et
633 2125 767 2155 nomine
801 2125 847 2155 uti
878 2125 917 2154 ad
947 2134 997 2154 res
1030 2133 1105 2153 suas

246 2181 494 2211 confirmandas,

292 2233 363 2263 Ulla
387 2242 451 2261 esse
472 2232 504 2261 in
528 2231 661 2262 invidia.
698 2232 828 2262 Primus
851 2231 896 2261 310
919 2231 1020 2261 edidit
1043 2231 1104 2261 Bo-

247 2286 322 2315 sius.
362 2284 497 2315 Codices
527 2290 558 2315 et
588 2289 712 2314 veteres
745 2283 904 2314 editiones
934 2292 1040 2323 praep.
1072 2282 1103 2311 in

247 2338 410 2368 omittunt.
433 2337 498 2367 Sed
522 2338 633 2367 abesse
656 2347 722 2366 11011
746 2341 868 2376 potest;
893 2346 970 2366 nam
982 2335 1105 2365 invidia,

247 2401 313 2420 non
344 2395 391 2420 est
419 2389 559 2429 qualitas
596 2389 757 2429 quaedam
796 2397 952 2428 personae
996 2388 1105 2417 inhae-

247 2453 330 2479 rens,
355 2443 410 2473 sed
434 2452 483 2472 res
507 2447 652 2472 externa.
688 2441 736 2471 Cf.
768 2442 807 2471 ad
837 2441 878 2470 V.
915 2442 962 2476 14,
992 2441 1019 2471 2.
1065 2439 1103 2469 In

246 2494 368 2524 ‘invidia
394 2504 459 2524 esse
482 2495 521 2524 de
545 2503 579 2524 re
602 2493 720 2523 dicitur
743 2492 809 2523 Sal.
826 2493 899 2532 Iug.
915 2493 964 2529 25,
980 2493 1020 2523 de
1037 2502 1104 2532 per-

248 2558 327 2577 sona
350 2557 398 2587 ap.
424 2547 498 2577 Liv.
520 2545 654 2576 XXIX.
679 2546 728 2577 37.

289 2601 359 2631 Erit
382 2601 547 2631 absurdum
571 2603 603 2631 in
626 2610 681 2630 7208
704 2600 819 2630 invehi.
852 2600 938 2630 Nam
960 2605 1029 2630 tum
1051 2610 1104 2639 po-

246 2655 308 2685 tius
343 2654 481 2685 debebat
502 2654 559 2683 ille
583 2663 616 2683 se
638 2663 712 2684 cum
735 2652 892 2683 Cicerone
916 2657 947 2683 et
968 2652 1104 2692 piscina-

246 2708 302 2738 riis
324 2707 534 2747 coniungere,
558 2713 594 2737 ut
616 2706 767 2746 dynastas
791 2706 865 2736 illos
888 2707 1069 2746 perderent.

288 2760 412 2791 Minore
434 2760 538 2790 sonitu
561 2778 601 2782 —-
616 2762 662 2789 est
679 2769 853 2790 conversus.
877 2758 926 2789 Cf.
943 2768 992 2799 ep.
1009 2759 1057 2795 21,
1075 2759 1103 2788 2.

248 2813 393 2854 Equidem
421 2812 580 2852 sperabam
610 2831 651 2834 —
680 2811 726 2842 sie
755 2811 853 2842 orbem
885 2811 931 2842 rei
955 2810 1103 2851 publicae

247 2878 314 2897 esse
336 2875 523 2902 conversum,
548 2867 581 2895 nt
604 2865 656 2895 vim
677 2864 810 2895 sonitum
833 2865 955 2901 audire,
980 2863 1033 2893 vix
1049 2863 1102 2893 im-

242 2928 384 2958 pressam
406 2918 535 2948 orbitam
560 2917 666 2948 videre
681 2926 852 2957 possemus.
874 2927 904 2957 p.
921 2916 1034 2947 Plane.
1052 2916 1100 2946 93.

248 2972 339 3001 Stare
361 2981 464 3001 omnes
493 2970 642 3006 debemus,
666 2971 812 3010 tanquam
839 2968 870 2999 in
900 2969 971 2999 orbe
997 2967 1104 3008 aliquo

249 3025 294 3055 fei
311 3024 466 3063 publicae,
489 3024 540 3065 (sui
559 3023 700 3065 quoniam
718 3025 868 3059 versatur,
885 3032 950 3053 eam
967 3022 1104 3062 deliqere

247 3079 376 3116 purtem,
407 3076 450 3107 ad
482 3088 569 3117 quam
602 3086 656 3106 nos
688 3076 777 3105 illius
807 3075 931 3105 utilitas
959 3075 1104 3115 salusque

250 3129 447 3159 converseris.
480 3130 515 3158 ln
542 3129 591 3158 bis
615 3129 693 3158 locis
716 3128 783 3167 ipsa
808 3137 857 3159 res
879 3127 1008 3167 publica
1031 3136 1104 3156 cum
1127 3158 1128 3165 1

1150 1537 1228 1567 orbe
1252 1547 1282 1566 o:
1308 1537 1421 1567 trocho
1443 1540 1662 1577 comparatum
1687 1545 1786 1576 quare
1800 1536 1862 1565 hoc
1876 1544 2006 1575 quoque

1151 1589 1223 1619 loco
1246 1589 1329 1619 orbis
1350 1589 1400 1619 hic
1422 1589 1468 1619 1ἐί
1484 1589 1631 1628 publicae
1643 1589 1852 1618 scribendum
1867 1587 2006 1617 videtur.

1196 1642 1291 1682 C‘qua
1317 1642 1452 1672 Catonis.
1478 1642 1554 1672 Vid.
1578 1642 1622 1671 II.
1647 1642 1674 1678 1,
1699 1642 1727 1670 8.

1194 1694 1255 1725 Sed
1276 1705 1386 1724 rursus
1408 1705 1440 1725 a:
1465 1696 1521 1725 sed
1552 1695 1592 1724 ab
1622 1695 1722 1724 altera
1751 1698 1850 1733 parte.
1883 1692 2007 1723 Eadem

1152 1749 1201 1778 vis
1224 1748 1370 1778 adverbii
1393 1748 1474 1777 VII.
1498 1748 1525 1784 6,
1550 1748 1578 1778 2.
1602 1748 1650 1784 11,
1673 1748 1702 1777 4.
1730 1746 1780 1777 Cf.
1802 1746 1942 1776 Kuhner
1965 1746 2005 1775 ad

1152 1803 1248 1833 Tusc.
1272 1803 1298 1833 Ι.
1320 1804 1369 1833 40.
1395 1802 1474 1833 Sine
1497 1812 1594 1833 causa
1617 1801 1672 1833 Or.
1702 1801 1844 1832 malebat
1865 1809 2005 1841 prorsus

1192 1856 1351 1896 Auspicia.
1368 1857 1514 1896 Adoptio
1528 1856 1617 1886 enim
1627 1855 1735 1886 Clodii
1748 1855 1831 1885 faeta
1840 1858 1887 1885 est
1896 1858 2007 1884 contra

1150 1909 1301 1948 auspicia,
1325 1919 1427 1949 quum
1449 1910 1489 1939 de
1511 1909 1603 1939 coelo
1625 1913 1817 1944 servaretur,
1847 1908 1887 1937 de
1916 1916 2006 1946 prov.

1150 1972 1237 1992 cons.
1261 1964 1310 1991 45.
1345 1961 1394 1991 De
1416 1962 1508 2001 Lege
1535 1960 1628 1990 Aelia
1651 1960 1722 1990 dixi
1745 1961 1786 1990 ad
1814 1960 1840 1990 I.
1870 1959 1918 1996 16,
1950 1960 2005 1995 13;

1150 2015 1239 2054 leges
1262 2015 1358 2045 Iunia
1380 2014 1519 2050 Licinia,
1544 2019 1574 2044 et
1598 2013 1741 2044 Caecilia
1752 2013 1849 2043 Didia
1866 2012 2008 2051 agebant

1149 2069 1189 2099 de
1219 2069 1316 2098 modo
1344 2068 1457 2107 legum
1495 2067 1809 2107 pronmlgandarum
1838 2071 1870 2097 et
1904 2065 2006 2096 feren-

1149 2116 1273 2152 darum.

1195 2174 1254 2214 Qui
1277 2184 1373 2215 νέφεα,
1396 2174 1484 2215 quasi
1502 2173 1640 2213 praedia
1663 2172 1832 2203 tetrarchis
1854 2191 1895 2195 —
1917 2171 2006 2202 dede-

1150 2230 1233 2258 runt.
1259 2227 1359 2257 Varie
1383 2228 1455 2257 1000
1468 2237 1583 2267 parum
1595 2227 1759 2257 concinno
1768 2226 1892 2256 mederi
1906 2230 2006 2265 temp-

1152 2285 1263 2311 tarunt
1299 2280 1501 2319 interpretes.
1540 2278 1697 2309 Wesenb.
1720 2279 1857 2308 Emend.
1887 2288 1917 2318 p.
1946 2277 2006 2309 117

1151 2335 1323 2365 fetrarehis
1360 2339 1467 2365 ortum
1500 2339 1592 2374 putat
1627 2344 1643 2364 0
1677 2334 1872 2373 glossemate
1907 2334 1948 2364 ad
1976 2343 2006 2363 v.

1151 2398 1247 2428 reymc
1261 2389 1433 2428 adscripto.
1457 2387 1522 2418 Sed
1537 2397 1638 2427 quum
1654 2397 1719 2417 11011
1739 2387 1846 2417 30111111
1861 2388 1900 2417 ad
1913 2386 2006 2417 Fam.

1150 2440 1177 2470 I.
1201 2441 1229 2476 9,
1254 2440 1270 2471 7
1294 2440 1422 2475 scribat,
1446 2449 1480 2469 30
1502 2439 1563 2469 1100
1588 2446 1733 2478 tempore
1756 2439 1859 2469 libere
1882 2439 2006 2470 dixisse

1150 2492 1188 2522 de
1209 2492 1249 2528 vi,
1272 2493 1311 2522 cle
1333 2491 1492 2531 auspiciis,
1516 2491 1555 2521 [le
1576 2490 1747 2521 donatione
1762 2501 1934 2532 reqnornm,
1950 2492 2006 2522 sed

1150 2545 1183 2575 iu
1207 2550 1286 2574 orat.
1310 2545 1342 2574 in
1366 2544 1480 2574 Vatin.
1504 2544 1542 2573 29
1565 2544 1604 2573 de
1635 2543 1751 2574 iisdem
1780 2544 1875 2574 rebus
1904 2553 2006 2583 agens

1150 2596 1270 2636 reyibas
1294 2597 1389 2626 addat
1403 2595 1594 2632 tetrarchas,
1608 2596 1770 2626 veriorem
1785 2601 1864 2636 puto
1879 2596 2006 2626 Klotzii

1150 2649 1413 2680 emendationem
1436 2657 1572 2688 eamque
1595 2649 1710 2688 recepi.

1193 2702 1210 2741 ἓ
1241 2702 1268 2732 2.
1319 2700 1438 2730 Valim'i
1476 2701 1623 2730 strumam
1660 2700 1831 2731 sacerdotia·
1868 2696 2004 2745 ὃιβάφῳ

1148 2756 1294 2787 vestiant.
1340 2756 1439 2795 Apud
1464 2755 1550 2785 Plut.
1573 2756 1606 2785 in
1631 2754 1697 2785 Cic.
1723 2756 1749 2791 9,
1782 2755 1937 2786 Vatinius
1959 2756 2004 2786 di-

1148 2809 1230 2839 eitur
1258 2804 1432 2852 χοιράδων
1461 2804 1517 2840 τὸν
1546 2804 1722 2852 τράχηλον
1751 2805 1950 2852 περίπλεως,
1975 2814 2005 2839 et

1148 2863 1182 2894 in
1205 2863 1319 2893 Vatin.
1342 2864 1381 2893 39
1404 2868 1545 2894 strumae
1575 2863 1615 2893 ab
1643 2872 1698 2894 ore
1728 2863 1876 2903 improbo
1904 2864 2004 2894 demi-

1148 2926 1256 2956 grasse
1280 2921 1312 2946 et
1342 2916 1415 2946 aliis
1447 2926 1480 2946 se
1510 2916 1590 2946 locis
1619 2916 1796 2947 collocasse
1825 2917 2004 2947 traduntur.

1148 2968 1361 2999 Sacerdotium
1386 2973 1434 2999 est
1448 2974 1637 3008 auguratus,
1653 2974 1689 2999 ut
1703 2968 1796 2998 Fam.
1812 2967 1892 2998 XV.
1907 2970 1935 3005 4,
1954 2970 2004 2999 13.

1148 3021 1222 3052 Liv.
1247 3022 1271 3052 I.
1298 3023 1345 3058 18,
1370 3022 1455 3053 inter
1477 3022 1568 3051 cuius
1591 3021 1734 3060 insignia
1761 3021 1899 3052 refertur
1928 3028 2004 3062 toga

1150 3075 1199 3105 bis
1222 3075 1333 3105 tincta.
1357 3075 1446 3106 Fam.
1471 3075 1515 3105 II.
1540 3075 1588 3111 16,
1612 3074 1642 3106 7.
1675 3074 1762 3104 Plin.
1792 3075 1836 3105 H.
1866 3075 1908 3105 N.
1939 3075 2002 3106 IX.

1151 3127 1220 3156 1:313.
1259 3127 1428 3158 Caeterum
1452 3127 1625 3157 Vatinium
1654 3126 1769 3157 frustra
1800 3127 1832 3157 in
1864 3127 1904 3165 Q.
1934 3128 2001 3158 Me-
