2117 3533
731 166 837 207 LIB.
873 166 933 206 VI

939 198 947 207 .
983 166 1066 206 ΕΡ.
1105 167 1144 206 1.
1732 163 1817 203 259

58 304 174 343 homo
207 316 280 341 nec
314 300 467 340 doctior
500 315 572 340 nec
609 301 783 340 sanctior
818 301 899 341 fieri
935 305 1066 355 potest
1099 315 1172 341 nec
1206 300 1267 339 tui
1300 299 1455 353 meique
1491 296 1700 338 amantior.
1750 298 1818 336 13.

56 375 285 422 Thermum,
321 372 464 413 Silium
500 387 588 412 vere
622 372 737 412 audis
771 372 927 412 laudari

942 391 952 422 ;
988 372 1102 413 valde
1138 387 1177 412 se
1212 371 1379 412 honeste
1413 374 1573 425 gerunt.
1611 368 1727 409 Adde
1758 369 1817 408 M.

58 446 251 495 Nonium,
286 444 492 494 Bibulum,
528 460 603 494 me,
639 445 671 484 si
706 444 827 484 voles.
864 446 950 485 Iam
985 444 1121 486 Scrofa
1156 444 1295 484 vellem
1330 442 1508 492 haberet,
1555 442 1627 483 ubi
1669 447 1817 497 posset.

58 520 130 560 Est
163 518 270 558 enim
302 518 457 558 lautum
492 517 714 570 negotium.
760 517 892 557 Ceteri
926 518 1131 558 infirmant
1175 513 1444 571 πολίτευμα
1487 516 1666 557 Catonis.
1715 516 1818 556 Hor-

56 591 185 632 tensio
220 590 327 645 quod
361 605 521 631 causam
554 605 682 630 meam
719 590 986 640 commendas,
1037 590 1151 631 valde
1192 594 1366 644 gratum.
1417 589 1477 629 De
1522 589 1693 629 Amiano
1738 587 1821 642 spei
1862 603 1874 626 z>

56 665 157 705 nihil
190 668 307 719 putat
339 678 422 704 esse
457 663 687 717 Dionysius.
721 663 898 703 Terentii
933 663 1089 703 nullum
1125 662 1339 716 vestigium
1364 661 1523 715 agnovi.
1559 662 1820 715 Moeragenes

55 742 160 777 certe
192 736 325 791 periit.
361 735 454 776 Feci
486 735 562 775 iter
596 749 664 789 per
699 734 784 775 eius
818 735 1122 788 possessionem,
1158 735 1200 775 in
1235 749 1314 788 qua
1337 733 1485 774 animal
1507 733 1706 788 reliquum
1732 733 1819 773 nul-

54 810 136 850 lum
171 814 244 850 est.
298 808 407 849 Haec
441 823 522 848 non
556 822 693 847 noram
728 812 830 857 tum,
867 822 956 847 cum
991 807 1223 848 Democrito
1257 811 1329 847 tuo
1365 821 1488 860 quum
1523 806 1682 846 locutus
1716 821 1819 846 sum.

59 883 256 923 Rhosiaca
290 896 382 922 vasa
417 880 617 921 mandavi.
669 879 747 920 Sed
789 879 888 920 heus
931 885 991 930 tu,
1038 879 1135 934 quid
1180 879 1359 933 cogitas?
1401 879 1444 919 in
1488 878 1658 919 felicatis
1698 878 1821 919 lanci-

57 955 132 996 bus
166 961 206 996 et
239 953 574 1010 splendidissimis
608 953 794 993 canistris
828 953 938 993 olusc

941 953 1019 994 ulis
1065 968 1136 993 nos
1183 952 1284 993 soles
1325 966 1506 1007 pascere;
1554 952 1649 1005 quid
1694 956 1733 992 te
1778 952 1819 991 in
1844 969 1876 994 10

58 1029 160 1069 vasis
193 1026 386 1068 fictilibus
421 1026 697 1081 appositurum
732 1027 897 1080 putem?
936 1026 1099 1085 Κέρας
1134 1026 1301 1075 Phemio
1335 1024 1570 1065 mandatum
1595 1029 1675 1064 est:
1711 1038 1821 1078 repe-

58 1101 196 1151 rietur,
231 1101 349 1140 modo
383 1099 537 1153 aliquid
570 1099 639 1140 illo
674 1099 842 1154 dignum
877 1104 1008 1140 canat.
1048 1102 1118 1140 11.
1154 1099 1389 1139 Parthicum
1422 1097 1572 1138 bellum
1599 1097 1820 1152 impendet.

58 1175 218 1215 Cassius
252 1174 408 1228 ineptas
442 1173 577 1214 literas
612 1173 745 1223 misit3
780 1173 952 1214 necdum
988 1172 1125 1214 Bibuli
1159 1177 1273 1213 erant
1307 1172 1465 1221 allatae,
1501 1170 1647 1225 quibus
1681 1171 1821 1211 recita-

55 1248 107 1287 tis
141 1252 238 1302 puto
272 1247 369 1297 fore,
404 1252 450 1287 ut
484 1246 702 1300 aliquando
736 1261 939 1287 commove

943 1252 1032 1287 atur
1066 1251 1243 1288 senatus.
1279 1245 1479 1299 Equidem
1501 1260 1588 1286 sum
1613 1245 1655 1284 in
1678 1259 1822 1298 magna.

54 1320 177 1360 animi
212 1319 527 1373 perturbatione.
580 1320 636 1369 Si,
671 1326 718 1360 ut
751 1325 858 1375 opto,
894 1336 975 1361 non
1010 1324 1247 1375 prorogatur
1280 1323 1463 1359 nostrum
1496 1318 1718 1372 negotium,
1754 1316 1875 1357 lia-123

52 1392 126 1433 beo
160 1393 325 1433 Iunium
360 1398 400 1433 et
433 1393 660 1443 Quintilem
695 1393 738 1433 in
772 1398 896 1434 metu.
933 1394 1052 1444 Esto3
1089 1394 1189 1434 duos
1224 1392 1386 1447 quidem
1420 1405 1575 1431 menses
1607 1388 1823 1430 sustinebit

52 1465 237 1505 Bibulus.
289 1465 400 1517 Quid
436 1465 505 1506 1110
540 1466 620 1515 fiet,
657 1481 775 1520 quem
809 1467 1021 1520 reliquero,
1056 1465 1290 1521 praesertim
1326 1465 1355 1505 si
1393 1464 1585 1504 fratrem?
1629 1462 1725 1516 quid
1760 1477 1822 1502 me

54 1544 201 1589 autem,
248 1539 280 1579 si
314 1554 394 1579 non
440 1544 519 1580 tam
564 1539 644 1579 cito
690 1539 865 1580 decedo?
912 1540 1063 1593 Magna
1107 1538 1224 1580 turba
1271 1544 1344 1580 est.

93 1713 110 1743 9
125 1712 268 1753 silicam
294 1732 333 1735 -

51 1882 155 1913 quens
179 1873 212 1903 in
235 1873 287 1902 his
318 1882 379 1912 epp
422 1872 547 1902 mentio
577 1872 622 1902 fit.
658 1872 850 1902 Formulam
881 1872 915 1902 in

52 1926 206 1957 amoribus
228 1937 295 1957 esse
318 1926 416 1956 alieni
449 1927 592 1966 explieat
622 1927 844 1957 Ruhnkenius
876 1927 915 1956 ad

51 1980 126 2011 Rut.
152 1980 239 2020 Lup.
261 1990 291 2020 p.
316 1979 366 2011 74.

98 2033 115 2073 ξ
139 2034 188 2064 13.
228 2032 375 2063 Thermus
404 2033 466 2063 hoe
498 2038 644 2073 tempore
674 2043 732 2073 pro
769 2039 917 2073 praetore

55 2087 182 2122 Asiam,
206 2085 239 2116 P.
264 2085 359 2116 Silius
383 2086 488 2115 Nerva
513 2086 707 2126 Bithyniam
738 2086 917 2117 obtinebat.

57 2137 102 2168 M.
125 2137 260 2168 Nonium
286 2137 468 2178 Sufenatem
493 2137 609 2169 Cretae
633 2143 664 2169 et
687 2138 824 2179 Cyrenis
847 2144 918 2168 tum

56 2191 234 2232 praefuisse
271 2192 382 2222 nescio
420 2202 485 2232 qua
525 2193 717 2223 auctoritate
754 2192 919 2222 affirmant

57 2244 217 2276 Graevius
239 2245 372 2285 aliique.
423 2247 480 2275 (jn.
512 2245 694 2276 Tremellius
723 2244 844 2285 Scrofa,
868 2245 919 2275 vir

58 2297 236 2338 praetorius
260 2297 383 2336 <Varro
406 2298 446 2328 de
468 2298 507 2328 R.
530 2298 568 2328 R.
593 2298 640 2328 II.
663 2299 697 2339 4)
722 2308 786 2328 11011
821 2297 918 2328 habe-

61 2351 113 2381 bat
135 2351 347 2391 provinciam,
371 2351 427 2381 ubi
450 2356 558 2391 posset
578 2352 714 2382 laudari.
738 2352 786 2382 Ut
799 2351 828 2382 ei
844 2361 918 2381 eon-

58 2403 173 2443 tingat,
197 2408 285 2443 optat
308 2404 439 2440 Cicero;
465 2414 542 2434 nam
565 2411 632 2434 erat
656 2403 772 2435 Scrofa
798 2404 916 2434 lautum

61 2459 215 2499 neyotium
239 2469 270 2489 o:
291 2460 341 2490 vir
356 2460 471 2497 bonus,
488 2460 626 2491 minime
642 2461 801 2497 sordidus,
817 2461 919 2490 homo
942 2458 944 2466 ⁴

60 2522 189 2543 summa
211 2514 371 2553 religione
395 2520 427 2545 et
450 2514 632 2555 diligentia,
656 2520 692 2545 ut
715 2524 789 2545 eum
811 2515 918 2555 appel-

62 2568 107 2597 lat
131 2567 200 2598 Cic.
224 2568 320 2598 Verr-
343 2568 370 2598 Ι.
394 2570 444 2599 30.
468 2568 517 2599 Cf.
540 2570 650 2600 adnot.
674 2570 715 2599 ad
737 2570 763 2599 I.
788 2570 835 2606 12,
864 2570 891 2600 1.

109 2619 212 2651 Ceteri
228 2620 389 2662 infirmant
411 2617 599 2665 πολίτευμα
618 2620 746 2651 Catonis
762 2630 793 2651 o:
813 2621 920 2652 Ceteri

62 2675 306 2713 provinciarum
335 2682 475 2707 rectores
504 2678 665 2708 rationem
695 2677 741 2708 rei
771 2677 921 2717 publicae
945 2715 947 2720 y

63 2727 353 2764 administrandae,
376 2738 459 2768 quae
483 2728 602 2759 Catoni
624 2729 788 2769 probatur,
819 2729 921 2769 negli-
945 2723 947 2777 ὲ

64 2786 154 2820 gunt,
179 2791 245 2811 non
269 2787 389 2821 gerunt
410 2791 443 2812 se
467 2792 483 2813 e
506 2788 676 2822 praecepto
702 2781 846 2813 Catonis.

109 2833 241 2864 Causam
266 2845 371 2872 meam,
396 2845 436 2865 ne
460 2836 628 2875 provincia
662 2835 743 2865 mihi
772 2844 923 2875 proroge-
947 2860 948 2866 .

64 2892 127 2917 tur.
150 2906 190 2909 —
212 2887 364 2917 Amiamls
388 2888 518 2918 videtur
539 2888 655 2919 Attico
676 2888 838 2918 debuisse.
874 2888 923 2918 De
948 2905 949 2930 3

65 2941 223 2971 Terentio
246 2946 277 2972 et
299 2942 499 2981 Moeragene
526 2941 590 2971 vid.
614 2942 654 2971 ad
678 2942 720 2971 V.
744 2942 792 2978 15,
817 2943 845 2971 3.

109 2993 170 3024 Per
198 2994 265 3024 eius
290 2995 527 3034 possessionem.
551 2994 605 3026 Sic
632 2995 774 3035 appellat
796 2995 927 3035 praedia

68 3046 287 3087 Moeragenis,
312 3047 388 3087 quia
417 3047 632 3088 provincialis
656 3047 717 3077 soli
740 3046 926 3077 dominium

69 3104 136 3130 erat
165 3101 279 3142 populi
307 3101 459 3138 Romani,
489 3100 624 3141 privatis
656 3104 785 3131 tantum
815 3109 927 3131 conce-

69 3153 206 3184 debatur
222 3154 379 3194 possessio
402 3159 433 3185 et
456 3153 662 3194 ususfructus,
685 3153 758 3184 Gai.
782 3153 827 3183 II.
851 3153 869 3192 ξ
892 3152 925 3184 7;

1401 1536 1508 1577 Μ1111
1552 1541 1687 1577 tamen
1733 1550 1821 1575 cum

963 1880 1062 1910 quare
1086 1880 1193 1910 neque
1216 1870 1493 1910 mancipationem
1517 1875 1573 1900 aut
1595 1870 1629 1900 in
1660 1870 1730 1901 iure
1759 1879 1825 1901 ces-

963 1924 1091 1954 sionem
1114 1923 1324 1963 recipiebant,
1349 1924 1427 1953 ibid.
1452 1924 1469 1963 §
1493 1924 1541 1960 31,
1566 1931 1673 1963 neque
1688 1924 1825 1963 usucapi

963 1982 1121 2017 poterant,
1146 1977 1226 2007 ibid.
1248 1977 1299 2007 46.
1324 1976 1374 2007 Cf.
1398 1976 1515 2007 Festus
1541 1987 1571 2017 p.
1595 1977 1666 2007 241.

1005 2031 1163 2061 Rhosiuetz
1196 2040 1272 2060 vasa
1304 2036 1397 2060 erant
1431 2030 1555 2066 fictilia,
1590 2038 1673 2069 quae
1704 2029 1827 2060 fiebant

962 2083 1075 2120 Rhesi,
1100 2084 1133 2113 in
1156 2084 1237 2113 urbe
1261 2082 1376 2123 Syriae
1400 2083 1440 2113 ad
1462 2083 1573 2113 sinum
1596 2082 1748 2113 Issicum.
1771 2082 1827 2112 Fe-

962 2135 1081 2166 heatae
1103 2136 1212 2166 lances
1235 2140 1327 2166 erant
1350 2145 1393 2166 ex
1416 2145 1489 2166 aere
1512 2136 1565 2166 vel
1597 2139 1743 2175 argento,
1772 2144 1827 2165 no-

964 2198 1106 2229 menque
1128 2189 1296 2219 habebant
1320 2199 1339 2218 a
1361 2189 1538 2225 eaelatura,
1563 2198 1647 2228 quae
1676 2187 1755 2218 folia
1785 2187 1827 2218 fe-

964 2243 1035 2273 licis
1059 2243 1171 2282 <Belg.
1195 2243 1413 2283 varenkruid)
1441 2243 1641 2273 imitabatur.
1666 2242 1783 2272 Parad.
1800 2241 1828 2271 Ι.

943 2314 944 2327 1
964 2297 983 2326 2
1007 2296 1159 2327 similit-er
1171 2296 1294 2335 fictiles
1315 2296 1452 2326 mundae
1466 2296 1618 2336 felicatis
1630 2295 1758 2336 pateris
1775 2305 1828 2335 op-

964 2356 1142 2391 ponuntur.
1176 2350 1310 2381 Felicem
1341 2355 1372 2381 et
1391 2350 1563 2391 felicalum
1597 2361 1655 2391 pro
1674 2350 1767 2391 filice
1796 2356 1828 2381 et

943 2406 1085 2454 pfilieaio
1107 2406 1255 2437 defendit.
1277 2407 1441 2437 Mullerus
1465 2408 1505 2437 ad
1526 2407 1664 2438 Festum
1687 2418 1716 2448 p.
1740 2407 1780 2437 86
1797 2413 1829 2438 et

964 2458 1117 2498 Silligius
1140 2458 1252 2488 Plinio
1274 2459 1426 2490 reddidit.
1463 2458 1579 2490 Cicero
1608 2460 1641 2490 h.
1670 2459 1691 2490 l.
1721 2459 1828 2500 lepide

964 2512 1070 2552 tangit
1108 2513 1204 2543 amici
1235 2513 1480 2552 parsimoniam,
1512 2514 1569 2553 qui
1608 2514 1641 2544 in
1678 2513 1828 2553 singulos

944 2574 1093 2597 ³menses
1118 2575 1182 2595 11011
1209 2565 1349 2605 amplius
1371 2575 1470 2605 quam
1499 2570 1593 2597 terna
1622 2566 1715 2596 milia
1746 2565 1828 2596 aeris

944 2626 946 2661 ᾗ,
966 2619 999 2649 in
1024 2627 1200 2648 coenarum
1224 2622 1381 2657 apparatu
1405 2619 1622 2659 expendebat,
1653 2624 1691 2649 ut
1721 2622 1830 2649 narrat

944 2669 1142 2714 ζ(“01·11611115
1174 2671 1207 2701 in
1237 2671 1309 2701 Att.
1340 2672 1388 2702 13.
1433 2672 1559 2703 Eodem
1590 2676 1712 2713 specta-t
1748 2672 1830 2702 alter

966 2726 1056 2756 iocus
1080 2725 1112 2755 in
1138 2724 1237 2755 XVI.
1263 2726 1290 2761 3,
1317 2726 1332 2755 1
1358 2729 1441 2756 extr.

1010 2780 1028 2819 ξ
1052 2780 1101 2809 14.
1134 2778 1260 2810 Cassius
1283 2779 1408 2819 ineptas
1431 2780 1544 2810 literas
1567 2780 1661 2817 misit,
1685 2785 1745 2812 cet.
1781 2779 1830 2810 (Ὺ.

947 2835 948 2838 ’
968 2833 1010 2863 V.
1034 2832 1083 2868 21,
1108 2832 1136 2862 2.

1010 2885 1096 2915 Duos
1118 2885 1238 2926 quidem
1261 2895 1380 2916 menses
1392 2885 1558 2916 sustinebit
1574 2886 1614 2916 B.
1639 2886 1748 2924 Quam
1763 2886 1831 2915 vim

948 2939 1003 2983 gin
1033 2938 1197 2968 sententia
1236 2937 1392 2978 negativa
1426 2938 1526 2968 habet
1561 2948 1599 2968 tie
1629 2955 1671 2960 —-
1700 2937 1831 2978 quidem,

949 2993 950 3007 ¹
971 2992 1110 3023 eandem
1132 2991 1255 3022 habent
1278 2991 1311 3021 in
1334 2991 1499 3021 sententia
1522 2992 1704 3021 affirmante
1723 2994 1753 3021 et
1769 2991 1833 3031 qui-

971 3044 1037 3074 dem
1061 3048 1093 3074 et
1115 3043 1218 3074 rarius
1241 3043 1383 3083 simplex
1412 3042 1544 3084 quidem.
1588 3044 1753 3084 Exempla
1782 3053 1832 3084 pe-

972 3101 1082 3127 tantur
1105 3105 1121 3126 e
1144 3095 1307 3135 Madvigii
1330 3096 1439 3126 adnot.
1463 3097 1504 3126 ad
1534 3095 1610 3126 Fin.
1643 3097 1670 3126 l.
1703 3098 1752 3126 35.
1786 3096 1831 3127 Si-

974 3150 1060 3180 milis
1088 3150 1191 3179 oratio
1216 3153 1262 3179 est
1285 3149 1318 3179 in
1343 3149 1439 3179 Tuse.
1464 3150 1490 3179 Ι.
1515 3149 1591 3180 102:
1618 3148 1710 3184 Esto;
1727 3149 1835 3189 ferles

1564 3204 1649 3245 w<-
