2117 3533
270 143 326 183 60
672 145 756 186 ΕΡ.
790 145 867 185 AD
899 145 946 185 T.
980 143 1331 186 POMPONIUM
1363 145 1627 188 ATTICUM.

240 282 315 319 'ut
347 293 519 334 aequum
552 282 624 329 est,
660 277 737 319 civi
771 278 921 320 amanti
953 278 1137 334 patriam,
1172 294 1273 334 quae
1307 284 1402 322 sunt
1433 280 1477 322 in
1509 296 1551 322 re
1590 281 1766 337 publica,
1809 297 2026 338 exponam3

269 350 428 402 deinde,
463 350 651 405 quoniam
684 350 761 392 tibi
794 366 926 392 amore
957 366 1030 392 nos
1063 351 1234 406 proximi
1267 367 1419 404 sumus,
1454 353 1673 396 scribemus
1696 355 1817 396 etiam
1840 355 1889 396 de
1910 355 2028 396 nobis

269 440 328 475 ea,
364 440 463 478 quae
497 424 595 465 scire
628 429 668 465 te
700 440 781 466 non
814 424 919 466 nolle
954 423 1207 466 arbitramur.
1245 428 1284 466 2.
1309 427 1442 481 Atque
1475 427 1518 467 in
1551 442 1592 467 re
1617 426 1780 482 publica
1803 443 1912 470 1111116
1941 430 2027 483 qui-

270 498 359 538 dem
392 498 562 539 maxime
596 498 742 539 Gallici
775 503 983 539 versa-ntur
1015 503 1159 539 metus.
1194 499 1301 539 Nam
1334 499 1481 550 Aedui,
1516 499 1655 541 fratres
1688 501 1828 552 nostri,
1851 516 2027 556 pugnam

270 585 396 625 nuper
429 571 575 611 malam
607 576 841 627 pugnarunt
874 577 913 613 et
948 572 1156 626 (Helvetii)
1192 572 1277 613 sine
1317 571 1441 613 dubio
1476 578 1570 614 sunt
1602 573 1644 614 in
1679 574 1797 615 armis
1831 575 2028 615 excursio-

269 658 418 697 nesque
451 644 494 684 in
526 645 771 699 provinciam
805 644 972 686 faciunt.
1025 646 1194 686 Senatus
1228 644 1415 697 decrevit,
1451 651 1496 687 ut
1529 647 1710 688 consules
1744 647 1843 688 duas
1876 648 2028 689 Gallias

270 717 517 768 sortirentur,
553 717 729 759 delectus
762 717 987 768 haberetur,
1022 719 1248 759 vacationes
1280 733 1330 759 116
1363 719 1554 768 valerent,
1597 720 1718 774 legati
1761 735 1853 761 cum
1893 725 2028 762 aucto-

269 789 386 831 ritate
418 790 687 842 mitterentur,
723 791 791 847 qui
824 789 982 833 adirent
1015 790 1169 833 Galliae
1203 791 1384 833 civitates
1419 791 1637 848 darentque
1671 808 1842 848 operam,
1877 808 1927 835 116
1961 809 2028 836 eae

309 967 329 996 4
354 964 472 997 Gallici
494 964 569 997 belli
590 968 736 997 versatur
756 984 798 990 -
812 968 978 1009 puqnant;
1003 965 1138 1009 Sequani
1153 967 1298 1009 permale
1313 968 1517 1008 puqnarunt5
1541 969 1572 998 eb
1593 985 1635 991 —

266 1114 382 1154 Neque
405 1123 448 1145 ex
470 1123 517 1151 6ο,
541 1115 629 1155 quod
651 1113 897 1153 Quinctilianus
924 1115 950 1146 Ι.
974 1114 1013 1148 Ο.
1042 1114 1122 1146 VII.

265 1168 294 1205 2,
323 1168 364 1197 44
393 1167 520 1207 scripsit
553 1167 664 1208 absque
696 1167 857 1198 sententia
885 1168 1012 1199 efficere
1047 1168 1124 1200 licet

266 1230 338 1251 eam
361 1220 459 1251 fuisse
482 1220 659 1251 formulam
681 1220 715 1251 in
740 1219 810 1251 foro
833 1220 996 1251 usitatam.

306 1272 379 1303 Sine
402 1275 583 1314 arqumento
605 1283 643 1302 αι·
664 1272 824 1303 sententia
848 1273 908 1304 nid
931 1279 988 1311 est,
1012 1273 1045 1304 in
1061 1284 1125 1314 qua

265 1336 332 1357 non
355 1326 466 1367 aliqua
487 1335 537 1357 res
559 1330 714 1357 tractetur
737 1326 902 1366 gravior.''
931 1327 1010 1357 Ern.
1048 1326 1124 1359 Om-

264 1380 316 1411 nis
347 1381 388 1411 ad
409 1380 620 1411 scribendum
642 1381 803 1411 destinata
824 1381 961 1411 materia
983 1381 1123 1422 appella-

264 1440 316 1467 tur
337 1438 561 1476 mynmenlum,
584 1440 621 1466 ut
650 1436 762 1466 scribit
790 1435 922 1474 Quinct.
953 1436 980 1466 Ι.
1010 1435 1048 1468 O.
1080 1437 1122 1467 V.

264 1489 313 1525 10,
345 1489 392 1518 10.
436 1488 599 1518 Sententia
635 1493 682 1519 est
711 1489 813 1519 animi
849 1493 880 1519 et
915 1489 1123 1529 cogitationis

264 1547 394 1572 nostrae
415 1541 600 1572 declaratio.

308 1596 325 1635 ξ
349 1596 377 1625 2.
402 1595 518 1625 Gallici
541 1597 828 1625 versantem-melus.
845 1596 895 1626 Ita
908 1596 978 1626 cod.
992 1595 1124 1635 Poggii.

266 1648 370 1678 flletus
392 1648 473 1688 plur.
489 1658 578 1678 num.
596 1653 672 1678 sunt
686 1649 794 1679 variae
809 1648 975 1679 metuendi
992 1657 1122 1678 causae:

265 1704 363 1732 metus
375 1701 492 1731 Gallici
502 1712 551 1733 res
567 1703 772 1739 metuendae,
782 1712 865 1743 quae
884 1712 900 1734 e
915 1701 1023 1733 Gallia
1039 1713 1124 1733 nun—

265 1756 397 1786 tiantur.
416 1756 492 1786 Non
506 1766 638 1796 possum
647 1757 788 1787 eundem
803 1757 964 1797 pluralem
975 1756 1040 1786 alio
1052 1756 1124 1786 loco

265 1809 422 1840 Tulliano
431 1809 568 1846 munire,
578 1810 633 1840 sed
642 1809 762 1840 similia
772 1814 846 1840 sunt
855 1808 1042 1839 iracundiae
1050 1809 1124 1839 Fin.

266 1863 293 1893 I.
317 1862 364 1899 27,
379 1861 593 1902 fortitudines
616 1862 679 1894 Off.
702 1863 728 1893 I.
753 1862 792 1892 68
815 1861 1002 1902 eeqiidiiates
1027 1863 1056 1891 et
1080 1862 1125 1891 in-

266 1915 379 1945 saniae
401 1916 496 1946 Verr.
520 1916 565 1945 II.
588 1916 626 1945 35
643 1915 716 1945 alia.
739 1915 853 1954 Itaque
869 1923 975 1954 neque
991 1914 1125 1954 antiqua

267 1969 468 1999 correctione
498 1969 616 1999 Gallici
644 1968 717 1998 belli
746 1970 891 1998 versalm·
919 1969 1017 1997 melus
1044 1977 1124 2007 opus

268 2026 325 2057 est,
356 2030 416 2052 nec
453 2022 681 2058 necessarium,
719 2022 805 2061 quod
840 2021 1053 2051 Meutznems
1090 2021 1123 2050 in

267 2075 348 2106 Ann
384 2075 506 2105 Philol.
529 2075 594 2105 vol.
613 2075 661 2111 89,
676 2084 705 2114 p.
723 2074 783 2104 164
799 2074 981 2114 proposuit:
1009 2073 1125 2103 Gallici

268 2130 435 2158 versantur
464 2130 574 2159 motus.
618 2128 683 2159 Pro
719 2138 800 2157 minc
836 2126 955 2169 quidem
993 2127 1126 2157 maxime

268 2181 400 2214 Alanus
424 2183 457 2213 in
480 2183 640 2213 Emendd.
665 2182 779 2213 libello
802 2192 828 2211 a.
847 2182 928 2211 1854
942 2181 1038 2217 edito,
1054 2191 1125 2221 pro-

268 2236 376 2276 posuit
398 2245 478 2265 mme
500 2246 589 2276 quum
611 2234 752 2264 maxime.
792 2234 912 2264 Nescio
935 2244 992 2264 cur
1014 2234 1126 2274 vulga-

269 2294 338 2319 tum
361 2298 427 2318 non
450 2287 584 2318 retineri
606 2288 716 2327 possit.

310 2341 413 2372 Aedui
426 2341 554 2381 fratres
577 2340 685 2371 nostri.
708 2341 828 2378 Aedui,
847 2341 986 2381 populus
1000 2340 1127 2371 Galliae

269 2395 512 2435 Lugdunensis,
535 2404 662 2435 semper
683 2404 758 2425 cum
777 2394 935 2425 Romanis
950 2394 1126 2431 coniuncti,

270 2450 405 2480 honoris
427 2459 523 2479 causa
545 2459 563 2479 a
585 2454 700 2480 senatu
723 2449 877 2489 appellati
900 2453 977 2479 sunt
988 2448 1127 2488 fratres,

273 2502 321 2533 Cf.
350 2502 442 2533 Fam.
476 2502 557 2532 VII.
587 2502 625 2531 10
655 2506 747 2538 extr„
779 2501 869 2532 Caes.
901 2502 939 2532 B.
963 2500 1001 2532 G.
1025 2502 1052 2531 I.
1078 2501 1126 2538 11,

271 2558 321 2594 33,
344 2557 385 2586 42
407 2565 454 2596 sq.
477 2556 554 2586 Tac.
577 2555 668 2586 Ann.
697 2555 760 2585 XI.
790 2556 838 2585 25.
883 2555 1063 2586 Eumenius
1092 2555 1126 2586 in

271 2610 360 2642 Grat.
383 2616 442 2641 act.
465 2611 505 2641 ad
528 2610 638 2641 Const.
661 2621 687 2640 c.
712 2611 740 2641 2.

313 2664 451 2705 Puffliam
476 2674 572 2704 nuper
594 2664 706 2694 malam
724 2666 918 2704 memcrmel.
942 2664 1052 2695 Multo
1070 2664 1128 2696 mi-

273 2730 335 2750 nus
358 2719 421 2749 hoc
443 2718 580 2749 discedit
603 2728 620 2748 a
650 2718 809 2758 scriptura
838 2718 998 2755 codicum,
1030 2728 1129 2758 quam

273 2773 362 2813 quod
383 2773 487 2812 vulgo
509 2772 639 2811 legitur.
663 2772 891 2802 Mommsenus
915 2781 931 2802 e
954 2772 1025 2801 cod.
1046 2772 1130 2812 Pog-

274 2825 320 2865 gii
342 2824 484 2855 notavit:
502 2825 647 2863 memznt
663 2823 756 2863 pueri
779 2823 811 2853 in
833 2824 917 2853 alam
932 2826 1129 2864 pri-quarunt,

273 2877 458 2907 Lambinus
488 2876 521 2906 in
551 2876 620 2906 cod.
651 2876 753 2905 Turn.
789 2875 871 2905 vidit
894 2886 976 2915 puer
1006 2877 1129 2913 malam,

273 2929 356 2959 mihi
379 2938 396 2959 e
425 2929 495 2959 cod.
524 2928 619 2968 Hisp.
650 2927 784 2958 affertur
805 2930 952 2968 puynant
975 2928 1069 2968 pueri
1097 2928 1131 2958 in

275 2983 330 3011 ala
353 2981 427 3012 milii
441 2983 634 3022 puynarunt,
665 2982 752 3021 quod
780 2982 887 3021 prodit
914 2987 1067 3012 conatum
1095 2982 1130 3012 li-

277 3034 374 3064 brarii
404 3034 584 3065 sententia-e
614 3043 631 3064 6
659 3033 830 3064 voca-bulis
859 3044 926 3064 non
955 3034 1131 3066 intellectis

276 3088 464 3119 eliciendae.
509 3088 612 3119 Vides
634 3088 760 3118 nullam
788 3087 895 3118 inesse
923 3087 1134 3129 Sequanorum

276 3142 489 3175 mentionem.
513 3151 596 3184 quos
618 3142 736 3185 aliquis
758 3147 853 3175 vetus
875 3143 980 3176 editor
1000 3143 1064 3175 huc
1086 3143 1133 3175 in-

1170 1115 1256 1153 tulit,
1279 1125 1407 1147 memor
1429 1125 1484 1147 eos
1497 1116 1537 1147 de
1552 1116 1739 1158 principatu
1761 1115 1889 1148 Galliae
1908 1116 2030 1147 multos

1171 1178 1274 1199 annos
1290 1178 1366 1199 cum
1378 1168 1507 1199 Aeduis
1522 1169 1739 1201 contendisse.
1763 1168 1811 1201 Cf.
1829 1168 1922 1200 Caes.
1938 1170 1978 1200 B.
1990 1168 2028 1200 G.

1171 1220 1233 1251 VI.
1258 1221 1305 1251 12.
1330 1220 1396 1252 Sed
1419 1230 1456 1252 ea
1476 1221 1567 1262 prius
1591 1220 1675 1251 facta
1696 1226 1773 1252 sunt
1790 1231 1898 1262 neque
1916 1231 1933 1253 e
1951 1220 2029 1253 Cae-

1171 1273 1251 1305 saris
1265 1274 1508 1304 commentariis
1524 1274 1703 1315 quicquam
1718 1274 1758 1305 de
1772 1284 1884 1314 pugna
1897 1274 2029 1306 Aeduo-

1172 1336 1245 1357 rum
1268 1331 1299 1357 et
1321 1326 1550 1367 Sequanorum
1572 1336 1599 1357 6.
1623 1336 1655 1357 11.
1678 1326 1739 1357 694
1766 1326 1941 1357 commissa
1969 1326 2031 1357 dis-

1171 1379 1284 1410 cimus.
1308 1378 1422 1410 Cicero
1445 1379 1499 1409 hic
1513 1380 1644 1410 videtur
1656 1389 1802 1410 rumores
1815 1380 1921 1420 potius
1933 1389 2031 1420 quam

1171 1432 1342 1463 veritatem
1364 1432 1540 1463 nuntiasse.
1585 1433 1698 1472 Itaque
1723 1432 1813 1463 brevi
1836 1437 1908 1472 post
1934 1432 2031 1472 scrip-

1171 1485 1213 1516 sit
1235 1495 1252 1515 e
1274 1485 1383 1516 Gallia
1397 1486 1500 1516 otium
1515 1486 1669 1516 nuntiari.
1693 1486 1752 1526 Ep.
1766 1486 1815 1523 20,
1831 1487 1859 1516 4.
1875 1485 1923 1516 II.
1940 1486 1967 1523 l,
1982 1486 2030 1517 11.

1173 1539 1238 1570 Sed
1260 1540 1430 1570 redeamus
1453 1540 1493 1570 ad
1515 1540 1624 1570 verba.
1647 1539 1828 1570 Diversitas
1847 1543 2031 1580 temporum

1165 1594 1312 1633 linquant
1340 1610 1380 1614 -
1402 1594 1598 1633 puyaarunt,
1629 1592 1698 1623 sive
1735 1593 1901 1633 utriusque
1939 1593 2031 1624 verbi

1172 1647 1260 1677 idem
1283 1651 1331 1677 est
1353 1646 1537 1677 subiectum
1561 1645 1706 1684 (Aedui),
1724 1646 1792 1677 sive
1809 1646 1941 1677 alterius
1958 1647 2033 1677 sub-

1173 1700 1293 1730 iectum
1316 1699 1350 1729 in
1373 1699 1557 1738 corruptela
1580 1699 1759 1739 scripturae
1782 1699 1869 1735 latet,
1885 1698 1969 1729 mira
1984 1703 2032 1730 est

1173 1758 1204 1785 et
1226 1753 1439 1785 incredibilis.
1462 1752 1604 1783 Permccle
1627 1763 1644 1784 e
1666 1753 1854 1784 coniectura
1876 1757 1932 1784 est.
1956 1753 2031 1783 Per·

1173 1808 1286 1838 mulam
1313 1808 1423 1838 minus
1451 1818 1469 1837 a
1498 1807 1590 1837 codd.
1621 1807 1752 1844 recedit,
1783 1808 1840 1838 sed
1870 1807 2031 1838 rationem

1172 1871 1239 1891 non
1268 1860 1375 1891 habet.
1420 1860 1537 1900 Itaque
1566 1859 1632 1890 iam
1662 1859 1743 1889 olim
1780 1860 2030 1890 emendaveram

1165 1926 1301 1956 pstquam
1328 1934 1368 1937 -
1392 1915 1504 1945 malam
1523 1916 1717 1955 puynarzml.
1756 1914 2032 1945 Emendationem

1172 1968 1345 2009 perfecisse
1371 1968 1455 1998 mihi
1467 1968 1596 1998 videtur
1617 1968 1747 1998 Alanus
1766 1978 1824 2008 pro
1832 1977 1913 2008 puer
1932 1967 2032 1998 conii-

1171 2021 1260 2051 ciens
1283 2030 1390 2060 nuper.
1414 2020 1513 2058 Quod
1534 2019 1756 2050 Hoffmannns
1775 2021 1815 2051 de
1830 2020 2031 2051 Mommseni

1172 2076 1371 2106 correctione
1401 2076 1518 2106 edidit:
1547 2077 1703 2115 puynanl,
1748 2074 1890 2105 Helvetii
1920 2075 2033 2115 palam

1166 2127 1350 2170 puym'zrmzt
1373 2131 1403 2159 et
1426 2148 1466 2152 —-
1479 2129 1611 2169 jaciunt
1627 2129 1775 2169 pluribus
1789 2129 1829 2159 de
1844 2129 1949 2159 causis
1964 2139 2031 2159 non

1174 2186 1290 2226 placet.

1216 2238 1397 2280 (Helvetii).
1441 2238 1574 2269 Nomen
1598 2238 1631 2268 in
1654 2238 1734 2268 Mss.
1758 2237 1915 2268 omissum
1944 2241 2032 2268 certa

1174 2293 1403 2324 emendatione
1422 2292 1606 2322 Lambinus
1624 2292 1758 2322 addidit.
1781 2291 1874 2329 Quae
1890 2300 2031 2331 sequun-

1174 2353 1228 2378 tur
1260 2357 1330 2378 rem
1358 2348 1506 2387 probant.
1550 2347 1621 2377 Etsi
1650 2347 1883 2377 Helvetiorum
1910 2347 2032 2378 bellum

1174 2400 1360 2431 confectum
1383 2405 1431 2430 cst
1453 2410 1479 2429 a.
1510 2410 1540 2430 11.
1572 2400 1642 2429 693.
1676 2399 1722 2429 M.
1753 2399 1896 2429 Messala
1925 2403 1956 2430 et
1984 2399 2031 2430 M.

1177 2453 1298 2484 Pisone
1323 2463 1404 2483 coss.
1429 2453 1509 2489 (vid.
1534 2451 1624 2483 Caes.
1639 2452 1679 2482 Β.
1694 2451 1732 2482 G.
1756 2452 1797 2491 Ι),
1819 2456 1969 2491 poterant
1988 2456 2033 2481 ta-

1175 2516 1250 2537 men
1274 2506 1324 2536 illi
1347 2516 1456 2536 mrsus
1487 2515 1575 2535 arma
1597 2514 1711 2544 capere
1734 2509 1790 2534 aut
1818 2514 1930 2534 rumor
1958 2504 2032 2535 talis

1174 2561 1208 2591 in
1232 2560 1312 2590 urbe
1335 2559 1452 2600 spargi.

1218 2613 1256 2643 In
1274 2612 1469 2654 provinciam
1493 2622 1525 2643 o:
1550 2612 1584 2642 in
1607 2611 1751 2643 Galliam
1770 2611 2033 2649 Narbonensem,

1175 2677 1273 2707 quam
1289 2666 1431 2697 Romani
1445 2675 1540 2705 saepe
1557 2665 1643 2695 nude
1657 2663 1849 2704 provinciam
1861 2664 2032 2695 vocabant.

1178 2719 1226 2750 Cf.
1256 2718 1347 2750 Caes.
1377 2719 1416 2749 B.
1445 2717 1483 2748 G.
1514 2719 1540 2748 Ι.
1571 2717 1599 2749 7.
1643 2717 1733 2747 Hinc
1762 2721 1881 2747 tractus
1903 2715 2031 2747 Galliae

1176 2771 1400 2803 meridionalis
1422 2771 1508 2802 inter
1528 2771 1726 2801 Rhodanum
1748 2775 1779 2800 et
1801 2769 1929 2800 Varum
1959 2779 2031 2810 app.

1177 2826 1209 2855 la
1233 2825 1399 2856 Provence.

1223 2878 1261 2909 Ut
1284 2879 1426 2909 consules
1448 2878 1528 2908 cimas
1553 2877 1677 2908 Gallias
1699 2876 1889 2908 sortirentur
1910 2886 1969 2917 pro
1985 2876 2034 2914 iis,

1177 2942 1258 2972 qnae
1280 2931 1444 2971 superiore
1467 2940 1554 2961 anno
1577 2931 1616 2961 iis
1638 2931 1703 2960 iam
1725 2930 1873 2960 decretae
1896 2933 1999 2960 erant.

1225 2983 1410 3013 Vacariones
1433 2994 1471 3013 ne
1493 2983 1644 3013 valerent.
1668 2982 1779 3012 Aliter
1800 2986 1974 3021 receptum,
1997 2986 2034 3012 ut

1179 3037 1212 3067 in
1236 3036 1324 3066 bello
1346 3036 1531 3066 vacationes
1553 3035 1709 3070 valerent,
1733 3033 1766 3064 in
1789 3033 1936 3064 tumultu
1965 3043 2032 3064 non

1178 3090 1334 3121 valerent.
1358 3088 1407 3120 Cf.
1430 3088 1516 3119 Phil.
1539 3088 1639 3119 VIII.
1662 3089 1690 3118 3.

1222 3143 1332 3182 Leffatz'
1355 3153 1420 3173 cnm
1444 3142 1644 3178 auctoritate,
1667 3141 1724 3183 qui
1749 3150 1800 3171 res
1827 3150 1870 3171 ex
1899 3140 2035 3173 arbitrio
