2117 3533
717 163 827 205 LIB.
862 163 937 206 IV.
971 163 1056 204 ΕΡ.
1091 167 1132 204 2.
1168 166 1209 204 3.
1756 161 1838 201 167

88 304 128 341 et
160 300 229 354 qui
262 300 314 340 sit
346 298 421 339 hoc
453 303 629 354 tempore
663 303 734 340 aut
766 298 912 340 mentis
945 314 1055 340 meae
1089 313 1229 340 sensus
1263 303 1334 339 aut
1367 298 1528 339 omnino
1560 297 1666 338 vitae
1700 299 1843 336 status.

91 376 131 415 2.
164 372 339 414 Armatis
372 371 603 412 hominibus
636 375 728 412 ante
762 371 867 413 diem
913 372 1077 413 tertium
1121 372 1230 413 Non.
1291 370 1511 412 Novembr.
1552 369 1708 425 expulsi
1749 372 1845 409 sunt

88 445 190 486 fabri
221 445 270 485 de
303 460 392 486 area
424 450 572 496 nostra,
608 444 833 485 disturbata
866 445 1042 499 porticus
1077 444 1224 495 Catuli,
1261 459 1361 498 quae
1395 459 1443 484 ex
1477 448 1638 484 senatus
1662 442 1845 483 consulto

88 517 296 558 consulum
328 517 524 558 locatione
569 517 819 558 reficiebatur
859 522 899 558 et
940 518 990 558 ad
1030 522 1183 558 tectum
1232 532 1357 572 paene
1402 521 1635 571 pervenerat
1645 535 1655 568 ;
1702 515 1848 567 Quinti

88 589 219 630 fratris
253 589 393 630 domus
425 590 554 645 primo
587 589 712 630 fracta
745 589 930 630 coniectu
961 590 1142 645 lapidum
1175 605 1224 631 ex
1267 604 1357 631 area
1401 594 1551 640 nostra,
1597 589 1742 630 deinde
1787 589 1848 629 in-
1888 603 1901 627 5

87 662 287 703 flammata
317 662 430 704 iussu
464 662 608 713 Clodii,
650 663 900 718 inspectante
934 663 1033 704 urbe
1066 663 1257 704 coniectis
1290 661 1468 717 ignibus,
1510 677 1655 717 magna
1690 662 1849 717 querela

88 740 128 776 et
159 735 312 790 gemitu
344 751 427 777 non
460 736 590 777 dicam
623 735 833 787 bonorum,
868 737 938 791 qui
972 737 1105 777 nescio
1140 752 1191 778 an
1223 737 1326 777 nulli
1369 737 1463 787 sint,
1507 735 1576 776 sed
1619 736 1734 791 plane
1779 736 1849 775 110-

89 808 244 849 11111111111
277 808 466 850 011111111111.
507 809 581 850 1118
614 808 827 850 vehemens
859 824 987 860 ruere,
1021 814 1111 864 post
1143 809 1252 850 1111118
1285 809 1458 850 furorem
1500 808 1604 849 nihil
1642 809 1721 849 nisi
1765 823 1850 849 cae-

91 879 181 921 dem
220 881 474 922 inimicorum
520 881 708 936 cogitare,
752 882 915 923 vicatim
956 881 1120 933 ambire,
1166 883 1287 924 servis
1329 887 1463 938 aperte
1502 897 1612 937 spem
1652 881 1850 922 libertatis

89 953 307 996 ostendere.
340 955 502 996 Etenim
534 959 664 1005 antea,
699 969 824 1009 quum
855 954 1053 996 iudicium
1087 955 1262 1007 nolebat,
1297 955 1472 997 habebat
1494 955 1560 996 1118
1589 954 1753 1010 (1111(18111
1776 954 1851 995 dif-
1872 967 1907 993 10

88 1026 230 1067 ficilem
265 1027 593 1082 manifestamque
628 1042 801 1078 causam,
837 1027 905 1068 sed
939 1032 1073 1069 tamen
1097 1043 1277 1069 causam:
1313 1033 1468 1083 poterat
1482 1028 1669 1078 infitiari,
1695 1031 1852 1084 poterat

89 1099 133 1140 in
167 1099 264 1140 alios
298 1099 488 1151 derivare,
522 1104 679 1155 poterat
711 1100 831 1141 etiam
866 1100 1018 1155 aliquid
1051 1100 1137 1141 iure
1171 1101 1319 1142 factum
1365 1100 1592 1142 defendere.
1642 1101 1739 1141 Post
1779 1100 1852 1140 has

90 1172 227 1213 ruinas
258 1172 444 1214 incendia
477 1174 636 1229 rapinas
669 1173 848 1215 desertus
881 1190 903 1214 a
937 1174 1033 1225 suis,
1068 1174 1133 1215 vix
1167 1175 1245 1216 iam
1288 1175 1500 1216 Decimum
1542 1174 1850 1229 designatorem,

91 1246 157 1287 vix
191 1246 367 1287 Gellium
399 1247 557 1297 retinet,
593 1262 795 1289 servorum
830 1247 1007 1289 consiliis
1040 1248 1183 1298 utitur,
1218 1248 1342 1299 videt,
1377 1249 1411 1289 si
1444 1263 1594 1299 omnes,
1628 1263 1727 1303 quos
1750 1247 1850 1297 vult,

134 1410 153 1439 S
175 1407 238 1439 Ille
259 1408 384 1439 demens
405 1427 445 1431 —-

93 1553 143 1584 hic
165 1557 280 1595 affatur
302 1556 343 1586 ad
364 1555 427 1586 hoc
449 1565 577 1597 quoque
607 1558 792 1589 membnun
821 1563 950 1590 senten-

93 1608 157 1639 tiae
184 1612 272 1640 recte
304 1609 496 1641 referantur.
540 1610 718 1652 Propterea
753 1612 950 1643 vocabulum

95 1661 223 1692 seclusi.

135 1716 153 1755 ξ
176 1716 204 1746 2.
235 1715 376 1746 Armatis
397 1715 569 1747 hominibus
592 1726 624 1748 o:
648 1727 706 1757 per
728 1722 868 1748 armatos
896 1718 951 1748 ho-

94 1769 211 1800 mines.
234 1768 402 1800 Solemnis
422 1769 563 1801 formula
585 1780 629 1802 ex
650 1771 825 1803 interdicto
854 1772 892 1802 de
921 1772 951 1802 vi

95 1822 227 1853 armatis
255 1822 426 1852 hominibus
455 1824 543 1863 quod
571 1824 693 1864 legitur
728 1825 763 1855 in
804 1829 883 1855 orat.
920 1834 951 1865 p.

95 1876 210 1907 Tullio
233 1876 251 1915 ξ
275 1875 303 1908 7.
327 1874 376 1906 Cf.
400 1875 494 1907 Fam.
517 1876 597 1907 XV.
622 1877 670 1915 16,
695 1879 724 1908 3.

136 1929 338 1970 Inspecbante
365 1928 439 1959 urbe
469 1929 618 1960 coniectis
651 1930 774 1971 {quibus
802 1941 836 1962 o:
874 1932 953 1962 dum

95 1991 209 2013 omnes
231 1981 382 2012 viderent
404 1981 529 2013 facibus
552 1982 586 2012 in
611 1992 684 2013 eam
705 1983 872 2014 coniectis.
900 1983 953 2013 Ur-

95 2035 158 2066 bem
179 2045 237 2076 pro
262 2035 379 2066 incolis
401 2045 468 2066 non
491 2036 629 2067 memini
652 2046 705 2067 me
728 2037 837 2077 legere
853 2037 887 2067 in
902 2036 952 2068 Ci-

94 2088 222 2119 ceronis
245 2088 382 2128 scriptis.
415 2088 475 2119 Est
505 2090 674 2129 poetarum
704 2095 736 2120 et
758 2089 953 2130 scriptorum

96 2142 294 2182 sequiorum,
331 2141 423 2172 velut
457 2142 555 2183 Prop.
584 2143 647 2173 IV.
677 2143 725 2179 ll,
757 2142 805 2175 57.
846 2143 953 2174 Taciti

94 2195 186 2226 Ann.
209 2194 312 2225 XIII.
337 2194 365 2225 6.
387 2195 453 2225 Hic
475 2195 580 2226 multo
603 2195 708 2236 aptius
731 2202 817 2227 esset
838 2195 953 2236 inspec-

93 2250 182 2279 tante
203 2248 281 2287 ipso.

136 2301 247 2333 Nescio
276 2312 318 2332 an
348 2302 439 2332 nulli.
470 2301 571 2333 Codd.
601 2302 671 2333 ulli.
702 2302 767 2334 Sed
796 2303 954 2335 Lambini

94 2355 251 2387 correctio
273 2360 369 2386 certa.
398 2355 486 2386 Nam
508 2360 635 2387 constat
658 2356 743 2387 inter
766 2357 952 2397 grammati-

95 2417 148 2439 eos
173 2407 375 2444 Ciceronem,
412 2408 470 2438 ubi
498 2414 572 2448 post
600 2408 777 2439 formulam
806 2410 951 2440 modeste

96 2462 287 2494 affirmantis
323 2462 426 2493 neseio
454 2473 507 2500 an,
545 2463 634 2494 lumel
661 2463 726 2494 scio
755 2474 797 2494 an
826 2473 951 2504 negans

95 2517 258 2548 sententia
296 2517 452 2557 sequitur,
488 2523 631 2557 negante
666 2518 826 2558 particula
854 2528 951 2548 usum

96 2580 175 2608 esse,
198 2580 296 2611 quam
318 2580 360 2601 ex
383 2570 513 2611 optimis
536 2572 629 2602 codd.
652 2571 855 2612 plerumque,
879 2582 952 2601 1810

97 2634 114 2656 8
136 2624 324 2656 coniectura
345 2630 560 2665 reposuerunt
582 2626 616 2655 in
640 2626 679 2656 iis
703 2626 793 2663 locis,
812 2626 952 2666 111111181-

97 2677 216 2708 ticulae
237 2677 428 2708 indefinitae
449 2678 542 2715 ullus,
567 2687 709 2718 unquam,
732 2678 894 2720 quisquam
909 2679 954 2709 vi-

98 2729 180 2760 tiose
202 2728 523 2760 circumferebantur.
558 2729 662 2762 Docte
685 2731 770 2762 hanc
793 2732 955 2772 quaestio-

99 2792 176 2814 nem
198 2782 349 2814 tractavit
371 2783 462 2823 Aug.
484 2784 645 2815 Matthiae
669 2785 702 2815 in
732 2785 885 2816 Exeursu
915 2786 955 2816 ad

98 2836 202 2876 Epist.
225 2834 292 2866 Sel.

139 2889 202 2920 Ille
224 2890 385 2920 vehemens
407 2900 497 2921 ruere
521 2900 537 2921 8
566 2891 655 2922 Med.
685 2897 741 2923 est.
776 2892 838 2924 Sed
869 2900 956 2924 recte

99 2942 181 2972 vidit
209 2943 369 2973 Ernestus
400 2942 466 2972 vim
496 2943 588 2974 verbi
619 2953 710 2974 ruere
748 2954 814 2975 non
845 2946 957 2985 augeri

98 2995 202 3026 solere
225 2996 336 3026 addito
358 2996 520 3027 adiectivo
543 2997 595 3027 vel
619 2998 783 3028 adverbio.
808 2999 892 3028 Tam
910 3010 956 3029 w]-

100 3048 232 3086 JbemenS,
256 3060 355 3089 quam
377 3051 464 3090 quod
488 3050 543 3082 Or.
566 3061 585 3081 a
608 3051 669 3082 I'io
692 3052 816 3092 accepit
832 3052 957 3084 demens

102 3101 243 3140 glossam
266 3103 359 3143 sapit.

998 1567 1015 1589 8
1043 1557 1204 1589 Sisennae
1236 1557 1323 1589 Hist.
1354 1558 1421 1589 111.
1460 1557 1553 1589 affert
1589 1558 1718 1589 Nonius
1742 1568 1772 1599 p.
1797 1559 1856 1588 188

997 1611 1099 1643 Merc.

1044 1664 1142 1704 Quum
1164 1664 1314 1696 iudicium
1337 1664 1474 1696 nolebat.
1498 1665 1617 1702 Antea,
1647 1675 1751 1706 quum
1772 1666 1857 1697 Milo

1000 1717 1157 1749 Clodium
1179 1718 1219 1749 de
1242 1718 1274 1748 vi
1298 1724 1470 1755 accusaret,
1501 1719 1555 1749 hic
1584 1719 1696 1749 iudicii
1724 1719 1858 1759 laqueos

999 1772 1188 1808 declinavit,
1211 1776 1246 1802 ut
1269 1776 1316 1803 est
1338 1772 1410 1802 Mil.
1434 1773 1483 1809 40,
1507 1781 1565 1813 per
1597 1772 1739 1803 edictum
1757 1772 1858 1812 magi-

1001 1829 1172 1861 stratuum,
1196 1825 1286 1865 quod
1308 1825 1427 1855 citatur
1450 1825 1484 1855 in
1508 1824 1592 1856 Sest.
1615 1826 1664 1856 89.
1690 1825 1859 1856 Usitatum

1006 1882 1055 1908 est
1078 1877 1111 1908 in
1134 1877 1195 1908 1188
1218 1887 1252 1908 re
1275 1877 1423 1907 iudicium
1447 1878 1567 1908 tollere.
1593 1877 1643 1910 Cf.
1667 1878 1750 1909 Sull.
1766 1879 1813 1915 15,
1829 1889 1860 1919 p.

1000 1930 1073 1960 Mil.
1097 1929 1145 1962 70.
1168 1930 1208 1960 L.
1219 1930 1347 1960 Novius
1362 1931 1447 1970 apud
1463 1931 1587 1961 Ascon.
1603 1930 1637 1961 in
1650 1931 1770 1961 Milon.
1785 1930 1861 1970 §37.

1000 1983 1093 2013 Nihil
1117 1990 1227 2014 tamen
1258 1984 1312 2014 hic
1338 1985 1535 2015 mutandum
1565 1984 1704 2016 videtur.

1046 2035 1116 2066 Post
1149 2036 1207 2065 has
1242 2036 1364 2067 rumas.
1402 2036 1501 2075 Quod
1537 2037 1787 2078 Peerlkampius
1822 2038 1863 2067 ad

1001 2087 1082 2118 Hor.
1118 2087 1226 2119 Carni.
1262 2089 1288 2119 I.
1328 2089 1366 2119 IS
1403 2090 1534 2120 monuit
1565 2090 1718 2131 antiquos
1748 2100 1862 2130 prosae

1000 2142 1171 2182 scriptores
1193 2143 1298 2173 rarius
1322 2143 1368 2173 ita
1390 2143 1516 2174 locutos
1540 2153 1619 2181 esse,
1655 2144 1776 2175 omisso
1806 2145 1862 2175 ali-

1000 2204 1063 2234 quo
1093 2195 1273 2235 participio,
1308 2205 1374 2225 non
1416 2197 1456 2226 ad
1493 2197 1659 2236 quaelibet
1697 2197 1862 2227 scribendi

1001 2257 1120 2287 genera
1144 2249 1294 2288 pertinet.
1329 2249 1369 2279 In
1393 2249 1539 2289 epistolis
1561 2254 1647 2281 certe
1678 2250 1794 2280 maiori
1825 2251 1861 2280 li-

1000 2303 1109 2333 centia
1130 2303 1233 2333 utitur
1255 2303 1379 2341 Cicero,
1403 2309 1438 2334 ut
1461 2305 1532 2335 Att.
1563 2304 1608 2335 X.
1639 2305 1666 2342 1,
1700 2305 1727 2335 1.
1767 2304 1859 2335 Fam.

1000 2355 1102 2386 XIII.
1138 2355 1185 2392 17,
1222 2357 1251 2386 4.
1295 2357 1335 2387 Iu
1366 2357 1572 2388 orationibus
1602 2357 1683 2388 talia
1715 2357 1859 2389 inveniri

999 2416 1092 2441 caute
1115 2414 1215 2450 negat
1237 2410 1401 2447 Hrmdius,
1426 2411 1523 2441 Turs.
1546 2412 1572 2442 I.
1595 2422 1627 2452 p.
1649 2412 1719 2442 368.

1040 2462 1197 2493 Decimum
1237 2463 1480 2504 clesiymctorem.
1531 2464 1765 2504 Designatores
1801 2465 1861 2495 illo

999 2522 1143 2556 tempore
1166 2521 1267 2553 erant,
1292 2517 1347 2556 qui
1371 2517 1404 2547 in
1441 2517 1576 2548 theatris
1605 2517 1728 2557 (Plaut.
1757 2517 1864 2548 I‘oen.

1000 2568 1088 2598 Prol.
1113 2569 1166 2607 19)
1191 2570 1243 2599 vel
1266 2569 1300 2599 111
1325 2579 1442 2609 pompa
1466 2569 1606 2607 funebri,
1638 2570 1770 2609 (Horat.
1799 2570 1860 2610 Ep.

1001 2622 1028 2652 Ι.
1052 2621 1079 2658 7,
1104 2622 1132 2651 6.
1156 2621 1233 2652 Seu.
1256 2622 1296 2653 de
1319 2622 1434 2653 Benef.
1460 2623 1522 2653 VI.
1545 2624 1600 2661 38)
1620 2623 1729 2653 locum
1744 2623 1862 2663 cuique

1002 2683 1098 2704 suum
1121 2673 1322 2704 indicabant.
1353 2675 1393 2705 In
1417 2675 1531 2705 tabula
1552 2675 1769 2706 Heracleensi
1792 2685 1861 2715 cap.

1004 2726 1031 2763 6,
1055 2736 1086 2756 v.
1109 2726 1148 2756 20
1170 2736 1237 2756 una
1259 2735 1335 2756 cuin
1365 2727 1579 2767 praeconibus
1610 2732 1642 2758 et
1672 2728 1861 2758 libitinariis

1003 2780 1185 2811 honoribus
1207 2780 1242 2810 iu
1266 2781 1455 2821 municipiis
1485 2782 1716 2812 excluduntur.
1760 2781 1861 2811 Plura

1003 2835 1043 2864 de
1067 2834 1115 2870 iis,
1140 2834 1197 2874 qui
1220 2834 1338 2874 cupiat,
1363 2836 1458 2866 adeat
1480 2835 1693 2866 Mazochium
1724 2836 1764 2865 ad
1795 2836 1859 2865 tab.

1003 2887 1136 2918 Hcracl.
1159 2898 1190 2927 p.
1213 2888 1274 2917 416
1297 2898 1356 2928 sq„
1380 2889 1435 2929 qui
1460 2894 1570 2920 tamen
1603 2895 1638 2920 ut
1668 2890 1750 2920 solet
1781 2888 1863 2919 falsa

980 2967 981 2988 1
1004 2942 1089 2972 veris
1113 2941 1294 2972 admiscuit.
1333 2942 1381 2973 cf.
1407 2943 1506 2973 etiam
1540 2943 1696 2974 Dirkseni
1725 2944 1862 2974 Observ.

1005 3000 1045 3029 ad
1068 2999 1133 3029 tab.
1156 2998 1288 3030 Heracl.
1313 3001 1438 3039 (Ber-ol.
1463 3001 1568 3041 1817),
1591 3012 1621 3042 p.
1646 3003 1685 3031 51
1708 3012 1755 3042 sq.

1049 3051 1192 3081 Gallium.
1230 3052 1422 3083 Nalrieulmu
1449 3055 1533 3084 hanc
1561 3054 1777 3086 sediliasarum
1805 3066 1864 3087 om-

1007 3107 1087 3137 nium
1113 3106 1194 3138 (cic.
1221 3109 1295 3138 Vat.
1320 3110 1353 3148 4)
1382 3110 1438 3149 (1111
1468 3121 1667 3148 (0811088818
1701 3113 1789 3150 velit,
1821 3114 1862 3143 18--

151 3156 278 3188 Γίοαΐέηῑ
302 3158 427 3189 ambire.
452 3158 603 3199 Popula.»
640 3160 764 3190 vicatim
795 3161 957 3191 circumire
980 3178 981 3193 1
1006 3169 1061 3201 gat
1084 3161 1253 3195 Sestianae
1277 3165 1294 3200 ,ὃ
1323 3165 1378 3194 110
1400 3174 1445 3205 811.
