2117 3533
225 2001 259 2027 10

287 161 373 202 280
684 159 768 200 ΕΡ.
801 158 877 198 AD
910 157 956 197 Τ.
990 155 1339 199 POMPONIUM
1371 159 1636 202 ATTICUM.

286 297 385 338 mihi
416 310 596 351 praeesse
639 293 866 349 pro.vinciae
907 307 976 347 per
1025 296 1188 333 senatus
1230 293 1458 336 consultum
1501 294 1653 338 liceret.
1709 295 1800 347 Sed,
1846 311 1924 352 quo
1967 311 2039 351 ego

288 369 455 410 maxime
489 365 728 417 delectabar,
762 364 934 406 Bibulus
966 364 1157 405 molestus
1190 365 1290 406 mihi
1329 381 1409 408 non
1453 372 1558 419 erat3
1601 367 1650 409 de
1693 368 1880 410 omnibus
1921 367 2038 411 rebus

286 441 485 483 scribebat
518 440 567 481 ad
600 455 662 480 me
695 439 842 494 potius,
888 442 928 478 et
959 437 1060 479 mihi
1093 437 1334 481 decessionis
1375 439 1459 482 dies
1493 436 1768 493 λεληθότως
1801 440 2016 497 obrepebat
2026 459 2037 493 ;

286 515 354 569 (1111
397 527 521 567 (11111111
565 511 782 561 advenerit,
829 506 948 553 ἄλλο
991 506 1280 569 πρόβλημα,
1327 528 1446 567 (1116111
1488 512 1728 568 praeficiam,
1773 514 1852 555 nisi
1893 513 2040 555 Caldus

285 591 469 642 quaestor
502 585 668 634 venerit,
703 584 751 624 de
785 598 864 638 quo
897 582 1028 624 adhuc
1061 582 1163 624 nihil
1197 584 1295 625 certi
1328 584 1588 626 habebamus.
1633 587 1673 626 4.
1708 585 1929 641 Cupiebam
1960 601 2040 627 me-

283 660 443 702 hercule
475 658 694 713 longiorem
729 655 939 711 epistolam
971 655 1114 707 facere,
1149 655 1219 697 sed
1251 671 1324 698 nec
1359 662 1444 699 erat
1476 673 1551 709 res,
1597 658 1646 699 de
1691 674 1770 713 qua
1816 657 2041 710 scriberem,

284 750 356 777 nec
388 734 511 775 iocari
544 747 636 788 prae
671 745 766 772 cura
798 734 992 785 poteram.
1027 728 1191 771 Valebis
1224 729 1349 784 igitur
1383 735 1422 771 et
1453 730 1611 786 puellae
1646 730 1815 773 salutem
1838 731 2041 775 Atticulae

284 808 392 850 dices
425 811 662 859 nostraeque
695 803 838 845 Piliae.

284 973 312 1010 1,
336 971 385 1008 15,
409 970 465 1011 qui
487 968 654 1010 egregiam
669 967 768 1008 patris
783 966 1052 1005 moderationem,
1068 967 1138 998 vin·
1185 968 1226 999 de
1248 968 1342 1000 cuius
1364 969 1507 1000 adventu
1528 972 1656 1009 sperato
1677 968 1806 1009 scripsit
1827 968 1860 999 h.
1882 969 1905 1000 l.
1935 970 1963 1007 2,
1995 970 2044 1002 10.

283 1026 405 1056 dictam
426 1021 618 1059 recusantis,
641 1025 761 1052 narrat.
795 1020 915 1050 Animi
937 1020 1140 1060 magnitudi-

283 1087 360 1109 nem
382 1077 416 1107 in
438 1076 501 1106 hoc
523 1084 600 1106 casu
623 1074 736 1105 laudat
758 1072 885 1104 Seneca
915 1073 948 1104 in
979 1083 1068 1105 cons.
1097 1074 1139 1105 ad

282 1130 451 1167 Marciam,
475 1129 523 1159 14.

1187 1021 1264 1052 Vid.
1290 1022 1460 1063 inscriptio
1483 1031 1531 1062 ep.
1556 1023 1603 1059 19,
1627 1022 1673 1053 Π.
1697 1022 1738 1052 ad
1758 1021 1852 1052 Fam.

1228 1072 1400 1104 Atticulae.
1421 1074 1474 1105 Ita
1493 1073 1635 1114 appellat
1656 1069 1920 1118 ὑποκοριστικῶς
1941 1074 2045 1107 Attici

1186 1127 1334 1159 filiolam.

326 1184 453 1216 Caldus.
488 1182 569 1214 Erat
590 1181 618 1213 is
641 1180 678 1213 C.
702 1179 836 1213 Caelius
868 1179 908 1211 L.
939 1178 976 1211 F.
1007 1178 1139 1218 Caldus,

906 1286 978 1328 VJ.
1044 1286 1110 1339 (A.
1152 1286 1197 1327 U.
1236 1287 1277 1327 O.
1317 1286 1434 1340 704.)

344 1405 384 1446 1.
418 1403 518 1458 Ego,
553 1402 650 1443 dum
682 1401 725 1442 in
758 1400 964 1456 provincia
997 1399 1184 1442 omnibus
1227 1399 1346 1441 rebus
1392 1401 1571 1455 Appium
1615 1416 1726 1452 orno,
1775 1401 1910 1444 subito
1954 1418 2042 1444 sum

282 1480 411 1520 factus
445 1476 689 1518 accusatoris
724 1476 810 1516 eius
844 1490 966 1516 socer.
1018 1474 1067 1516 Id
1102 1474 1278 1528 quidem,
1313 1474 1463 1528 inquis,
1498 1474 1555 1515 dii
1588 1474 1829 1530 approbent!
1885 1475 1950 1516 Ita
1981 1490 2045 1516 ve-

282 1551 353 1592 lim
387 1556 506 1604 teque
539 1549 597 1590 ita
630 1563 773 1603 cupere
808 1552 914 1588 certo
960 1547 1056 1587 scio.
1101 1546 1179 1588 Sed
1225 1547 1340 1588 crede
1380 1547 1495 1599 mihi,
1539 1548 1643 1589 nihil
1686 1549 1820 1590 minus
1863 1554 2044 1604 putaram

284 1640 371 1680 ego,
407 1623 475 1678 qui
509 1622 557 1663 de
591 1622 652 1663 Ti.
687 1622 861 1671 Nerone,
897 1621 966 1675 qui
999 1635 1156 1661 mecum
1190 1626 1338 1675 egerat,
1373 1626 1501 1662 certos
1533 1621 1716 1663 homines
1761 1621 1811 1663 ad
1854 1622 2043 1664 mulieres

282 1698 480 1745 miseram,
516 1696 585 1751 qui
619 1696 787 1737 Romam
816 1698 1012 1735 venerunt
1045 1694 1161 1735 factis
1195 1693 1463 1749 sponsalibus.
1520 1694 1597 1736 Sed
1631 1695 1706 1735 hoc
1740 1710 1853 1750 spero
1886 1695 2045 1737 melius.

283 1770 475 1812 Mulieres
509 1769 670 1823 quidem
705 1767 819 1809 valde
853 1767 1035 1821 intelligo
1069 1766 1257 1808 delectari
1292 1766 1484 1821 obsequio
1518 1771 1558 1808 et
1591 1767 1777 1809 comitate
1819 1767 2044 1809 adolescen-

282 1843 348 1884 tis.
398 1842 539 1883 Cetera
570 1841 654 1882 noli
688 1838 1060 1893 ἐξακανθίζειν.
1124 1843 1159 1880 2.
1195 1839 1272 1880 Sed
1306 1839 1406 1881 heus
1439 1844 1499 1890 tu,
1546 1836 1729 1899 πυροὺς
1769 1836 1841 1891 εἰς
1885 1834 2045 1898 δῆμον

285 1915 481 1956 Athenis?
515 1915 646 1970 placet
677 1914 753 1954 hoc
786 1912 888 1954 tibi?
921 1913 996 1953 etsi
1030 1928 1111 1954 non
1143 1911 1419 1967 impediebant
1452 1912 1529 1953 mei
1564 1916 1669 1953 certe
1692 1911 1786 1954 libri
1796 1931 1807 1964 3
1832 1928 1913 1954 non
1937 1913 2043 1954 enim

283 1990 360 2030 ista
391 1987 552 2042 largitio
586 1987 665 2028 fuit
696 1987 740 2028 in
774 1987 893 2037 cives,
928 1986 996 2027 sed
1030 1986 1073 2027 in
1106 1985 1285 2041 hospites
1318 1984 1551 2026 liberalitas.
1586 1986 1655 2026 Me
1688 1990 1824 2027 tamen
1859 1986 1908 2027 de
1943 1988 2044 2028 Aca-

283 2061 435 2103 demiae
470 2056 693 2118 προπύλῳ
727 2059 840 2101 iubes
875 2059 1063 2114 cogitare,
1099 2073 1224 2113 quum
1257 2058 1337 2098 iam
1371 2057 1528 2112 Appius
1562 2057 1611 2098 (16
1645 2058 1833 2099 Eleusine
1866 2073 1947 2099 non
1982 2074 2044 2099 60-

282 2136 413 2189 gitet?
462 2134 521 2175 De
556 2134 773 2175 Hortensio
806 2138 845 2174 te
879 2137 986 2174 certo
1020 2132 1101 2173 scio
1145 2131 1297 2181 dolere3
1339 2131 1523 2185 equidem
1568 2131 1787 2172 excrucior.
1832 2131 2043 2173 Decreram

325 2286 364 2317 10
386 2295 431 2316 me
453 2287 555 2316 tamen
566 2306 572 2314 .
585 2306 592 2314 .
604 2305 611 2313 .
623 2306 630 2313 .
654 2281 779 2323 coyitet.
804 2298 844 2303 —

326 2418 343 2456 ξ
367 2417 394 2446 l.
417 2414 548 2455 Appium
570 2424 656 2450 orno,
673 2423 711 2445 eo
726 2414 881 2449 maxime,
901 2414 988 2453 quod
1004 2422 1136 2454 operam
1159 2414 1161 2440 ἱ

284 2471 325 2499 do
347 2473 382 2498 ut
404 2468 533 2505 integra
556 2466 597 2496 sit
619 2466 780 2506 dignitate
803 2471 835 2496 et
857 2466 1005 2496 deterreo
1018 2465 1137 2496 Cilices

285 2532 301 2551 a
325 2520 441 2560 legatis
470 2519 510 2549 ad
544 2518 702 2549 iudicium
732 2518 910 2555 mittendis,
943 2518 999 2558 qui
1026 2518 1067 2548 de
1099 2527 1138 2549 eo

285 2578 471 2614 querantur.

326 2625 527 2656 ,recusatam
549 2625 614 2655 eius
636 2635 734 2656 socer.
757 2625 807 2657 ef.
831 2626 905 2656 adn.
928 2626 968 2657 ad
991 2635 1039 2666 cp.
1057 2627 1085 2663 2,
1102 2626 1140 2656 10

285 2686 314 2711 et
338 2681 366 2716 -1ι,
390 2680 409 2709 2
430 2679 462 2708 h.
486 2678 508 2708 l.

326 2732 368 2761 Id
386 2732 505 2772 quidem
530 2748 568 2753 —
589 2731 633 2760 cliz'
646 2730 823 2770 approbent.
847 2730 1004 2763 Solenine
1016 2738 1140 2763 votum.

285 2785 377 2814 Fam.
401 2784 445 2814 II.
470 2784 516 2819 15,
541 2784 559 2813 2
581 2784 621 2813 (16
644 2784 755 2813 cadem
787 2793 821 2813 re
850 2785 965 2814 eodem
994 2790 1138 2825 tempore

285 2837 413 2867 scribit:
441 2836 529 2876 Quod
551 2838 651 2865 actum
672 2838 728 2872 est,
744 2836 790 2866 dii
805 2837 980 2876 approbenl.
999 2838 1042 2868 X.
1058 2840 1106 2875 22,
1123 2839 1138 2869 l

285 2890 346 2920 diis
368 2888 617 2929 approbantibus.

331 2942 441 2972 Cetera
463 2941 528 2970 noli
550 2937 807 2978 ἑξακανθὶζειν.
835 2940 1029 2973 Dolabellae
1052 2943 1139 2979 vitia,

281 3007 362 3037 quae
385 3001 521 3028 excusat
532 3005 662 3036 quoque
675 2995 814 3033 Caelius,
828 2996 921 3027 Fam.
935 2998 1033 3028 VIII.
1048 2999 1096 3035 13,
1113 2999 1139 3029 l.

282 3046 518 3087 Ξξακανέῐίζειν
543 3047 670 3087 proprie
694 3054 740 3077 est
763 3048 871 3087 spina-5
895 3049 1039 3086 evellere,
1070 3055 1139 3080 tum

283 3104 406 3143 aliquid
429 3103 593 3134 subtiliter
616 3107 781 3133 excutere.

323 3159 339 3191 ᾗ
364 3154 392 3182 2.
422 3148 544 3197 πυροῦ,
584 3149 628 3188 εὶς
665 3148 773 3195 δῆμον
806 3154 948 3184 Atheni-s.
993 3154 1048 3185 Ad
1077 3150 1163 3185 hoel

1183 2420 1309 2455 tempus
1347 2415 1517 2445 referenda
1552 2413 1710 2444 frumenti
1740 2413 1881 2452 largitio,
1912 2413 1952 2443 de
1982 2420 2046 2452 qua

1184 2467 1299 2498 scribit
1330 2467 1504 2498 Cornelius
1534 2467 1567 2496 in
1597 2466 1702 2496 Attici
1738 2465 1815 2503 vita,
1846 2465 1874 2502 2,
1907 2465 1942 2500 63
1981 2463 2044 2494 nisi

1185 2521 1267 2552 forte
1290 2520 1422 2551 Atticus
1444 2520 1506 2551 hoc
1529 2519 1674 2550 officium
1693 2518 1956 2550 Atheniensibus
1971 2517 2044 2558 plus

1187 2574 1287 2605 semel
1311 2574 1480 2614 praestitit.

1228 2626 1341 2657 Placet
1363 2627 1419 2657 boc
1438 2626 1522 2656 tibi?
1545 2626 1604 2657 Est
1621 2625 1773 2662 formula,
1792 2634 1856 2665 qua
1872 2623 2042 2665 reprehen-

1187 2680 1304 2717 dimus,
1329 2680 1415 2720 quod
1445 2679 1529 2710 alius
1557 2678 1644 2709 facit.
1681 2678 1780 2709 Vidd.
1812 2678 1883 2709 intt.
1914 2677 1954 2708 ad
1983 2676 2043 2707 Te-

1187 2732 1284 2763 rentii
1305 2732 1505 2762 Eunuchum
1529 2731 1571 2761 V.
1595 2731 1623 2767 2,
1648 2730 1699 2761 12.

1228 2785 1371 2826 Layyitz‘o
1393 2804 1434 2808 —
1455 2784 1641 2815 liberalitas,
1671 2784 1763 2815 Haec
1786 2784 1930 2820 honesta,
1954 2782 2042 2823 flagi-

1186 2839 1268 2869 tiosa
1298 2839 1365 2869 illa.
1401 2837 1620 2878 Opponuntur
1648 2846 1779 2878 quoque
1808 2837 1849 2867 de
1878 2835 1967 2867 Orat.
1997 2835 2042 2866 Π.

1188 2892 1256 2922 105.
1280 2902 1311 2932 p.
1333 2892 1422 2922 Mur.
1445 2891 1495 2923 77.
1526 2890 1575 2922 Cf.
1600 2891 1700 2921 etiam
1722 2889 1785 2922 Off.
1808 2890 1854 2926 ΙΙ,
1879 2890 1928 2919 55.

1229 2944 1282 2975 ille
1304 2947 1408 2975 tamen
1430 2963 1471 2968 ——
1492 2953 1553 2974 non
1576 2943 1714 2983 coyitet?
1738 2942 1788 2974 Cf.
1811 2942 1872 2973 VI.
1897 2942 1924 2978 l,
1940 2941 1989 2972 26.
2003 2958 2042 2963 —

1187 2998 1458 3039 Inter-punctione
1481 3002 1603 3028 mutata
1626 2998 1713 3027 hunc
1729 2997 1847 3033 locum,
1863 3001 1899 3026 ut
1914 2995 2039 3035 opinor,

1186 3052 1292 3082 multo
1315 3050 1554 3091 expeditiorem
1577 3049 1713 3080 reddidi.

1228 3104 1274 3134 De
1296 3103 1477 3134 Hortensio.
1512 3103 1551 3133 In
1576 3103 1680 3133 Bruto
1703 3102 1731 3138 1,
1756 3102 1783 3137 1,
1807 3104 1917 3131 narrat
1939 3098 2001 3129 sibi
2023 3107 2042 3129 e

1185 3158 1301 3190 Cilicia
1323 3157 1493 3189 decedenti
1515 3156 1622 3188 Rhodi
1636 3156 1675 3187 de
1692 3155 1733 3194 Q.
1746 3153 1919 3186 Hortensii
1935 3156 2038 3184 morte
