2117 3533
829 163 1156 204 PRAEFATIO.
1802 177 1861 204 v11

107 339 386 390 comparantur
420 335 631 374 manifesto
665 332 884 374 ostendunt
916 348 1008 374 eum
1042 334 1198 375 codices
1248 335 1317 375 ΥΧ
1366 335 1540 385 finxisse,
1589 341 1631 376 ut
1676 335 1864 376 emenda-

107 417 286 461 tionibus
330 418 413 459 suis
446 433 494 459 ex
528 417 703 459 editione
737 418 917 458 Romana
949 422 990 458 et
1020 418 1198 472 margine
1232 417 1520 459 Cratandrinae
1554 418 1616 459 vel
1650 419 1770 460 etiam
1816 434 1863 460 ex

109 505 270 559 ingenio
315 503 560 558 depromptis
603 503 882 544 auctoritatem
927 502 1104 553 adderet,
1149 518 1222 544 nec
1266 517 1410 557 magna
1454 502 1665 557 diligentia
1708 506 1748 543 et
1786 501 1864 542 fide

109 604 225 630 usum
267 605 351 630 esse
393 589 529 630 codice
572 590 613 639 Z,
658 604 703 629 ex
748 603 825 642 quo
871 587 1091 629 Lambinus
1133 592 1173 629 et
1214 588 1423 629 Turnebus
1470 589 1603 643 plures
1649 587 1865 643 scripturas

109 689 130 715 a
164 673 348 714 Bosianis
381 673 651 728 discrepantes
685 672 921 713 attulerunt.
974 671 1171 712 Fraudeni
1214 672 1369 726 aperuit
1413 671 1631 726 paucisque
1673 670 1864 725 exemplis

109 758 396 799 demonstravit
428 759 488 799 M.
526 757 729 812 Hauptius
751 757 794 797 in
818 756 959 807 Indice
983 756 1070 795 lect⁴
1095 756 1206 796 univ.
1233 756 1503 797 Berolinensis
1527 771 1559 797 a.
1583 754 1863 804 MDCCCLV‚

110 848 149 883 et
198 843 377 897 quamvis
421 843 472 883 D.
518 840 771 882 Detlefsenus
815 841 857 880 in
893 840 1119 881 Annalibus
1154 841 1393 896 philologiae
1429 841 1614 882 classicae
1657 840 1748 881 Vol.
1784 839 1866 881 ΙΠ.

110 928 204 968 fasc.
244 929 262 967 1
300 943 339 981 p.
378 928 460 967 113
498 941 608 980 seqq.
655 924 765 965 Bosii
799 939 959 965 causam
993 930 1176 966 accurate
1210 926 1349 980 egerit,
1385 926 1470 966 eius
1503 930 1637 966 tamen
1660 923 1867 966 codicibus

112 1025 191 1052 non
225 1010 396 1051 multum
420 1008 681 1050 tribuendum
703 1024 787 1049 esse
810 1012 980 1050 constat,
1014 1010 1074 1050 Cf.
1101 1010 1348 1051 Enchelei-us
1370 1012 1413 1052 in
1438 1011 1548 1052 Mus.
1572 1010 1711 1066 philol.
1736 1009 1867 1050 Rhen.

111 1095 187 1137 XI.
222 1112 261 1151 p.
297 1097 399 1136 514.
435 1095 500 1136 Fr.
536 1094 792 1135 Hofmannus
825 1095 867 1135 in
902 1093 1025 1149 praef.
1059 1094 1185 1135 libelli
1219 1095 1266 1135 de
1301 1101 1496 1150 apparatu
1529 1095 1618 1136 crit.
1653 1094 1789 1150 epistt.
1819 1092 1869 1134 ad

113 1185 199 1224 Att.
234 1198 273 1236 p.
307 1182 343 1222 I.
388 1182 530 1235 Itaque
563 1179 757 1221 habemus
791 1180 1007 1235 scripturas
1041 1179 1168 1220 varias
1202 1179 1351 1220 codicis
1382 1179 1655 1229 Tornaesiani,
1700 1179 1742 1219 in
1785 1178 1871 1232 qui-

113 1268 187 1309 bus
219 1266 447 1308 indicandis
480 1265 703 1306 Lambinus
737 1270 777 1305 et
809 1264 1020 1306 Turnebus
1054 1280 1211 1319 quoque
1244 1280 1326 1306 non
1360 1280 1514 1306 summa
1547 1264 1757 1320 diligentia
1787 1279 1869 1305 ver-

112 1352 188 1394 sati
231 1355 340 1401 sunt,
381 1348 574 1390 habemus
619 1364 698 1399 eas,
752 1363 851 1402 quae
900 1350 942 1390 in
984 1351 1162 1404 margine
1211 1351 1399 1391 editionis
1444 1350 1732 1391 Cratandrinae
1777 1349 1872 1390 anni

112 1436 390 1479 MDXXVHI
423 1434 646 1490 adscriptae
681 1439 775 1475 sunt
808 1450 827 1475 e
862 1434 1038 1489 perbono
1073 1435 1223 1486 codice,
1270 1436 1351 1476 sive
1385 1436 1418 1476 is
1452 1435 1530 1476 fuit
1562 1434 1873 1488 WVirzeburgen·

112 1522 180 1572 sis,
214 1521 329 1562 cuius
364 1535 431 1560 sex
465 1518 560 1560 folia
603 1534 729 1574 nuper
773 1524 928 1574 reperta
971 1534 993 1560 a
1033 1520 1078 1561 L.
1114 1520 1326 1574 Spengelio
1372 1520 1414 1561 in
1458 1519 1721 1560 relationibus
1765 1518 1873 1559 doct.

113 1602 426 1647 Monacensibus
460 1618 493 1645 a,
526 1602 855 1644 MDCCCXLVI
888 1608 927 1643 et
961 1618 982 1643 a
1027 1603 1072 1644 C.
1109 1603 1271 1644 Halmio
1312 1604 1354 1644 111
1398 1604 1540 1644 Museo
1584 1603 1723 1658 philol.
1768 1602 1873 1644 Rhe-

115 1705 219 1732 nano
255 1689 418 1730 XVIII.
455 1691 495 1738 3,
542 1704 579 1743 p.
616 1690 701 1729 460
749 1704 857 1744 seqq.
903 1690 1088 1744 evulgata
1135 1694 1242 1739 sunt,
1286 1689 1367 1729 sive
1409 1689 1510 1730 alius
1554 1688 1655 1730 liber
1699 1688 1877 1730 eiusdem

115 1775 302 1824 familiae,
346 1772 413 1813 sed
457 1773 500 1813 111
543 1772 673 1814 verbis
715 1774 1009 1815 constituendis
1054 1774 1263 1829 praecipue
1307 1774 1420 1827 sequi
1465 1772 1656 1814 debemus
1701 1772 1879 1814 codicem

117 1859 359 1910 Mediceum,
406 1861 616 1902 maximam
662 1866 813 1916 partem
857 1862 1050 1916 scriptum
1096 1876 1117 1900 a
1163 1861 1304 1901 Franc.
1348 1861 1548 1911 Petrarca,
1594 1864 1817 1900 correctum
1858 1873 1879 1899 a

117 1944 306 1985 Coluccio
341 1944 521 1986 Salutato
555 1952 595 1985 et
629 1945 730 1995 aliis,
777 1945 843 1985 sed
892 1945 1072 2000 plurimis
1115 1950 1249 1986 tamen
1296 1945 1402 1985 vitiis
1446 1944 1717 1998 inquinatum.
1772 1944 1878 1984 Nam

116 2045 263 2079 vereor,
298 2035 344 2070 ut
376 2030 619 2085 comparatio
653 2029 845 2070 librorum
880 2030 1134 2085 scriptorum,
1171 2031 1240 2084 qui
1272 2031 1315 2071 in
1349 2029 1480 2080 Italia,
1525 2028 1737 2084 Hispania,
1785 2029 1878 2070 Gal-

114 2115 167 2156 lia
200 2115 332 2170 plures
365 2115 628 2156 inveniuntur
663 2115 803 2156 harum
845 2116 1116 2170 epistolarum,
1160 2116 1378 2156 orationem
1422 2114 1563 2155 reddat
1605 2114 1877 2167 integriorem,

115 2214 235 2254 quam
263 2215 309 2240 ex
343 2199 412 2240 1110
445 2199 562 2250 libro,
598 2201 631 2240 si
665 2215 746 2241 non
781 2215 931 2250 verum,
967 2205 1008 2241 at
1041 2200 1122 2240 veri
1156 2199 1325 2253 vestigia
1360 2203 1539 2239 servante
1573 2198 1720 2253 prodit.
1762 2198 1877 2239 Affir-

116 2300 222 2327 mare
254 2285 328 2326 hoc
363 2300 524 2339 possum
558 2285 606 2326 de
641 2285 797 2326 duobus
830 2285 1051 2334 codicibus,
1098 2284 1145 2324 de
1194 2282 1341 2336 quibus
1392 2296 1471 2322 non
1516 2280 1691 2322 alienum
1737 2281 1787 2323 ab
1838 2298 1876 2323 rc

117 2370 192 2411 erit
225 2369 376 2423 aliquid
409 2369 484 2410 hoc-
517 2369 603 2409 loco
637 2369 782 2410 dicere.

178 2454 314 2505 Quum
346 2469 393 2494 ex
427 2454 567 2495 Orellii
602 2454 768 2495 historia
802 2455 942 2495 critica
976 2454 1232 2509 epistolarum
1269 2453 1317 2494 ad
1353 2453 1533 2493 Atticum
1569 2457 1647 2493 cet.
1683 2451 1875 2507 (Operum

118 2539 195 2580 III.
232 2543 272 2588 2,
306 2555 346 2594 p.
370 2541 448 2580 XV
483 2540 578 2582 edit.
613 2540 748 2595 prior.)
792 2540 1065 2594 cognovissem
1099 2540 1141 2580 in
1177 2538 1420 2580 bibliotheca-
1443 2537 1708 2579 Escorialensi
1731 2542 1877 2581 servari

119 2624 198 2664 duo
231 2623 388 2664 codices
421 2625 713 2679 manuscriptos
747 2625 886 2665 harum
921 2626 1193 2679 epistolarum,
1218 2641 1317 2680 quos
1341 2625 1562 2666 Haenelius
1586 2624 1744 2666 saeculo
1768 2625 1876 2666 XIH

121 2714 161 2748 et
194 2708 294 2748 XIV
330 2708 595 2763 adscripserit,
629 2714 719 2749 ante
755 2709 887 2763 plures
921 2725 1045 2751 annos
1078 2711 1215 2765 rogavi
1248 2711 1376 2751 virum
1403 2709 1697 2751 nobilissimum
1721 2709 1875 2750 Eduar-

119 2794 214 2834 dum
250 2794 445 2834 Baronem
477 2795 647 2835 Sirtema
680 2795 728 2835 de
763 2795 1012 2846 Grovestins,
1047 2796 1151 2849 regis
1183 2795 1310 2836 nostri
1344 2794 1393 2836 ad
1436 2794 1567 2835 aulam
1613 2794 1875 2849 Hispanicam

119 2878 309 2932 legatum,
344 2882 389 2918 ut
422 2878 455 2918 si
487 2878 643 2918 veniam
677 2879 888 2933 impetrare
923 2890 1068 2933 posset,
1112 2879 1350 2934 antiquioris
1383 2878 1635 2919 collationem
1669 2893 1760 2919 cum
1794 2878 1876 2919 edi-

120 2964 227 3005 tione
262 2963 395 3018 aliqua
428 2978 515 3003 meo
549 2968 712 3018 sumptu
747 2963 971 3005 faciendam
1005 2962 1174 3013 iuberet,
1211 2963 1469 3004 recentiorem
1504 2962 1708 3004 nonnullis
1741 2962 1783 3003 in
1819 2964 1872 3004 lo-

122 3048 176 3089 cis
211 3064 231 3088 a
266 3063 325 3088 me
360 3048 547 3090 indicat-is
581 3049 876 3103 inspiciendum
911 3054 1080 3090 curaret.
1125 3050 1257 3102 Atque
1293 3047 1372 3096 ille,
1409 3062 1581 3102 quocum
1626 3048 1772 3089 Romae
1820 3048 1873 3088 fu-
