2117 3533
728 137 834 178 LIB.
871 138 966 178 VII.
1001 137 1085 178 ΕΡ.
1125 138 1162 176 ῖ.

1739 131 1818 170 30:-

62 280 149 312 tum
184 288 266 313 esse
301 272 490 325 Pompeio
525 280 564 311 et
597 272 682 311 01113
716 272 882 312 consilio
916 272 957 311 111
993 271 1169 312 Siciliam
1204 286 1264 310 me
1288 269 1460 318 mittere,
1485 266 1591 321 quod
1615 264 1821 319 imperium

65 343 244 385 habeam.
280 345 328 385 Id
362 350 422 384 est
458 337 834 401 Ἀβδηριτικόν.
882 344 969 384 Nec
1003 344 1107 384 enim
1145 348 1306 383 senatus
1341 340 1517 381 decrevit
1547 354 1621 380 nec
1654 337 1827 392 populusv

65 418 182 458 iussit
213 433 275 457 me
309 417 522 471 imperium
556 417 598 456 111
633 416 768 457 Sicilia
803 416 961 457 habere.

66 490 207 540 defert,
244 491 313 544 qui
345 506 407 531 me
442 491 567 544 magis
602 505 718 543 quain
756 491 955 545 privatum

1003 417 1073 457 Sin
1106 417 1182 456 1100
1216 432 1277 456 res
1310 414 1472 470 publica
1507 413 1554 454 ad
1590 410 1826 465 Pompeium

990 491 1164 544 aliquem
1197 489 1359 530 mittat?
1394 488 1551 541 Itaque,
1587 486 1619 526 si
1652 485 1728 525 1100
1755 484 1828 524 1111-

66 564 219 617 perium
252 563 352 603 mihi
386 563 598 603 molestum
632 563 720 613 erit,
756 568 846 603 utar
880 579 923 603 ea
958 568 1086 617 porta,
1120 578 1238 616 quam
1261 561 1427 616 primam
1454 559 1604 600 videro.
1642 561 1681 597 5.
1705 558 1827 606 Nam,
1871 583 1875 589 .

66 636 172 690 quod
206 635 347 678 scribis
380 636 587 675 mirificam
621 636 960 690 exspectationem
994 651 1076 676 esse
1112 636 1186 675 mei
1237 649 1364 689 neque
1408 638 1544 673 tamen
1589 645 1828 685 quemquam

66 709 259 750 bonorum
295 714 365 749 aut
397 709 493 749 satis
527 708 722 748 bonorum
759 708 957 758 dubitare,

66 797 137 822 1103
171 798 255 823 0330
289 782 398 822 dicas
433 797 512 822 non
547 781 729 835 intelligo
766 807 820 809 -m
858 782 942 836 ipse

994 708 1090 763 quid
1125 708 1303 748 facturus
1338 707 1427 755 sim,
1472 720 1544 758 ego
1574 719 1672 758 011103
1696 708 1742 743 tu
1764 702 1830 742 bo-

977 781 1108 821 nullos
1142 780 1237 821 novi
1273 804 1344 828 —-,
1387 778 1455 818 sed
1489 778 1561 826 ita,
1606 777 1638 817 si
1673 775 1832 816 ordines

67 854 262 895 bonorum
296 854 538 907 quaerimus.
574 855 679 894 Nam
715 854 936 908 singulares
971 859 1066 895 sunt
1101 853 1195 894 110111
1230 853 1328 902 viri3
1372 866 1510 892 verum
1542 850 1586 890 in
1621 847 1833 889 dissensio-

66 927 187 968 nibus
221 927 380 968 ordines
414 926 610 967 bonorum
644 932 684 967 et
717 942 862 980 genera
896 926 1120 981 quaerenda
1158 930 1265 966 sunt.
1301 926 1494 965 Senatum
1528 923 1679 963 bonum
1702 925 1833 976 putas,
1860 933 1894 959 10

68 1014 136 1054 per
170 1014 288 1054 quem
325 999 410 1039 sine
445 998 614 1053 imperio
648 998 877 1052 provinciae
913 999 1034 1039 sunt?
1071 1024 1126 1026 ψή-
1163 1012 1369 1051 nunquam
1403 995 1507 1036 0111111
1551 994 1672 1035 (111110
1717 994 1835 1034 susti-

67 1072 234 1122 nuisset,
282 1072 315 1113 si
350 1086 438 1111 cun]
476 1086 521 1111 00
556 1071 621 1124 agi
665 1076 849 1125 coeptum
896 1081 1018 1111 esset:
1067 1086 1185 1123 quam
1233 1068 1473 1110 sententiam
1518 1074 1680 1109 senatus
1725 1067 1838 1120 sequi

67 1145 211 1195 noluit,
247 1161 294 1186 ex
329 1160 406 1199 quo
441 1145 591 1184 factum
624 1148 696 1193 est,
732 1149 778 1184 ut
812 1144 968 1185 Caesari
1006 1160 1085 1185 non
1131 1143 1410 1184 succederetur
1454 1159 1530 1181 ——4

68 1218 166 1258 nos?

1568 1156 1619 1181 an
1658 1140 1838 1197 publica-

202 1219 271 1272 qui
304 1233 511 1272 nunquam
549 1218 663 1267 tirmi,
700 1217 767 1257 sed
802 1233 909 1258 1111110
945 1218 1105 1258 (faesari
1140 1222 1234 1257 sunt
1268 1215 1524 1265 amicissimi,
1561 1230 1610 1254 an
1645 1214 1840 1254 fenerato-

68 1295 157 1332 res?
193 1307 243 1332 an
277 1290 499 1345 agricolas?
535 1289 682 1343 quibus
716 1291 1013 1345 optatissimum
1047 1296 1108 1331 est
1141 1290 1283 1331 otium.
1319 1289 1412 1329 Nisi
1446 1303 1512 1328 eos
1544 1288 1685 1328 timere
1708 1292 1840 1342 putas,
1866 1299 1897 1324 15

69 1380 118 1404 ne
153 1364 227 1405 sub
262 1379 384 1418 regno
419 1364 514 1413 sint,
551 1364 619 1417 (1111
653 1363 694 1403 1(1
728 1379 952 1418 nunquam,

988 1364 1083 1404 (111111
1120 1363 1236 1404 1110(10
1271 1362 1389 1403 otiosi
1418 1366 1565 1411 essent,
1590 1364 1840 1401 recusarunt.

71 1439 93 1474 6
146 1436 256 1487 Quid
290 1436 410 1489 ergo?
445 1436 664 1476 exercitum
699 1436 925 1486 retinentis,
962 1452 1085 1489 quum
1120 1436 1219 1489 legis
1254 1435 1338 1475 dies
1383 1434 1600 1483 transierit,
1646 1433 1841 1473 rationem

70 1508 208 1550 haberi
240 1509 396 1564 placet-{³
432 1508 533 1549 Mihi
572 1524 662 1549 vero
698 1524 746 1549 ne
781 1508 957 1550 absentis

992 1509 1169 1563 quidem.
1216 1508 1307 1559 Sed,
1344 1523 1468 1561 quum
1509 1506 1550 1547 id
1586 1507 1723 1547 datum
1769 1511 1841 1555 est,

72 1580 171 1621 illud
206 1596 286 1622 una
322 1581 462 1622 datum
495 1588 568 1623 est.
611 1611 629 1632 u
644 1585 853 1623 Annorum
887 1584 994 1624 enim
1029 1583 1163 1623 decem
1200 1583 1413 1636 imperium
1448 1586 1488 1622 et
1521 1581 1577 1621 ita
1610 1581 1738 1621 latum
1762 1579 1844 1633 pla-

74 1658 136 1693 cet
148 1653 194 1693 {w
245 1654 383 1695 Placet
416 1655 540 1708 igitur
575 1656 691 1695 ctiam
728 1671 789 1695 1110
826 1657 1038 1710 expulsum
1071 1662 1110 1695 01-
1145 1671 1282 1709 agrum
1318 1656 1569 1709 Campanum
1613 1654 1760 1708 perisse
1807 1657 1846 1691 et
1867 1665 1901 1690 20

117 1830 132 1861 7
158 1829 236 1870 quid
259 1840 409 1861 sen-cmm
433 1831 489 1861 sim
514 1849 553 1853 —
579 1832 615 1861 19
634 1832 755 1871 plac-ei.
779 1849 819 1855 „-

73 2001 199 2042 aecipit.
222 2002 368 2034 Genitivi
384 2004 545 2034 rationem
565 2005 652 2044 expl.
670 2004 859 2041 Madvigius
878 2004 933 2034 Gr.

74 2055 147 2085 Lat.
171 2056 187 2094 ξ
211 2056 281 2092 318,
306 2057 380 2086 adn.
404 2058 431 2086 3.

119 2109 209 2149 Quod
227 2110 387 2150 imperinm
416 2109 543 2140 habeam
579 2121 611 2140 .1;
647 2116 681 2140 ut
713 2111 744 2141 id
774 2111 852 2150 imp.
884 2111 937 2140 ha—

75 2164 178 2201 beam,
201 2169 237 2194 ut
260 2164 306 2194 ibi
329 2164 391 2194 sim
413 2174 489 2194 cum
512 2165 661 2205 imperio.

119 2216 196 2248 Utar
219 2228 256 2248 ea
272 2220 377 2257 porla,
409 2229 496 2259 quam
521 2217 655 2258 primam
685 2218 792 2248 videro
822 2229 854 2247 o:
887 2218 937 2247 ab-
960 2255 961 2259 Ἰ

40 2300 43 2301 .
75 2270 158 2302 iecta
189 2271 349 2312 triumphi
377 2282 433 2312 spe
464 2272 669 2312 imperioque
699 2272 847 2312 deposito
878 2277 939 2301 sta.

75 2323 134 2354 tim
163 2324 280 2355 urbem
316 2324 448 2355 intrabo
483 2334 540 2364 per
576 2325 763 2364 proximam
802 2329 938 2365 portam.

74 2377 238 2414 Klotzius,
262 2378 320 2418 qui
343 2378 508 2414 revocavit
530 2378 625 2408 codd.
655 2378 848 2417 scripturam
872 2377 939 2418 pri—

75 2442 162 2468 mum,
196 2443 215 2462 a
244 2433 345 2463 Bosio
375 2436 562 2469 correctam,
593 2443 659 2463 11011
700 2432 831 2462 videtur
870 2441 939 2462 sen—

76 2486 154 2516 sisse
177 2487 257 2526 quid
287 2487 372 2517 inter
400 2497 487 2527 qaam
512 2486 647 2526 primum
679 2493 709 2517 et
741 2486 792 2526 qai
817 2485 940 2525 primus

76 2539 214 2569 intersit.
236 2537 407 2570 Garatonii
430 2539 600 2569 adnotatio
623 2539 663 2569 ad
693 2544 774 2569 orat.
804 2550 834 2579 p.
866 2538 940 2569 Mil.

75 2605 102 2623 c.
125 2594 174 2630 34,
198 2603 296 2633 quem
319 2593 429 2623 locum
452 2594 540 2630 citat,
564 2603 639 2623 eum
661 2594 778 2623 docere
810 2592 940 2633 poterit.
963 2623 964 2643 1

118 2648 135 2686 ξ
159 2649 188 2677 5.
214 2646 297 2687 Quid
309 2647 461 2686 facturus
484 2647 552 2677 sim.
588 2647 662 2677 Hoc
692 2647 779 2686 quod
811 2647 843 2676 in
875 2645 940 2677 ZC.

79 2700 253 2730 inventum
286 2705 343 2736 est,
375 2699 516 2739 praetuli
556 2699 735 2739 scripturae
776 2699 940 2739 vulgatae,

77 2755 226 2785 iudicans
261 2755 401 2785 verbum
439 2754 593 2793 generale
631 2754 684 2784 hic
723 2754 830 2794 aptius
861 2740 965 2799 essm}

77 2819 176 2849 quam
197 2808 349 2849 speciale.
372 2807 527 2839 Ceterum
550 2807 747 2838 sententiam
764 2808 862 2838 huius
875 2808 938 2837 loci

78 2863 112 2902 (ξ
135 2865 152 2893 5
177 2869 209 2893 et
243 2863 275 2903 6)
302 2863 384 2893 bene
407 2862 561 2902 exposuit
583 2861 638 2892 Fr.
655 2861 876 2898 Hofmannus,
901 2862 940 2891 de

77 2916 160 2956 orig.
183 2916 263 2946 belli
286 2916 379 2947 Caes.
402 2926 431 2955 p.
455 2916 504 2946 29.

119 2967 198 2997 Nam
221 2967 402 3008 sinqulares
424 2970 497 2997 sunl
514 2967 584 2998 boni
599 2967 668 2997 viri.
695 2982 707 2992 u
720 2967 841 2997 Parum
856 2976 940 2996 com·
965 3008 966 3013 1

78 3022 173 3051 mode
198 3021 399 3061 intelligitur
421 3021 540 3061 aliquot
564 3026 595 3051 et
618 3021 687 3060 ipsa
702 3020 942 3051 sententiarum
965 3019 966 3029 ’

79 3075 164 3106 inter
186 3084 220 3105 se
244 3075 406 3115 oppositio
429 3075 567 3115 requirit
583 3074 860 3114 significationem
884 3083 942 3104 nu·
965 3107 967 3121 r

78 3129 161 3159 meri
184 3138 305 3166 eorum,
330 3129 384 3169 qui
409 3128 603 3166 singulatim
620 3134 712 3159 erant
731 3128 819 3157 boni.
844 3127 944 3167 Prop-

144 3184 178 3224 l.

982 2012 1068 2033 terea
1092 2012 1134 2033 ex
1158 2002 1342 2033 necessario
1359 2002 1514 2032 Lambini
1533 2001 1762 2042 supplemento
1777 2009 1849 2041 post

982 2056 1041 2085 viri
1065 2057 1251 2086 addendum
1283 2061 1330 2086 est
1363 2055 1462 2092 malti,
1496 2056 1585 2095 quod
1615 2062 1652 2085 ut
1682 2055 1745 2085 alia
1777 2064 1849 2085 sex-

981 2114 1078 2138 centa
1111 2108 1144 2138 in
1179 2108 1267 2138 Med.
1306 2108 1402 2138 facile
1439 2108 1596 2138 excidit.qq
1634 2108 1848 2145 lVesenberg,

981 2161 1121 2191 Emend.
1145 2171 1176 2201 p.
1200 2161 1249 2191 65.

1024 2212 1187 2253 Nunquam
1221 2212 1311 2244 (chrio
1342 2213 1552 2250 sustinuisses,
1590 2219 1649 2244 cet.
1685 2213 1773 2244 soto
1810 2213 1849 2243 (10

983 2267 1224 2297 successoribus
1262 2267 1295 2297 in
1327 2267 1513 2307 provincias
1548 2267 1717 2297 mittendis
1751 2266 1850 2297 inter-

983 2324 1122 2349 cesserat
1146 2319 1182 2349 C.
1207 2320 1399 2350 Scribonius
1424 2320 1532 2357 Curio,
1557 2321 1711 2351 tribunus
1733 2320 1849 2360 plebis,

983 2373 1041 2413 qui
1063 2383 1165 2413 quum
1188 2374 1284 2404 initio
1307 2379 1413 2405 totum
1431 2384 1464 2405 se
1477 2381 1590 2405 contra
1610 2374 1783 2405 Caesarem
1798 2384 1849 2414 pa-

984 2432 1085 2458 rasset
1102 2428 1209 2467 (Fam.
1229 2428 1326 2458 VIII.
1342 2430 1369 2465 8,
1388 2429 1451 2468 10),
1468 2439 1547 2459 mox
1564 2428 1731 2461 levissime
1747 2434 1850 2458 trans-

984 2482 1069 2521 fugit
1093 2483 1133 2512 ad
1155 2483 1315 2522 populum
1340 2483 1434 2522 (ibid.
1458 2483 1486 2520 6,
1511 2486 1554 2523 5).
1593 2483 1707 2521 Quum
1738 2487 1848 2513 autem

985 2546 1027 2566 ex
1059 2535 1146 2566 SCto
1180 2537 1219 2566 (10
1255 2537 1491 2567 intercessione
1525 2536 1703 2567 referretur
1737 2541 1768 2567 et
1800 2537 1850 2567 M.

984 2589 1163 2620 Marcellus
1187 2590 1302 2620 consul
1333 2591 1500 2630 agendum
1531 2601 1606 2620 cum
1634 2590 1776 2621 tribunis
1805 2591 1849 2631 pl.

985 2649 1140 2680 censeret,
1165 2654 1286 2684 eosque
1319 2654 1510 2684 permovere
1540 2645 1650 2681 vellet,
1680 2649 1715 2675 ut
1745 2645 1848 2685 reipu-

987 2697 1091 2728 blicae
1117 2708 1214 2728 causa
1236 2698 1505 2729 intercessionem
1536 2703 1757 2735 retractarent,
1790 2699 1849 2729 fre-

986 2761 1090 2791 quens
1107 2757 1239 2783 senatus
1254 2753 1288 2783 in
1305 2753 1369 2783 alia
1384 2753 1497 2783 omnia
1508 2753 1569 2783 ivit
1583 2753 1676 2791 (ibid.
1692 2753 1740 2790 13,
1755 2754 1849 2794 2).—

985 2806 1193 2838 sustinuisset
1223 2809 1372 2839 absolute
1402 2809 1531 2845 dicitur,
1563 2814 1598 2839 ut
1628 2809 1662 2839 in
1694 2809 1790 2840 Verr.
1821 2811 1848 2840 I.

988 2860 1027 2889 10
1050 2860 1248 2891 sustinebunt
1272 2862 1354 2891 tales
1377 2861 1438 2892 viri
1460 2872 1493 2892 se
1515 2864 1560 2891 (ut
1589 2862 1787 2892 senatoribus
1809 2882 1850 2885 —-

965 2909 966 2915 ¹
986 2923 1046 2943 von
1070 2912 1270 2944 credidisse?
1293 2912 1486 2944 Saslineant.
1524 2914 1583 2944 Est-
1605 2914 1707 2954 igit-ur
1726 2917 1849 2954 persta-

986 2977 1020 2997 re
1043 2967 1076 2996 in
1099 2967 1266 2997 sententia.

1030 3020 1047 3059 ξ
1071 3020 1099 3050 (3.
1123 3020 1282 3051 Annorum
1307 3040 1347 3043 —
1362 3022 1500 3061 plaret(
1524 3021 1610 3052 Sunt
1633 3022 1712 3053 haec
1738 3023 1849 3061 Attici,

987 3073 1174 3113 quaerentis
1197 3083 1273 3103 cum
1306 3074 1532 3111 admiratione,
1563 3084 1662 3115 quam
1692 3076 1852 3116 particula

988 3126 1067 3157 enim
1081 3127 1233 3163 declarat,
1252 3127 1422 3167 placeatne
1432 3127 1584 3158 Ciceroni
1600 3128 1771 3169 imperium
1786 3135 1852 3161 tam

1611 3187 1633 3224 2
1643 3185 1665 3223 0
