2117 3533
753 139 845 179 LIB
878 138 913 179 I.
948 137 1031 178 ΕΡ.
1069 138 1108 177 1.
1145 139 1184 176 2.

708 292 770 332 II.

161 393 200 432 1.
244 391 292 432 L.
326 390 431 431 Iulio
465 390 644 440 Caesare,
681 390 726 431 C.
760 388 914 430 Marcio
948 387 1091 443 Figulo
1125 384 1384 437 consulibus,
1417 387 1538 428 filiolo
1581 402 1643 427 me
1689 393 1849 427 auct-um

96 463 208 514 scit0,
244 463 351 504 salva
383 463 581 504 Terentia.
617 462 701 502 Abs
733 467 773 502 te
806 462 884 502 iam
920 461 990 501 diu
1030 459 1133 500 nihil
1175 459 1394 500 literarum.
1440 460 1526 514 Ego
1571 459 1619 500 de
1659 459 1757 499 meis
1802 458 1851 499 ad

839 291 903 343 (A.
946 290 990 330 U.
1029 291 1070 331 C.
1105 291 1224 343 689.)

94 541 133 577 te
166 534 389 577 rationibus
423 535 562 589 scripsi
595 539 711 575 antea
745 533 971 588 diligenter.
1023 532 1111 572 Hoc
1144 536 1321 585 tempore
1356 530 1584 581 Catilinam,
1620 532 1852 586 competito-

94 625 177 650 rem
209 613 405 659 nostrum,
430 607 639 649 defendere
664 607 898 661 cogitamus.
923 606 1083 647 Iudices
1106 604 1313 656 habemus,
1339 619 1437 658 quos
1460 605 1673 655 voluimus,
1698 619 1852 645 summa

95 682 334 724 accusatoris
367 681 585 722 voluntate.
632 681 767 736 SperO,
803 680 835 721 si
869 679 1076 720 absolutus
1110 678 1198 728 erit,
1241 678 1556 719 coniunctiorem
1589 677 1702 718 illum
1735 677 1852 718 nobis

93 754 175 796 fore
208 755 250 796 in
284 754 435 795 ratione
469 754 696 809 petitionis;
733 754 795 795 sin
828 753 942 794 aliter
975 752 1177 802 acciderit,
1213 751 1442 793 humaniter
1475 752 1660 792 feremus.
1705 753 1745 790 2.
1766 751 1852 791 Τ110

95 827 270 869 adventu
302 826 418 868 nobis
452 842 550 882 opus
584 831 644 867 est
675 830 832 867 maturo
842 844 853 877 3
888 841 982 866 nam
1014 840 1174 880 prorsus
1209 840 1362 865 summa
1395 824 1604 865 hominum
1638 829 1697 865 est
1718 824 1852 879 opinio

94 905 185 941 tuos
218 900 445 951 familiares,
478 899 634 941 nobiles
666 899 860 950 homines,
897 898 1139 939 adversarios
1173 898 1315 939 honori
1340 902 1476 939 nostro
1498 898 1594 939 fore.
1628 897 1693 938 Ad
1717 912 1854 938 eorum

94 974 341 1015 voluntatem
372 973 472 1015 mihi
505 973 798 1015 conciliandam
830 973 1002 1014 maximo
1034 976 1074 1013 te
1107 971 1207 1013 mihi
1240 971 1332 1012 usui
1366 971 1448 1011 fore
1472 969 1602 1011 video,
1637 969 1770 1022 Quare
1791 970 1852 1011 Ia-

93 1048 234 1090 nuario
267 1063 415 1098 mense,
450 1052 497 1088 ut
530 1047 789 1098 constituisti,
824 1062 932 1096 cura,
967 1050 1013 1086 ut
1047 1046 1196 1087 Romae
1231 1045 1298 1085 sis.

138 1190 155 1220 3
178 1190 241 1219 tam
264 1187 320 1219 diu
342 1187 425 1218 nihil
447 1185 659 1216 litterarum?

138 1311 157 1350 ξ
180 1311 207 1341 1.
230 1309 267 1340 L.
290 1308 376 1340 Iulio
394 1308 540 1344 Caesare,
563 1306 596 1339 C.
613 1306 737 1337 Marcio
752 1306 864 1348 Fiyulo
881 1316 950 1337 con-

94 1362 221 1394 salibus.
246 1362 346 1392 “Non
369 1366 496 1402 tempus
518 1366 617 1397 notat,
640 1370 705 1400 quo
727 1360 778 1391 illi
797 1360 950 1397 inierunt,

57 1415 60 1417 ⁴
94 1418 151 1448 sed
172 1427 235 1457 quo
264 1415 427 1456 designati
456 1420 540 1446 sunt.
574 1415 690 1446 Voluit
720 1415 810 1446 enim
836 1414 951 1455 primis

93 1472 144 1503 his
167 1471 275 1502 verbis
297 1470 448 1502 Atticum
469 1470 607 1500 duarum
622 1478 731 1499 rerum
745 1467 816 1498 fieri
839 1466 951 1497 certio-

93 1535 172 1562 rem,
202 1523 438 1564 designationis
468 1522 640 1553 consuhun
677 1526 707 1552 et
737 1520 802 1551 diei
833 1520 951 1550 natalis

93 1578 164 1615 filii,
187 1577 243 1618 qui
265 1577 325 1607 sub
346 1581 473 1616 tempus
496 1575 704 1606 comitiorum
719 1574 753 1604 in
768 1574 874 1604 lucem
887 1573 951 1604 edi-

94 1637 146 1663 tus
169 1631 249 1663 est.''
272 1630 399 1666 Bosius,
430 1629 520 1670 prob.
552 1628 735 1664 Tunstallo,
764 1637 794 1667 p.
826 1627 865 1656 10
895 1636 950 1667 sq.,

94 1686 150 1728 qui
173 1685 332 1717 Consules
355 1684 542 1724 designatos
565 1680 681 1719 ἁπλῶς
703 1692 779 1713 eos-9.
799 1682 864 1712 dici
881 1691 952 1722 pro-

95 1745 184 1776 bavit
206 1755 248 1776 ex
270 1744 340 1775 Att.
364 1744 424 1774 V1.
448 1745 476 1774 8.
500 1743 586 1774 Phil.
609 1743 706 1773 XIV.
731 1744 758 1779 3,
783 1742 811 1772 8.
841 1741 952 1781 Atque

93 1808 208 1829 verum
236 1797 356 1828 vidisse
388 1796 525 1827 Bosium
558 1800 689 1836 apparet
725 1804 800 1824 cum
829 1803 871 1824 ex
901 1793 950 1829 iis,

93 1863 176 1895 quae
199 1852 313 1884 Cicero
331 1852 429 1883 tradit
440 1852 480 1883 de
493 1850 654 1883 Catilinae
664 1849 864 1885 defensione,
882 1853 952 1879 tum

93 1907 133 1937 de
156 1906 297 1937 adventu
320 1905 434 1941 Attici,
457 1904 521 1945 qui,
545 1909 625 1935 teste
649 1902 804 1934 Cornelio
828 1903 861 1933 in
881 1902 951 1932 Att.

92 1960 113 1989 4
135 1964 216 1990 extr.
240 1958 278 1989 L.
303 1957 405 1995 Cotta,
428 1958 467 1989 L.
491 1958 657 1998 Torquato
680 1956 868 1987 consulibus
889 1955 951 1986 Ro-

93 2022 182 2043 mam
203 2012 308 2049 rediit,
332 2012 376 2042 ita
397 2016 432 2042 ut
455 2010 579 2048 Cicero,
602 2011 630 2042 si
662 2011 742 2041 haec
772 2009 952 2050 scripsisset

94 2066 231 2098 Caesare
255 2071 286 2097 et
307 2066 428 2106 Figulo
450 2075 541 2102 coss„
565 2075 640 2096 eum
662 2064 816 2095 Ianuario
838 2072 951 2094 mense

94 2124 280 2160 exspectare
313 2129 379 2149 non
408 2118 579 2158 potuisset;
616 2128 693 2147 nam
725 2118 765 2148 de
797 2116 952 2147 Ianuario

94 2172 173 2202 anni
196 2172 254 2202 691
278 2171 421 2211 cogitare
443 2171 580 2201 minime
603 2170 688 2200 licet.
724 2170 840 2209 Neque
869 2168 952 2198 mihi

94 2226 248 2266 probatur
270 2225 382 2265 opinio
405 2224 553 2260 Gruberi,
577 2224 633 2263 qui
649 2224 669 2253 1.
690 2234 716 2253 c.
732 2233 762 2263 p.
779 2224 798 2253 2
812 2223 952 2263 primam

94 2278 264 2318 periodum
287 2278 327 2307 ad
348 2277 553 2307 consulatum
569 2275 715 2306 Caesaris
731 2281 762 2306 et
777 2275 899 2315 Figuli,
923 2285 950 2304 a.

96 2331 165 2368 690,
178 2331 338 2370 reliquam
353 2330 509 2370 epistolae
523 2336 649 2370 partem
664 2330 705 2360 ad
720 2340 747 2360 a.
765 2329 824 2359 689
843 2328 950 2359 refert.

138 2384 201 2414 Abs
226 2387 257 2414 te
278 2382 341 2413 iam
364 2383 418 2413 diu
441 2382 524 2413 m'lzil
546 2383 735 2413 litterarum.
759 2382 824 2413 Pro
839 2382 901 2412 iam
916 2381 950 2412 in

94 2437 185 2467 codd.
209 2441 257 2467 est
278 2434 382 2466 etiam.
426 2435 576 2466 Editores
599 2440 812 2467 correxerunt
835 2437 897 2465 tam
922 2440 952 2466 ct

93 2489 201 2521 verbis
224 2489 448 2529 interrogandi
471 2489 603 2529 siguum
635 2489 821 2520 subiiciunt.
867 2488 950 2520 Sim-

93 2544 209 2585 plicius
231 2548 317 2584 puto,
342 2544 429 2584 quod
443 2543 566 2584 scripsi.
589 2543 702 2574 Facile
718 2548 791 2584 post
807 2545 836 2573 et
853 2543 951 2573 scribi

92 2602 217 2638 poterat
237 2597 331 2628 etiam
354 2607 412 2638 pro
434 2597 505 2634 iam,
529 2606 611 2637 quae
627 2602 658 2628 et
675 2597 754 2627 alibi
768 2602 951 2637 permutan-

92 2658 153 2682 tur.
177 2652 217 2682 In
241 2650 303 2682 Off.
327 2651 353 2681 I.
378 2652 437 2681 143
459 2661 517 2691 pro
540 2651 602 2681 iam
625 2650 680 2681 diu
703 2661 719 2682 e
741 2652 811 2681 cod.
835 2649 917 2682 Gud.
935 2651 949 2680 1

94 2710 125 2735 et
148 2704 247 2735 Bern.
271 2704 301 2734 d.
324 2708 454 2734 notatur
476 2702 568 2734 etiam
593 2703 657 2734 diu.
692 2704 773 2735 Alia
795 2703 952 2735 indicavit

93 2756 350 2797 Wesenbergius
381 2757 414 2787 in
438 2756 531 2789 Obss.
555 2757 624 2787 crit.
641 2757 682 2788 ad
706 2762 785 2787 orat.
801 2767 831 2798 p.
848 2756 955 2788 Sestio

93 2821 123 2851 p.
147 2811 196 2841 21.

132 2864 202 2895 Hoc
226 2867 360 2904 tempore
394 2865 563 2895 Catilinam
592 2883 633 2888 -
663 2864 835 2905 defendere
875 2864 954 2905 cossi-

92 2920 204 2949 tamus.
242 2933 255 2943 υ
267 2918 419 2955 Catilina,
449 2927 552 2958 quum
582 2919 729 2950 rediisset
758 2928 800 2949 ex
828 2918 953 2955 Africa,

93 2971 262 3012 Torquato
292 2976 323 3002 et
353 2971 447 3003 Cotta
477 2972 676 3009 consulibus,
713 2976 878 3002 aecusatus
909 2978 955 3002 est

92 3026 347 3066 repetundarum
384 3036 401 3056 a
433 3026 470 3056 P.
505 3025 621 3057 Clodio
651 3025 867 3063 adolescente,
899 3026 955 3066 qui

93 3083 204 3119 postea
226 3078 378 3110 inimicus
394 3079 545 3111 Ciceroni
563 3079 632 3110 fuit.
656 3078 818 3111 Defensus
834 3084 881 3111 est
898 3079 954 3111 Ca-

94 3131 199 3169 tilina,
223 3136 257 3163 ut
278 3132 465 3164 Fenestella
488 3132 594 3170 tradit,
618 3143 635 3162 a
666 3131 857 3164 Cicerones*
894 3132 955 3164 As-

997 1307 1111 1338 conius
1141 1307 1305 1341 Pedianus
1335 1311 1375 1341 ad
1403 1309 1492 1343 Orat.
1521 1310 1555 1341 in
1585 1315 1662 1351 toga
1692 1310 1794 1342 Cand.
1825 1321 1855 1351 p.

998 1364 1036 1392 85
1062 1361 1127 1400 Or.,
1150 1364 1208 1403 qui
1230 1364 1298 1404 ipse
1320 1366 1518 1396 contrariam
1546 1365 1742 1396 sententiam
1772 1375 1857 1397 acer-

998 1418 1080 1449 rime
1102 1425 1295 1459 propugnat.
1317 1419 1503 1460 Disputatio
1525 1421 1564 1451 de
1587 1420 1647 1450 hac
1669 1430 1703 1451 re
1718 1419 1857 1451 Ferratii

998 1474 1113 1514 Epistt.
1137 1475 1200 1505 ΙΠ.
1225 1476 1272 1512 12,
1296 1486 1326 1516 p.
1350 1477 1409 1507 203
1432 1486 1479 1517 sq.
1508 1477 1624 1507 nititur
1651 1487 1752 1517 prava
1780 1482 1858 1508 tem-

999 1537 1114 1567 porum
1137 1528 1362 1565 distinctione;
1387 1529 1496 1570 itaque
1525 1530 1610 1561 nihil
1634 1530 1740 1561 efficit.
1785 1531 1856 1561 Etsi

999 1590 1122 1617 vereor,
1145 1587 1181 1611 ut
1203 1591 1253 1612 res
1277 1583 1317 1612 ad
1339 1583 1502 1622 liquidum
1523 1584 1656 1624 perduci
1679 1584 1788 1624 possit,
1813 1590 1856 1615 ta-

999 1643 1075 1664 men
1111 1634 1250 1665 Asconii
1280 1636 1477 1667 sententiam
1505 1637 1667 1668 veriorem
1696 1637 1859 1668 existimo.

1001 1686 1049 1718 Cf.
1072 1687 1204 1719 libellus
1227 1689 1253 1719 I.
1277 1688 1395 1719 Wirzii
1418 1690 1458 1720 de
1486 1689 1672 1720 consulatus
1702 1690 1858 1730 petitione

1000 1739 1161 1772 Catilinae
1184 1746 1215 1772 et
1238 1741 1415 1779 Ciceronis,
1439 1743 1551 1774 Turici
1576 1743 1665 1780 1864,
1688 1753 1718 1784 p.
1742 1744 1760 1774 9
1783 1754 1830 1784 sq.

1042 1794 1162 1825 Stemma
1186 1795 1380 1826 accusatoris
1402 1797 1575 1827 voluntate.
1609 1797 1756 1828 Reiectio
1779 1797 1858 1828 iudi-

995 1858 1069 1878 cum
1092 1850 1133 1879 ad
1155 1849 1327 1880 arbitrium
1352 1850 1398 1881 rei
1415 1850 1499 1881 faeta
1513 1851 1773 1891 praevaricatum
1788 1860 1857 1882 esse

996 1908 1216 1934 accusatorem
1238 1904 1389 1935 declarat.
1412 1905 1527 1944 quue
1550 1905 1685 1936 nomine
1700 1905 1857 1936 infamem

995 1957 1093 1988 fuisse
1117 1956 1271 1988 Clodium
1292 1958 1390 1989 tradit
1411 1958 1586 1995 Asconius,
1610 1969 1640 1999 p.
1669 1958 1708 1991 87
1739 1958 1793 1991 Or.
1825 1963 1856 1990 et

996 2011 1063 2051 ipse
1087 2010 1202 2042 Cicero
1225 2011 1258 2041 iu
1282 2011 1393 2042 Pison.
1417 2013 1465 2042 23.

1036 2065 1228 2095 Humaniter
1247 2064 1391 2105 feremus
1422 2076 1455 2097 o:
1487 2075 1591 2106 aequo
1628 2066 1748 2097 animo.
1779 2065 1854 2096 Plu-

994 2119 1124 2149 tarchus
1146 2119 1181 2149 in
1204 2119 1328 2149 consol.
1351 2120 1392 2150 ad
1413 2120 1527 2160 Apoll.
1562 2120 1656 2150 initio
1685 2120 1748 2150 hoc
1777 2119 1856 2150 dicit

995 2164 1226 2218 ἀνθρωπίνως
1254 2171 1361 2219 φέρων
1391 2170 1430 2206 τὸ
1468 2171 1705 2219 συμβεβηκός,
1736 2174 1855 2206 Discri-

996 2240 1071 2260 men
1095 2231 1182 2270 quod
1205 2230 1371 2261 Charisius
1395 2236 1426 2262 et
1448 2231 1624 2263 Diomedes
1646 2237 1790 2263 statuunt
1810 2233 1855 2263 111-

994 2289 1043 2314 ter
1065 2283 1198 2313 humane
1221 2288 1251 2313 et
1274 2283 1453 2313 humaniter
1482 2288 1587 2314 totum
1609 2285 1751 2315 concidit
1781 2286 1855 2316 coll.

995 2335 1091 2366 Tusc.
1114 2336 1159 2366 H.
1183 2336 1231 2372 65,
1255 2335 1372 2365 morbos
1401 2336 1575 2367 toleranter
1603 2339 1696 2378 atque
1724 2339 1858 2370 lemane

985 2388 1101 2429 ferant
1131 2394 1162 2420 et
1185 2389 1259 2420 Ter.
1282 2389 1426 2430 Adelph.
1456 2390 1482 2421 Ι.
1512 2391 1540 2427 2,
1572 2391 1609 2421 65
1640 2390 1694 2421 vzssc
1724 2392 1858 2424 hamane

991 2443 1125 2484 patitur.
1279 2477 1282 2479 Α

1038 2498 1055 2536 ξ
1079 2498 1107 2527 2.
1131 2497 1298 2528 Extremis
1321 2497 1490 2528 mensibus
1512 2497 1608 2528 huius
1632 2499 1710 2529 anni
1727 2498 1857 2530 Atticus

995 2550 1136 2580 Romam
1157 2550 1263 2587 rediit,
1286 2554 1321 2580 ut
1343 2549 1439 2580 nobis
1462 2555 1573 2581 auctor
1595 2556 1643 2582 est
1673 2551 1770 2582 Corn.
1793 2552 1856 2583 Ne-

996 2613 1053 2643 pos
1076 2604 1109 2634 in
1133 2604 1209 2639 vita,
1233 2605 1261 2640 4,
1287 2605 1315 2634 5.
1339 2603 1520 2644 Postquam
1542 2604 1588 2634 ibi
1611 2605 1735 2645 aliquot
1751 2616 1855 2638 annos

996 2656 1065 2692 fuit,
1090 2657 1123 2686 in
1147 2656 1318 2687 Graeciam
1340 2657 1437 2687 rediit
1459 2667 1486 2687 a.
1511 2657 1580 2694 693,
1596 2663 1631 2688 ut
1646 2659 1798 2690 novimus
1814 2670 1856 2691 ex

996 2710 1087 2749 epist.
1124 2710 1216 2740 Fam.
1254 2710 1296 2747 V,
1328 2712 1355 2747 5,
1393 2711 1572 2752 eodemque
1602 2721 1689 2742 anno
1718 2713 1855 2754 scriptae

996 2769 1070 2793 sunt
1093 2764 1197 2803 epistt.
1222 2764 1343 2796 12-17
1366 2764 1397 2794 h.
1421 2765 1441 2794 1.

1041 2817 1119 2847 Tuos
1133 2816 1320 2857 fizmz'liares
1343 2836 1383 2840 -—
1395 2817 1481 2857 fore.
1518 2817 1660 2850 Difficile
1682 2819 1771 2850 dictu
1799 2826 1856 2859 est,

995 2875 1104 2901 utrum
1140 2876 1244 2902 certos
1278 2871 1429 2902 homines
1465 2871 1627 2911 significet
1663 2873 1784 2911 Attico,
1821 2880 1857 2905 ut

997 2922 1158 2960 Crassum,
1182 2923 1368 2960 Lucullum,
1391 2923 1616 2962 Hortensium,
1641 2935 1682 2956 an
1704 2926 1856 2958 universe

995 2976 1132 3007 nobiles.
1178 2975 1273 3007 Certe
1296 2976 1322 3007 si
1345 2977 1424 3008 fides
1447 2976 1600 3014 Salustio,
1637 2977 1706 3009 Cat.
1731 2980 1769 3010 23
1786 2981 1855 3020 ple-

996 3039 1094 3069 raque
1117 3028 1266 3059 nosilitas
1288 3028 1409 3059 invidia
1432 3030 1599 3060 aestuabat
1622 3033 1652 3061 et
1682 3032 1773 3073 quasi
1791 3035 1856 3074 pel-

996 3081 1043 3112 ῖιιί
1064 3081 1258 3112 consulatum
1282 3081 1458 3119 credebant,
1482 3082 1510 3112 si
1528 3093 1594 3113 eum
1617 3084 1757 3125 quamvis
1773 3096 1856 3127 eqre-

991 3134 1065 3176 qius
1087 3135 1174 3166 lzomo
1196 3144 1291 3166 nomas
1314 3134 1446 3177 adeptus
1459 3134 1561 3175 seret.

1872 989 1901 1014 [Ο
