2117 3533
302 172 354 210 66

904 331 994 372 XX.

702 167 786 208 ΕΡ.
821 166 897 207 AD
929 166 975 206 T.
1009 163 1359 206 POMPONIUM
1391 161 1655 204 ATTICUM.

1061 330 1126 383 (A.
1168 329 1213 370 U.
1252 331 1293 370 C.
1330 330 1450 383 694.)

365 451 405 489 1.
440 448 576 499 Quum
609 462 630 488 e
663 446 907 502 Pompeiano
941 460 1003 486 1110
1037 445 1205 485 Romam
1237 444 1473 499 recepissem
1508 457 1543 483 a.
1578 441 1618 482 d.
1652 453 1743 482 1111.
1784 441 1884 483 Idus
1914 441 2059 490 Maias,

300 521 464 562 Cincius
497 524 631 561 noster
665 535 751 561 eam
783 518 884 560 mihi
918 517 988 559 abs
1020 522 1061 558 te
1095 516 1304 573 epistolam
1336 515 1526 567 reddidit,
1569 530 1689 570 quam
1720 519 1768 556 tu
1799 514 1908 557 Idib.
1942 512 2060 554 Febr.

300 594 479 635 dederas.
521 593 573 635 Ei
605 608 714 634 nunc
749 591 939 647 epistolae
972 590 1098 632 literis
1131 590 1194 631 his
1227 589 1489 645 respondebo.
1534 590 1594 629 Ac
1628 588 1814 644 primum,
1857 587 1935 629 tibi
1974 603 2060 643 per-

268 678 281 703 5
300 672 479 723 spectum
513 682 597 709 esse
628 666 826 708 iudicium
860 665 908 706 de
941 669 981 706 te
1014 679 1147 705 meum
1179 663 1305 705 laetor
1314 682 1326 716 3
1362 663 1520 714 deinde,
1554 666 1593 703 te
1626 663 1670 703 in
1701 662 1751 703 iis
1784 660 1918 712 rebus,
1960 675 2061 715 quae

300 740 399 782 mihi
433 741 609 796 asperius
642 756 664 781 a
696 738 812 780 nobis
846 744 964 793 atque
998 737 1145 778 nostris
1179 742 1218 778 et
1250 736 1513 778 iniucundius
1547 740 1657 776 actae
1690 733 1945 784 videbantur,
1978 747 2061 774 mo-

300 813 595 855 deratissimum
628 814 750 854 fuisse
783 811 1129 853 vehementissime
1163 809 1332 865 gaudeo,
1365 809 1487 864 idque
1520 824 1649 863 neque
1681 807 1826 849 amoris
1850 806 2062 848 mediocris

300 892 340 927 et
371 887 525 941 ingenii
558 886 704 928 summi
737 900 782 926 ac
815 884 1033 940 sapientiae
1066 883 1216 924 iudico.
1267 884 1358 935 Qua
1390 883 1438 924 de
1472 898 1513 924 re
1548 897 1672 937 quum
1706 881 1756 922 ad
1788 896 1851 922 me
1883 880 1941 921 ita
1974 894 2063 921 sua-

298 960 412 1010 viter,
447 959 672 1015 diligenter,
707 958 878 1000 officiose
916 959 990 1012 [et]
1026 956 1255 998 humaniter
1289 956 1506 1011 scripseris,
1552 960 1598 996 ut
1630 969 1713 996 non
1745 953 1864 995 modo
1897 957 1938 994 te
1971 952 2062 992 hor-

250 1032 377 1073 lotari
410 1032 580 1087 amplius
612 1047 695 1073 non
728 1030 908 1081 debeam,
945 1029 1013 1071 sed
1045 1045 1096 1071 ne
1130 1033 1358 1085 exspectare
1394 1027 1556 1083 quidem
1589 1026 1660 1069 abs
1692 1032 1732 1068 te
1777 1031 1846 1068 aut
1890 1024 1940 1067 ab
1980 1024 2062 1066 ullo

300 1104 461 1145 homine
494 1109 653 1145 tantum
686 1103 892 1145 facilitatis
926 1117 970 1143 ac
1004 1101 1328 1143 mansuetudinis
1360 1100 1573 1156 potuerim,
1596 1099 1699 1141 nihil
1725 1099 1827 1140 duco
1851 1113 1936 1139 esse
1959 1112 2063 1138 com-

301 1177 473 1228 modius,
509 1193 628 1232 quam
662 1177 709 1218 de
743 1175 806 1217 his
840 1174 959 1217 rebus
992 1174 1095 1215 nihil
1132 1175 1248 1229 [iam]
1295 1173 1466 1229 amplius
1510 1172 1696 1214 scribere.
1739 1172 1878 1223 Quum
1916 1171 2063 1212 erimus

301 1250 515 1305 congressi,
550 1254 652 1300 tum,
687 1250 721 1290 si
755 1248 852 1303 quid
884 1263 946 1289 res
980 1247 1092 1298 feret,
1129 1262 1261 1288 coram
1293 1247 1398 1287 inter
1437 1261 1510 1287 nos
1552 1244 1812 1286 conferemus.
1870 1247 1911 1285 2.
1944 1243 2063 1295 Quod

300 1324 349 1365 ad
383 1339 445 1364 me
479 1323 527 1364 de
560 1339 602 1365 re
634 1322 797 1379 publica
830 1320 986 1372 scribis,
1023 1321 1204 1376 disputas
1237 1325 1285 1362 tu
1319 1319 1482 1374 quidem
1515 1324 1555 1361 et
1588 1323 1766 1360 amanter
1809 1323 1850 1359 et
1890 1316 2064 1373 pruden-

247 1414 280 1441 15
298 1402 371 1447 ter,
407 1402 446 1438 et
480 1413 500 1438 a
534 1396 632 1437 meis
666 1394 843 1437 consiliis
876 1393 978 1435 ratio
1011 1398 1082 1434 tua
1125 1408 1206 1434 non
1248 1392 1435 1434 abhorret
1469 1417 1526 1422 -
1559 1407 1653 1433 nam
1692 1406 1822 1446 neque
1863 1389 1912 1431 de
1956 1395 2065 1431 statu

296 1469 414 1511 nobis
447 1474 604 1511 nostrae
638 1468 848 1524 dignitatis
881 1472 941 1508 est
982 1465 1249 1508 recedendum
1293 1481 1422 1521 neque
1467 1466 1552 1507 sine
1597 1465 1745 1507 nostris
1790 1464 1915 1520 copiis
1957 1464 2065 1505 intra

343 1625 362 1655 9
385 1626 416 1655 et
437 1642 478 1646 —-
502 1624 541 1655 12
561 1623 625 1655 iam
646 1641 688 1645 —-

344 1761 361 1800 ξ
386 1761 413 1791 1.
439 1759 564 1791 Cincius
580 1762 694 1790 noster.
717 1759 817 1790 Hune
833 1759 1013 1796 hominem,
1030 1759 1158 1799 saepius
1178 1762 1181 1771 ¹

302 1814 335 1844 in
359 1813 578 1854 superioribus
602 1813 748 1853 epistolis
771 1812 978 1843 nominatum
1001 1816 1032 1843 et
1055 1812 1095 1842 ad
1117 1811 1158 1850 Q.

303 1867 339 1897 fr.
363 1867 410 1897 n.
434 1868 461 1904 2,
486 1867 513 1897 1.
537 1867 600 1897 111.
625 1867 655 1904 1,
679 1866 706 1904 6,
730 1876 797 1896 11011
821 1865 989 1896 diversum
1020 1873 1089 1895 esse
1119 1865 1160 1894 ab

303 1930 350 1957 00,
382 1921 437 1960 (1111
467 1921 506 1951 (10
534 1920 651 1957 Fastis,
680 1920 720 1950 de
750 1919 858 1950 verbis
887 1918 1001 1959 priscis
1033 1918 1160 1957 aliaque

302 1984 399 2014 opera
422 1973 634 2012 grammatica
657 1972 793 2012 scripsit,
816 1980 883 2001 11011
906 1976 1028 2001 temere
1058 1970 1158 2010 suspi-

302 2034 393 2058 catur
414 2028 461 2057 M.
484 2027 597 2063 Hertz,
619 2027 659 2057 de
681 2026 719 2056 L.
744 2025 877 2061 Cinciis,
899 2035 929 2064 p.
953 2025 993 2054 84
1015 2033 1105 2063 seqq.

344 2082 382 2112 EI:
405 2092 486 2113 nunc
507 2081 670 2122 epistolae.
700 2080 773 2118 Qua
795 2079 927 2110 Atticus
950 2078 1160 2118 responderat

303 2141 343 2170 ad
366 2150 447 2176 eam,
471 2148 554 2179 quae
577 2138 672 2169 nobis
695 2144 741 2168 est
765 2136 802 2168 17
825 2136 923 2167 huius
946 2135 1031 2165 libri.

344 2194 371 2224 A
395 2193 482 2224 nobis
504 2195 596 2233 alque
618 2191 745 2222 nostris.
775 2191 821 2221 At
844 2189 928 2220 nihil
951 2188 1095 2229 asperius
1117 2188 1160 2219 fe—

303 2253 390 2278 cerat
418 2247 463 2277 M.
495 2246 643 2281 Τ11111115;
682 2244 767 2275 nihil
803 2248 888 2274 certe
926 2242 1091 2282 significat
1125 2241 1159 2270 in

304 2301 439 2342 epistola
462 2301 529 2331 illa.
556 2301 669 2340 Itaque
697 2298 869 2330 Schutzius
892 2297 978 2328 nobis
1001 2298 1092 2336 atque
1114 2295 1161 2325 in-

304 2355 404 2386 sititia
433 2355 562 2385 iudicat.
607 2354 680 2393 Ego
716 2353 831 2383 malim
860 2363 879 2382 a
909 2351 992 2382 vobis
1020 2352 1112 2390 atque
1141 2359 1160 2378 a

305 2408 430 2439 nostri&
475 2407 684 2447 Quamquam
720 2406 791 2436 fieri
826 2408 939 2445 potest,
975 2408 1010 2433 ut
1046 2402 1161 2432 Cicero

305 2472 406 2502 (11111111
427 2462 561 2492 fratrem
583 2470 680 2491 suum
709 2466 740 2490 et
768 2458 875 2489 fratris
908 2466 1047 2488 uxorem
1075 2454 1161 2494 cogi-

305 2519 377 2544 tans
410 2514 589 2554 scripsisset
611 2524 631 2542 α
654 2512 749 2548 vobis,
780 2517 814 2541 ut
850 2508 1036 2541 distinctius
1070 2517 1160 2538 men-

305 2573 371 2598 tem
394 2578 488 2598 suam
511 2567 699 2608 explicaret,
723 2564 883 2596 addiderit
912 2565 1005 2604 [tique
1035 2560 1161 2592 nostris.

307 2621 356 2652 Cf.
380 2622 490 2651 Hand.
514 2621 611 2651 Turs.
634 2621 661 2651 Ι.
683 2630 713 2660 p.
737 2619 798 2648 466
821 2628 867 2657 sq.

352 2673 500 2715 Qfficzbse,
524 2672 709 2703 humaniter.
735 2671 861 2711 Copula
883 2671 913 2700 et
935 2672 1022 2699 recte
1044 2665 1163 2698 omitti-

305 2733 356 2758 tur
380 2728 414 2758 111
438 2728 514 2759 edit.
536 2728 675 2758 Ascens.
700 2730 731 2756 et
754 2726 839 2756 Crat.
869 2724 1051 2763 Nunquam
1073 2720 1163 2752 enim

305 2781 419 2811 Cicero
442 2781 503 2810 tria
526 2780 579 2810 vel
602 2780 696 2820 plura
717 2777 878 2808 vocabula
901 2776 946 2806 ita
976 2774 1095 2811 iunxit,
1124 2778 1162 2803 ut

305 2834 390 2864 inter
411 2834 476 2863 (1110
497 2838 660 2873 postrema
691 2830 844 2871 copulam
874 2828 1066 2863 collocaret,
1098 2835 1163 2866 qua

304 2888 343 2918 (10
367 2897 400 2918 re
423 2887 552 2927 copiose
575 2885 726 2916 disseruit
749 2882 939 2922 Madvigius
969 2880 1029 2921 Op.
1058 2879 1161 2911 Acau.

304 2951 334 2982 p.
358 2943 417 2972 333
440 2951 528 2982 seqq.
552 2946 582 2972 et
606 2941 646 2970 ad
669 2940 702 2969 ll.
726 2939 766 2969 de
788 2937 863 2968 Fin.
886 2947 915 2976 p.
934 2935 994 2967 570
1009 2945 1055 2975 sq.
1079 2932 1162 2964 Con-

303 2996 438 3026 trarium
459 2995 567 3036 posuit
590 2992 775 3025 Ellendtius
799 2992 839 3022 ad
862 2990 927 3022 Cic.
952 2990 991 3020 de
1006 2988 1094 3021 Orat.
1115 2987 1160 3017 H.

303 3057 332 3088 p.
358 3050 432 3085 23&
456 3058 635 3089 perperam.
679 3047 767 3077 Nam
789 3054 805 3075 0
829 3044 919 3080 10015,
942 3052 1021 3083 quos
1052 3039 1162 3072 attulit

303 3101 446 3141 primum
468 3100 647 3141 seponendi
670 3104 747 3130 sunt
771 3106 895 3134 01111105,
917 3096 951 3126 111
976 3094 1093 3135 quibus
1114 3092 1161 3122 ul-

303 3154 383 3185 timo
402 3156 561 3187 vocabulo
576 3165 633 3195 qne
649 3153 785 3189 additur,
801 3156 870 3182 tum
884 3154 1087 3182 caeterorum
1099 3146 1161 3187 pri·
1182 3180 1183 3185 ¹

1203 1770 1277 1791 mus
1310 1760 1406 1791 Verr.
1429 1760 1504 1790 Aet.
1529 1760 1556 1790 I.
1580 1760 1620 1790 12
1642 1758 1788 1796 vastavit,
1804 1758 1931 1789 vexavit
1949 1768 2064 1799 acper-

1204 1813 1286 1844 didit
1315 1814 1382 1844 iam
1411 1814 1532 1845 mendo
1564 1813 1721 1844 liberatus
1752 1817 1800 1844 est
1828 1822 1847 1843 a
1873 1812 2062 1852 Madvigi03

1205 1868 1286 1899 alter
1309 1867 1397 1899 Orat.
1420 1867 1466 1897 11.
1491 1867 1550 1897 159
1569 1876 1668 1908 yemis
1691 1865 1819 1897 dicendi
1836 1884 1878 1889 —
1893 1865 1984 1903 exile,
2000 1864 2062 1895 ari-

1205 1921 1285 1958 dum,
1317 1919 1471 1951 concisum
1500 1931 1538 1950 ae
1572 1920 1723 1950 »zamram
1751 1925 1783 1951 et
1816 1919 1931 1950 tertius
1967 1918 2063 1949 Tusc.

1206 1975 1248 2005 V.
1278 1974 1319 2004 42
1349 1975 1457 2010 tutum,
1495 1972 1776 2014 iaespwnabilem,
1805 1974 1943 2012 saeptum
1973 1973 2065 2012 atque

1207 2026 1355 2057 »nmirum
1378 2026 1464 2057 male
1486 2026 1549 2056 huc
1571 2026 1767 2063 referuntur,
1792 2035 1895 2066 quum
1917 2025 1975 2055 illa
1992 2034 2063 2055 con-

1206 2080 1301 2110 cisum
1335 2090 1373 2111 ac
1408 2080 1567 2117 minutum,
1610 2082 1749 2120 saeptum
1785 2081 1878 2121 alque
1915 2078 2065 2109 munitum

1205 2125 1305 2165 unam
1318 2134 1488 2164 notionem
1503 2134 1664 2174 prioribus
1679 2134 1868 2174 adiungant.
1893 2132 1941 2164 Cf.
1952 2133 2063 2164 Madv.

1206 2188 1227 2218 1.
1251 2198 1277 2218 0.
1300 2198 1331 2228 p.
1354 2188 1414 2218 338
1438 2192 1469 2218 et
1491 2187 1640 2228 Seyffert.
1663 2188 1704 2218 ad
1724 2188 1816 2218 Lael.
1838 2197 1868 2228 p.
1892 2187 1930 2217 61
1954 2197 2001 2227 sq.

1246 2242 1334 2274 Duco
1358 2252 1424 2274 esse
1447 2244 1536 2282 quod
1557 2243 1655 2273 multi
1682 2243 1840 2273 Latinum
1868 2251 1938 2273 esse
1966 2251 2063 2282 nega-

1207 2300 1292 2333 runt,
1315 2296 1428 2327 Tullio
1456 2295 1666 2326 vindicarunt
1699 2295 1816 2326 Matth.
1846 2296 1887 2325 ad
1916 2298 1994 2325 orat.
2023 2295 2064 2325 de

1209 2350 1285 2390 imp.
1308 2349 1423 2390 Pomp.
1449 2349 1497 2386 17,
1528 2348 1629 2380 Orell.
1661 2349 1701 2379 ad
1730 2348 1818 2380 Cael.
1849 2348 1888 2381 78
1911 2349 1959 2379 ed.
1982 2348 2064 2378 min.

1208 2407 1239 2432 et
1262 2402 1302 2432 ad
1325 2402 1417 2432 Brut.
1442 2402 1502 2432 298
1526 2402 1575 2432 ed.
1599 2401 1679 2432 min.
1703 2400 1752 2432 Cf.
1776 2401 1888 2432 Madv.
1912 2401 1953 2431 ad
1974 2401 2009 2432 ll.
2024 2401 2063 2432 de

1207 2455 1281 2485 Fin.
1303 2465 1334 2495 p.
1357 2455 1427 2485 133.

1249 2507 1340 2537 Nihil
1360 2507 1422 2537 iam
1445 2507 1588 2547 amplius.
1612 2506 1681 2536 Iam
1712 2507 1799 2546 quod
1820 2517 1900 2547 ἥ11011
1922 2506 2065 2537 suaviter

1208 2562 1389 2592 redundare
1424 2561 1532 2591 visum
1569 2566 1616 2592 est
1648 2561 1805 2597 Ernesto,
1839 2570 1900 2601 ego
1935 2560 2063 2591 seclusi.

1209 2613 1312 2655 Saepe
1334 2615 1419 2644 illud
1444 2614 1581 2645 debetur
1602 2614 1754 2645 librariis.
1786 2614 1857 2644 Nec
1885 2623 1938 2644 me
1954 2613 2064 2654 poeni-

1209 2673 1253 2699 tet
1276 2669 1363 2708 quod
1384 2667 1419 2698 in
1434 2672 1513 2698 orat.
1528 2667 1562 2698 111
1580 2667 1649 2699 Cat.
1666 2668 1692 2698 I.
1711 2668 1728 2708 ξ
1744 2667 1772 2705 7,
1789 2668 1837 2705 13,
1853 2668 1893 2698 24
1908 2667 2066 2708 expunxi.

1252 2720 1361 2750 Coram
1382 2720 1466 2750 inter
1489 2730 1544 2751 nos
1565 2720 1768 2761 conferemuS.
1793 2720 1939 2760 Conferre
1960 2725 1991 2751 et
2004 2729 2067 2750 ser-

1208 2783 1323 2804 monem
1346 2773 1489 2814 conferre
1511 2773 1557 2804 ita
1578 2773 1686 2805 differt
1708 2784 1726 2804 a
1748 2783 1918 2811 conserere,
1941 2778 1979 2803 ut
2005 2773 2067 2803 hoe

1208 2827 1334 2858 dicatiu·
1355 2828 1449 2857 nulla
1470 2837 1684 2868 personariun
1705 2828 1831 2859 ratione
1860 2827 1981 2864 habita,
2010 2826 2067 2857 illa

1209 2890 1275 2910 non
1309 2880 1373 2910 nisi
1407 2880 1516 2911 addita
1551 2880 1695 2912 formula
1728 2890 1795 2911 cum
1829 2879 1946 2920 aliquo,
1983 2877 2066 2909 inter

1207 2943 1250 2971 se,
1274 2934 1346 2964 sim.

1251 2986 1268 3025 ξ
1292 2986 1320 3016 2.
1344 2985 1393 3016 De
1414 2988 1502 3016 statu
1532 3005 1573 3010 —-
1601 2989 1728 3017 nostrae
1759 2985 1936 3027 cliynilatis,
1964 2994 1995 3015 o:
2028 2985 2067 3015 de

1207 3039 1265 3070 illa
1296 3040 1465 3080 dignitate,
1497 3050 1595 3081 quain
1624 3040 1761 3070 obtinui.
1799 3039 1847 3070 Cf.
1877 3038 1917 3077 Q.
1942 3038 1978 3068 fr.
2002 3039 2066 3068 ΙΙΙ.

1208 3094 1235 3129 8,
1261 3094 1288 3123 1.
1325 3093 1521 3131 Discrimen,
1546 3095 1633 3134 quod
1654 3094 1803 3124 Kritzius
1834 3094 1874 3123 ad
1905 3092 1971 3124 Sal.
1996 3092 2069 3123 Cat.

1208 3148 1257 3184 35,
1281 3148 1299 3178 3
1321 3147 1433 3177 statuit
1455 3147 1541 3178 inter
1562 3149 1677 3178 slusam
1701 3152 1732 3178 et
1749 3146 1886 3187 madum
1902 3145 2069 3187 oli-quitatis
