2117 3533
773 150 879 192 LIB.
914 150 947 191 Ι.
983 150 1066 191 ΕΡ.
1104 152 1174 190 16.

1796 151 1848 189 45

96 288 197 343 quit,
249 285 326 328 tibi
375 301 457 327 non
500 285 770 327 crediderunt.
815 310 871 315 —
912 284 1018 326 Mihi
1059 299 1165 336 vero,
1206 284 1385 339 inquam,
1430 297 1534 325 XXV.
1575 283 1729 324 iudices
1774 298 1854 324 cre-

98 360 305 411 diderunt3
343 372 484 410 XXXI„
519 359 708 414 quoniam
741 373 884 399 numos
918 362 1009 399 ante
1044 362 1296 412 acceperunt,
1339 357 1415 398 tibi
1447 356 1549 398 1111111
1583 355 1853 397 crediderunt.

99 432 258 487 Magnis
292 431 532 474 clamoribus
567 432 736 472 afflictus
771 431 966 472 conticuit
999 436 1038 472 et
1071 429 1260 471 concidit.

1323 432 1393 471 11.
1427 431 1575 471 Noster
1609 433 1743 470 autem
1777 433 1855 469 sta-

98 512 164 548 tus
197 510 257 547 est
288 506 375 547 hic:
411 505 518 561 apud
552 505 677 546 bonos
710 504 832 545 iidem
867 520 1021 555 sumus,
1057 519 1156 559 quos
1189 503 1410 558 reliquisti3
1433 503 1539 558 apud
1565 502 1721 543 sordem
1743 501 1855 542 urbis

100 585 139 621 et
170 578 318 619 faecem
350 578 477 619 multo
510 577 652 619 melius
685 592 807 628 1111110,
843 592 962 632 quam
997 579 1150 631 (quum)
1184 576 1395 631 reliquisti.
1440 577 1547 617 Nam
1581 580 1620 616 et
1652 575 1753 616 illud
1786 589 1856 615 110-
1888 583 1902 607 5

101 652 161 694 bis
193 667 274 693 non
307 650 433 702 obest,
467 651 594 692 videri
625 655 807 691 nostrum
850 650 1126 691 testimonium
1166 664 1248 690 non
1289 648 1480 689 valuisse:
1517 672 1573 677 ——
1608 648 1753 689 missus
1798 652 1857 688 est

101 724 262 780 sanguis
294 724 469 766 invidiae
503 724 588 766 sine
621 722 776 774 dolore3
812 727 931 777 atque
965 722 1085 763 etiam
1118 722 1193 763 hoc
1226 721 1366 776 magis,
1398 720 1505 776 quod
1530 735 1666 761 omnes
1688 719 1747 760 1111
1772 719 1857 760 fau-

99 802 203 838 tores
235 796 344 838 illius
376 796 518 851 flagitii
550 811 633 837 rem
666 794 919 835 manifestam
950 794 1059 836 illam
1092 793 1339 848 redemptam
1372 807 1457 834 esse
1490 808 1512 833 a
1540 792 1744 834 iudicibus
1765 807 1857 833 con-

100 871 282 911 fitentur:
319 893 376 898 —
410 867 565 909 accedit
595 866 711 918 illud,
746 865 852 921 quod
886 866 954 906 illa
988 864 1225 906 contionalis
1258 863 1403 905 hirudo
1437 863 1591 915 aerarii,
1624 864 1768 904 misera
1813 878 1858 904 30

98 943 234 983 16111113
265 940 486 997 plebecula,
520 955 583 981 me
617 939 666 980 ab
699 939 775 979 hoc
808 938 959 992 Magno
992 938 1111 979 1111106
1144 937 1259 991 diligi
1292 940 1409 993 putat
1418 954 1429 988 3
1464 940 1504 977 et
1536 935 1697 977 hercule
1731 936 1905 977 multam

99 1019 139 1055 et
170 1013 349 1056 iucunda
382 1012 672 1054 consuetudine
706 1012 914 1053 coniuncti
946 1012 1051 1053 inter
1084 1026 1157 1053 nos
1190 1026 1342 1062 sumus,
1376 1025 1504 1065 usque
1537 1025 1597 1062 60,
1641 1015 1689 1052 ut
1731 1012 1859 1052 nostri

98 1088 166 1130 isti
182 1088 455 1129 comissatores
476 1086 776 1136 coniurationis,
799 1084 1000 1127 barbatuli
1023 1087 1201 1137 iuvenes,
1222 1084 1336 1125 illum
1352 1085 1396 1125 in
1413 1083 1661 1125 sermonibus
1680 1084 1858 1125 Gnaeum

140 1280 156 1308 5
180 1288 270 1318 quam
293 1276 456 1318 reliquisti.

92 1458 159 1480 non
181 1447 349 1489 perspexit
363 1446 510 1483 Beierus,
528 1445 746 1486 interpretans
756 1443 861 1485 facile
872 1443 952 1485 quis·
977 1450 978 1490 J

84 1503 173 1544 piam
187 1504 290 1543 putet,
314 1507 386 1532 tum
408 1501 497 1532 enim
520 1500 613 1541 sequi
635 1501 768 1532 deberet
790 1502 821 1530 te
840 1498 952 1529 dicere.
977 1523 979 1526 ⁴

977 1551 1205 1592 =frequentem
1228 1552 1308 1583 dicit
1339 1552 1455 1590 Quint.
1486 1553 1513 1583 Ι.
1543 1551 1582 1584 Ο.
1613 1552 1714 1584 VIII.
1744 1552 1771 1589 6,
1807 1552 1857 1583 51.

977 1599 978 1608 ¹
999 1605 1134 1646 Proprie
1157 1606 1303 1646 loquitur
1326 1606 1441 1637 Cicero
1463 1617 1494 1647 p.
1517 1606 1600 1638 Sest.
1623 1608 1673 1638 82.
1696 1607 1857 1639 Sensit-

976 1665 978 1706 }
997 1668 1083 1689 Suum
1105 1659 1287 1700 sanquinem
1310 1660 1420 1700 quaeri
1442 1660 1486 1691 acl
1507 1660 1857 1700 restinyuendamz'nvi-

976 1712 1082 1743 'diam
1101 1712 1264 1753 facinoris
1295 1713 1450 1744 Clodiani.
1490 1714 1588 1752 Quod
1618 1724 1696 1745 vero
1726 1715 1858 1745 additur

91 1556 201 1586 Immo
223 1556 318 1595 putes
348 1553 453 1584 dicere
482 1553 570 1585 idem
600 1553 689 1584 valet
718 1559 816 1594 atque
846 1552 951 1582 illud:

91 1609 193 1640 simile
216 1610 271 1646 est,
296 1608 386 1650 quasi
409 1607 507 1638 dicas,

132 1661 261 1692 [aranti
282 1680 324 1684 —
349 1661 404 1691 tibi
426 1671 487 1691 uon
517 1659 715 1690 crediderunt
741 1670 773 1690 o:
799 1659 859 1690 tibi
879 1658 954 1690 testi

92 1717 197 1748 iurato
213 1716 336 1747 iudices
351 1726 418 1747 non
434 1715 658 1752 crediderunt;
683 1714 778 1745 aliter
793 1714 883 1745 enim
899 1724 953 1745 me

91 1782 158 1803 non
189 1771 416 1802 absolvissent.
455 1770 552 1801 Dicto
587 1779 665 1801 usus
707 1774 755 1800 est
785 1768 873 1800 Plut.
918 1769 951 1799 in

92 1823 160 1855 Cic.
184 1824 233 1855 29.

136 1877 201 1907 Tibi
221 1876 304 1907 nihil
318 1876 520 1907 crediderunt
542 1885 574 1906 o:
598 1875 726 1906 1111113111
743 1875 840 1915 plane
852 1875 951 1906 fidem

92 1929 150 1960 tibi
171 1929 369 1960 habuerunt.
392 1928 433 1959 cf.
456 1928 503 1959 ΙΙ.
528 1928 577 1964 22,
601 1928 620 1958 2
651 1926 680 1958 ei
702 1927 785 1957 mihil
809 1926 949 1957 credere-

91 1992 164 2020 mus,
189 1983 251 2013 VI.
273 1983 302 2020 2,
325 1984 344 2014 3
367 1982 441 2023 quin
464 1982 493 2012 ei
515 1981 720 2012 crederenwm.
755 1981 817 2011 His
841 1990 949 2012 exem-

90 2038 152 2078 plis
174 2044 250 2069 utor
272 2039 313 2069 ad
334 2037 587 2073 defendendum,
603 2037 692 2077 quod
711 2037 835 2076 legitur
851 2037 950 2067 Tusc.

91 2091 134 2122 V.
158 2093 196 2122 58
220 2091 428 2132 (Dionysius)
453 2091 598 2121 credebat
621 2100 723 2121 eorum
749 2090 874 2127 nemini,
892 2090 949 2120 ubi
971 2107 972 2113 1

90 2145 246 2176 Erasmus
267 2155 437 2186 perperam
468 2145 557 2175 hunc
589 2154 686 2174 usum
716 2144 808 2175 verbi
836 2144 949 2174 Tullio

89 2199 256 2239 denegans
279 2198 443 2229 inserebat
465 2206 497 2227 se
520 2203 595 2228 ante
618 2207 732 2227 eorum.

133 2252 151 2292 ξ
175 2252 223 2282 11.
249 2251 347 2292 Quam
370 2251 488 2292 (quum)
505 2250 671 2291 reliquisti.
694 2250 898 2281 Buchelerus
914 2250 948 2279 in

91 2306 177 2336 Mus.
202 2305 308 2336 Rhen.
330 2304 394 2335 XI.
416 2314 445 2345 p.
470 2304 530 2334 518
552 2304 735 2334 orationem
755 2303 948 2334 soloecismo

92 2359 245 2390 liberavit
267 2359 377 2389 addito
399 2368 495 2399 quom,
526 2358 615 2398 quod
644 2363 717 2397 post
747 2368 835 2398 quam
867 2368 883 2387 3
913 2357 948 2387 11-

92 2411 207 2443 brariis
229 2411 419 2452 neglectum
442 2416 499 2442 est.

131 2464 212 2495 Nam
235 2467 264 2495 et
285 2464 370 2495 illud
391 2464 478 2494 nobis
501 2475 561 2495 non
578 2464 672 2495 obest.
697 2463 799 2504 Sequi
811 2463 949 2494 debebat

91 2520 120 2549 et
142 2518 226 2550 illud
248 2518 333 2549 nobis
348 2518 490 2559 prodest,
511 2517 592 2559 quod
612 2518 672 2548 illa
684 2517 872 2548 contionalis
889 2522 948 2548 cet.

91 2571 157 2603 Sed
179 2576 251 2612 post
272 2571 366 2612 plura
393 2571 494 2602 verba
525 2571 717 2612 interposita
751 2570 949 2602 sententiam

90 2624 185 2654 aliter
201 2623 393 2654 continuare
402 2623 536 2654 maluit:
551 2623 682 2654 Accedit
696 2628 757 2654 cet.
772 2622 812 2653 cf.
830 2622 948 2654 Matth.

90 2677 131 2707 ad
155 2682 236 2707 orat.
258 2676 298 2706 de
320 2676 399 2716 imp.
422 2676 538 2717 Pomp.
560 2676 610 2708 17.

132 2727 248 2758 Missas
270 2729 316 2758 est
336 2728 466 2769 sanquis
478 2728 618 2759 invidiae
631 2729 699 2759 sine
712 2729 831 2760 dolore.
857 2729 944 2766 Quid

91 2781 133 2812 sit
154 2780 294 2811 invidiae
315 2781 497 2820 sanquinem
520 2783 642 2812 mittere
658 2782 712 2814 vel
729 2782 807 2813 dare
825 2782 947 2822 optime

91 2833 251 2874 explicuit
273 2834 300 2864 Ι.
322 2834 454 2874 Lipsius
477 2835 517 2865 ad
539 2833 654 2865 Senec.
678 2834 775 2866 Cous.
800 2835 840 2865 ad
862 2835 947 2865 Mar-

91 2887 185 2924 ciam,
209 2887 258 2917 13.
280 2887 335 2918 Ex
349 2893 498 2918 veterum
519 2887 607 2917 enim
619 2888 773 2927 opinione
787 2888 947 2918 invidiam

91 2945 122 2971 et
144 2940 306 2971 fascinum
329 2941 425 2971 rebus
444 2940 537 2972 laetis
552 2940 700 2972 insidiari
716 2947 749 2972 et
765 2942 946 2982 plurimum

90 2993 297 3025 intervenire.
320 2994 377 3024 Ad
399 2995 612 3025 avertendum
625 2994 785 3026 iacturam
801 2995 945 3036 aliquam

91 3054 146 3080 aut
168 3060 279 3080 casum
302 3050 390 3081 ultro
413 3051 631 3087 subeundum,
656 3051 808 3091 exemplo
823 3061 944 3088 00111111,

91 3103 147 3142 qui
159 3103 193 3134 in
206 3104 292 3134 bona
300 3104 490 3135 valetudine
500 3104 694 3144 sanguinem
703 3105 765 3135 sihi
773 3106 946 3137 detrahant

92 3154 133 3185 ad
162 3156 283 3187 malam
314 3157 536 3187 valetudinem
572 3157 749 3188 vitandam.
793 3157 946 3189 Laudant

999 1442 1073 1473 intt.
1095 1442 1197 1483 Appii
1219 1442 1320 1473 verba
1344 1443 1429 1483 apud
1450 1442 1525 1473 Liv.
1548 1443 1615 1473 III.
1646 1443 1694 1474 54.
1723 1441 1859 1473 Dandus

998 1495 1138 1526 invidiae
1169 1498 1215 1525 est
1245 1496 1383 1537 sanquis
1416 1496 1645 1537 Metaphoram
1675 1496 1858 1526 oratoribus

998 1765 1030 1795 h.
1060 1765 1082 1796 1.
1111 1765 1178 1796 sine
1207 1766 1315 1797 dolore
1344 1766 1477 1804 indicat,
1516 1776 1591 1798 eum
1622 1777 1639 1798 0
1668 1767 1857 1799 testimonio

997 1823 1105 1858 spreto
1128 1818 1259 1849 nullum
1283 1819 1421 1850 sensisse
1443 1820 1613 1851 damnum.

1039 1870 1112 1901 Rem
1134 1871 1330 1912 manifestam
1354 1872 1443 1903 illam
1466 1872 1655 1913 redemptam
1678 1882 1742 1903 esse
1765 1884 1785 1903 {c
1809 1873 1855 1903 izc-

997 1923 1116 1954 dicibus
1139 1926 1339 1966 confiteretur.
1372 1926 1492 1958 Latere
1523 1927 1649 1967 aliquid
1678 1927 1790 1958 mendi
1820 1928 1853 1958 in

996 1979 1046 2010 his
1069 1980 1177 2011 verbis
1200 1981 1356 2012 Nodellio
1380 1982 1412 2012 in
1436 1982 1513 2013 Act.
1529 1982 1650 2013 Societ.
1673 1983 1854 2013 Traiect.1.

995 2043 1026 2073 p.
1050 2034 1107 2063 151
1143 2035 1368 2069 concedimus:
1399 2037 1456 2066 sed
1484 2046 1551 2066 non
1581 2042 1638 2073 est,
1669 2046 1727 2067 cur
1755 2037 1854 2067 verba

1005 2085 1095 2115 illam
1116 2086 1305 2127 redcmplam
1334 2097 1399 2118 esse
1421 2098 1440 2117 a
1471 2088 1627 2119 iudicibus
1656 2089 1852 2129 interpretis,

996 2148 1062 2168 non
1086 2138 1186 2179 ipsius
1210 2138 1378 2171 Ciceronis
1401 2150 1470 2171 esse
1499 2146 1691 2171 statuamus.
1724 2141 1773 2171 At
1802 2151 1853 2172 ve-

995 2199 1076 2227 reor,
1100 2196 1136 2221 ut
1159 2190 1327 2222 Ciceronis
1350 2192 1392 2223 sit
1414 2203 1477 2223 rem
1507 2193 1660 2223 redimere
1688 2204 1708 2223 a
1739 2192 1855 2223 iudici-

994 2243 1058 2280 bus,
1081 2254 1179 2284 quem
1202 2245 1298 2276 video
1320 2246 1361 2277 de
1384 2247 1497 2277 eodem
1520 2247 1582 2277 hoc
1606 2246 1723 2278 Clodio
1742 2247 1775 2277 in
1791 2247 1853 2277 Mi-

995 2297 1137 2334 loniana,
1161 2298 1199 2330 87
1222 2299 1362 2330 dixisse:
1386 2299 1525 2330 Pecunia
1548 2309 1580 2330 se
1603 2311 1622 2330 a
1636 2300 1853 2340 iudicibuspa-

994 2349 1057 2380 lam
1079 2350 1263 2382 redemerat.
1301 2352 1368 2390 Qui
1392 2353 1481 2384 locus
1504 2353 1589 2391 facit,
1621 2359 1659 2384 ut
1687 2354 1740 2385 hic
1768 2365 1853 2384 reum

994 2402 1194 2442 manifestum
1216 2404 1305 2434 illum
1328 2405 1516 2446 redemptum
1546 2415 1611 2437 esse
1640 2407 1850 2438 scribendum

994 2466 1154 2488 censeam.
1178 2458 1217 2489 cf.
1240 2459 1408 2491 Drakenb.
1431 2462 1471 2491 ad
1500 2461 1575 2492 Liv.
1606 2461 1716 2492 XLV.
1750 2462 1798 2498 37,
1823 2463 1850 2498 8,

994 2512 1050 2552 qui
1073 2521 1122 2541 res
1146 2517 1179 2543 et
1200 2522 1271 2543 reus
1293 2523 1388 2555 saepe
1411 2516 1607 2547 commutari
1630 2517 1735 2547 docet.

1036 2565 1166 2596 Accedit
1196 2566 1287 2604 illud,
1321 2568 1410 2609 quod.
1453 2569 1592 2601 Temere
1621 2570 1700 2601 Ern.
1729 2570 1851 2602 delevit

994 2618 1084 2655 illud,
1108 2620 1197 2658 quod
1218 2630 1286 2651 non
1308 2621 1379 2652 sine
1401 2622 1435 2653 vi
1457 2623 1597 2654 additur.

1038 2671 1232 2703 Contionalis
1255 2673 1370 2705 hirudo
1392 2675 1513 2706 aerarii
1545 2676 1660 2708 infima
1681 2677 1773 2718 plebs
1796 2688 1849 2708 vo-

994 2732 1095 2763 catur,
1132 2736 1215 2767 quae
1245 2728 1453 2760 contionibus
1486 2729 1642 2762 intererat
1670 2740 1726 2771 spe
1754 2731 1849 2771 iargi-

994 2779 1122 2811 tionum
1145 2789 1162 2811 e
1184 2781 1317 2821 publico
1339 2781 1576 2814 faciundarum.

1037 2832 1256 2863 comissatores
1290 2834 1528 2867 coniurationis.
1572 2837 1748 2869 Turnebus
1780 2839 1848 2869 Ad-

994 2895 1076 2916 verS.
1099 2885 1162 2916 IX.
1187 2887 1202 2916 1
1227 2887 1391 2928 duplicem
1413 2890 1581 2930 proposuit
1610 2890 1847 2932 interpretatio-

993 2951 1069 2972 nem
1090 2941 1189 2972 huius
1212 2944 1448 2983 appellationis,
1471 2952 1508 2976 ut
1523 2945 1589 2977 sint
1603 2947 1722 2987 reliqui
1737 2953 1770 2978 et
1784 2948 1848 2979 seri

993 2995 1164 3033 coniurati,
1186 3000 1223 3026 ut
1245 2997 1302 3036 qui
1323 3002 1397 3038 post
1418 3007 1555 3030 coenam
1570 3000 1781 3032 comissatum
1794 3010 1847 3033 ve-

992 3049 1098 3085 niunt,
1122 3049 1176 3080 vel
1197 3049 1305 3089 potius
1328 3051 1489 3083 coniurati
1512 3063 1579 3084 non
1602 3058 1669 3085 tam
1698 3055 1739 3086 ad
1767 3065 1847 3096 pug-

992 3102 1148 3138 nandum,
1187 3111 1284 3142 quam
1323 3104 1362 3134 ad
1393 3105 1635 3137 comissandum
1666 3107 1742 3148 apti.
1773 3108 1847 3139 Hoc

967 3193 970 3199 .
992 3166 1104 3187 verum
1129 3157 1181 3186 vel
1205 3158 1321 3198 potius,
1346 3164 1382 3190 ut
1404 3158 1504 3192 Gron.
1528 3161 1769 3202 interpretatur,
1789 3164 1845 3204 qui
