2117 3533
665 178 773 219 LIB.
808 178 884 220 VI.
918 178 1002 220 ΕΡ.
1040 181 1080 220 4.
1117 181 1157 220 5.
1703 181 1788 220 279

32 311 312 377 παρέδωκεν
342 317 489 373 μνῶν
515 313 723 357 KAMN
749 310 992 371 ὀφειλημα
1012 314 1079 372 τῷ
1097 311 1357 374 Καμίλλῳ,
1382 311 1565 359 ἑαυτόν
1586 330 1635 357 τε
1659 311 1789 370 ὀφει-

31 388 182 435 λοντα
213 389 351 447 μνᾶς
383 382 461 431 κδ]
496 385 550 430 ἐκ
583 387 685 431 τῶν
716 387 1140 445 Κροτωνιατικῶν
1173 385 1263 429 καὶ
1308 385 1362 430 ἐκ
1406 388 1507 432 τῶν
1545 385 1790 445 Χερρονη-

31 463 242 507 σιτικῶν
272 461 359 520 μή·
394 458 483 504 καὶ
514 460 652 517 μνᾶς
686 456 1064 518 κληρονομήσας
1095 459 1206 519 χμ’.
1243 460 1353 518 χμ’.
1380 459 1567 505 τούτων
1590 456 1642 503 δὲ
1666 455 1790 518 μηδὲ

31 532 220 593 ὀβολὸν
266 536 292 579 †
336 529 712 588 διευλυτῆσθαι,
769 530 970 577 πάντων
1014 529 1383 589 ὀφειληθέντων
1432 536 1518 577 τοῦ
1566 528 1791 592 δευτέρου

27 606 188 667 μηνὸς
220 612 275 665 τῇ
308 606 571 666 νουμηνίᾳ.
610 604 700 650 τὸν
733 600 786 648 δὲ
821 603 1146 665 ἀπελεύθερον
1173 603 1344 661 αὐτοῦ,
1371 603 1495 650 ὄντα
1520 604 1793 664 ὁμώνυμον

28 684 96 739 τῷ
139 680 378 733 Κόνωνος
427 678 595 739 πατρὶ,
639 674 799 737 μηδὲν
848 677 1128 739 ὁλοσχερῶς
1182 680 1581 739 πεφροντικέναι.
1630 682 1791 723 ταῦτα

29 745 136 810 οὖν,
171 755 366 814 πρῶτον
397 751 510 811 μὲν,
547 751 634 797 ἵνα
669 750 834 796 πάντα
870 751 1102 806 σώζηται.
1152 747 1375 812 δεύτερον
1418 747 1489 808 δέ,
1536 750 1624 797 ἵνα
1666 746 1791 809 μηδὲ

29 829 132 872 τῶν
174 825 337 871 τόκων
385 823 686 885 ὀλιγωρήσῃς
739 826 842 869 τῶν
883 822 983 869 ἀπὸ
1030 830 1117 879 τῆς
1165 825 1542 885 προεκκειμένης
1585 826 1787 885 ηιιέρας.

29 899 157 953 ὅσας
191 899 347 945 αὑτὸν
379 900 676 960 ἠνέγκαμεν,
723 894 922 959 σφόδρα
957 894 1179 943 δέδοικα.
1218 898 1309 942 καὶ
1341 897 1438 959 γαρ
1470 904 1633 959 παρῆν
1672 898 1794 958 πρὸς

29 975 162 1033 ημᾶς
201 971 645 1031 κατασκεψόμενος
691 972 788 1015 καί
823 988 873 1014 τι
922 967 1109 1031 σχεδὸν
1154 970 1378 1024 ἐλπίσας·
1423 969 1676 1033 ἀπογνοὺς
1719 967 1792 1027 δὲ,

29 1045 225 1108 ἀλόγως
257 1045 460 1101 ἀπέστη,
497 1043 723 1089 ἐπειπών·
757 1045 883 1088 εὶκω.
924 1042 1149 1105 αἰσχρόν
1192 1060 1271 1088 τοι
1315 1039 1469 1105 δηρόν
1516 1061 1564 1088 τε
1602 1046 1793 1103 με’νειν·

30 1137 172 1176 meque
205 1120 434 1175 obiurgavit
465 1124 596 1160 vetere
620 1117 843 1174 proverbio,
870 1116 932 1160 τοὶ
952 1114 1050 1176 μὲν
1075 1112 1337 1175 διδόμενα.
1379 1121 1420 1160 3.
1447 1120 1616 1174 Reliqua
1640 1119 1731 1161 vide
1755 1124 1796 1161 et

32 1199 227 1250 quantum
260 1193 345 1235 fieri
377 1197 509 1248 potest
541 1192 845 1247 prospiciamus.
896 1192 985 1233 Etsi
1018 1207 1197 1233 annuum
1229 1197 1388 1247 tempus
1421 1207 1543 1248 prope
1575 1194 1655 1234 iam
1691 1208 1795 1234 eme-

32 1268 155 1309 ritum
187 1266 434 1308 habebamus
469 1291 526 1295 —
563 1265 647 1306 dies
680 1266 787 1306 enim
822 1278 988 1306 XXXIII.
1023 1270 1137 1306 erant
1159 1265 1304 1320 reliqui
1329 1290 1385 1295 —
1411 1265 1683 1307 sollieitudine
1707 1281 1795 1321 pro-

32 1341 186 1382 vinciae
220 1345 355 1382 tamen
388 1340 450 1381 vel
483 1340 654 1381 maxime
688 1338 945 1393 urgebamur.
980 1338 1118 1390 Quum
1151 1339 1259 1380 enim
1293 1338 1449 1379 arderet
1483 1339 1595 1394 Syria
1628 1339 1733 1381 bello
1757 1344 1798 1381 et

33 1413 205 1455 Bibulus
238 1415 282 1455 in
315 1417 428 1454 tanto
461 1427 637 1453 maerore
672 1427 744 1452 suo
777 1411 993 1453 maximam
1027 1426 1164 1452 curam
1196 1411 1292 1453 belh·
1325 1411 1542 1453 sustineret
1574 1413 1623 1453 ad
1655 1428 1797 1467 meque

31 1487 155 1543 legati
187 1487 272 1528 eius
306 1491 346 1528 et
379 1490 565 1541 quaestor
597 1489 638 1527 et
671 1484 789 1526 amic-i
822 1485 908 1526 eius
930 1484 1065 1526 literas
1088 1484 1306 1535 mitterent,
1327 1488 1375 1525 ut
1397 1483 1577 1526 subsidio
1604 1486 1796 1537 venirem,

33 1561 109 1603 etsi
142 1560 361 1602 exereitum
392 1559 596 1600 infirmum
630 1557 842 1609 habebam,
888 1557 1038 1599 auxilia
1072 1572 1166 1599 sane
1202 1556 1320 1608 bona,
1364 1557 1433 1599 sed
1467 1572 1513 1599 ea
1547 1558 1797 1610 Galatarum,

33 1635 276 1685 Pisidarum,
310 1633 525 1689 Lyciorum
561 1657 617 1663 —
652 1632 750 1673 haee
783 1632 890 1673 enim
924 1636 1020 1673 sunt
1062 1635 1198 1672 nostra
1240 1630 1383 1672 robora
1418 1655 1490 1683 -—-,
1534 1635 1670 1673 tamen
1714 1647 1798 1673 esse

34 1708 207 1750 officium
252 1721 387 1748 meum
430 1706 570 1761 putavi
611 1705 830 1747 exercitum
876 1703 1023 1746 habere
1066 1719 1185 1759 quam
1228 1703 1407 1760 proxime
1452 1704 1621 1756 hostem,
1667 1704 1799 1761 quoad

76 1891 92 1921 1
116 1883 183 1923 κδ’.
214 1889 277 1935 μή.
310 1886 542 1934 ὀφειλημάτων
572 1908 613 1913 -
635 1891 656 1922 4
677 1886 918 1923 διαλύσασθαι
946 1908 987 1913 ——-
1010 1890 1049 1921 13
1062 1890 1142 1932 fieri
1157 1892 1249 1931 potes
1267 1887 1419 1930 perspice.
1442 1887 1507 1920 Nos
1530 1889 1590 1920 etsi
1620 1907 1653 1913 -

36 2062 111 2094 pam
132 2052 297 2083 rationum
326 2052 532 2083 turbatamm
562 2051 726 2084 coniicere
756 2053 895 2083 conaba-

37 2111 99 2137 tur.
133 2105 276 2146 Reliqua
300 2104 430 2136 facilius
453 2105 696 2145 intelliguntur.
735 2106 847 2137 Verba
879 2116 897 2136 a

37 2169 89 2191 me
112 2160 284 2191 emendata
308 2159 354 2189 sic
376 2163 484 2190 verto:
512 2174 524 2185 υ
537 2159 591 2190 Ex
623 2160 704 2190 urbe
734 2160 898 2200 septicolli

37 2212 244 2253 proficiscens
269 2211 499 2252 (Philotimus)
523 2212 667 2243 rationes
684 2212 825 2243 reddidit
839 2213 898 2243 mi-

37 2275 237 2302 namm....,
261 2274 342 2305 quas
364 2265 461 2296 debet
490 2264 643 2301 Camillo,
672 2265 742 2305 ipse
776 2265 898 2296 debens

37 2319 120 2350 mihi
141 2318 247 2350 minas
260 2317 386 2349 XXIV
399 2328 416 2350 e
431 2318 526 2349 bonis
540 2318 678 2349 Milonis
695 2324 727 2350 et
741 2319 899 2350 XLVHI

38 2382 56 2404 e
77 2373 218 2413 praediis
242 2371 493 2404 Chersonnesiis
525 2378 557 2403 et
587 2382 630 2403 ex
660 2373 898 2405 hereditatibus

38 2429 146 2461 minas
188 2429 238 2460 bis
278 2433 450 2460 sexcentas
490 2429 719 2469 quadraginta.
770 2430 899 2461 Harum

942 2060 1016 2082 rum
1038 2051 1122 2089 dedi,
1146 2059 1181 2082 ut
1204 2060 1221 2083 e
1243 2050 1313 2082 eod.
1337 2050 1426 2082 Med.
1449 2050 1593 2082 affertur.
1616 2051 1692 2081 Non
1716 2059 1804 2083 reete

943 2104 1155 2135 emendatum
1178 2104 1275 2135 eredo
1297 2095 1349 2134 κδ’
1377 2101 1442 2147 μή.
1466 2103 1554 2133 Nam
1576 2102 1658 2133 ratio
1674 2112 1804 2143 quoque

942 2159 1094 2190 habenda
1123 2159 1229 2189 multo
1270 2158 1403 2189 maioris
1437 2158 1606 2199 pecuniae,
1640 2167 1724 2198 quae
1761 2168 1803 2190 ex

943 2211 1179 2242 hereditatibus
1201 2216 1408 2251 provenerat.

995 2261 1103 2293 Vetere
1126 2262 1293 2303 proverbio
1326 2258 1370 2294 τὰ
1399 2258 1459 2307 μὲν
1489 2257 1671 2306 διδόμενα.
1711 2263 1805 2294 Eras-

944 2329 1018 2349 mus
1041 2319 1149 2359 Adag.
1173 2319 1235 2349 IV.
1259 2319 1275 2348 l
1301 2328 1317 2349 e
1352 2318 1502 2349 Platonis
1532 2317 1656 2359 Gorgia
1686 2328 1716 2359 p.
1745 2319 1805 2349 499

946 2370 971 2402 C
1000 2371 1163 2412 supplevit
1200 2369 1331 2415 ἀνάγκη
1373 2367 1560 2416 δέχεσθαι.
1606 2370 1805 2402 Philotimus

944 2427 992 2458 ita
1029 2427 1119 2459 iubet
1158 2426 1353 2459 Ciceronem
1394 2427 1579 2459 rationibus
1616 2427 1700 2459 datis
1736 2437 1806 2459 esse

38 2489 148 2515 autem
170 2493 212 2515 ne
235 2484 371 2515 obolum
396 2484 531 2524 quidem
554 2484 661 2521 solvit,
698 2494 800 2525 quum
830 2495 897 2516 om·
945 2487 1148 2514 contentum.

40 2538 96 2569 nia
123 2538 233 2569 debita
267 2542 375 2569 essent
405 2548 423 2568 a
452 2538 528 2569 Kal.
566 2538 771 2570 Februariis:
810 2539 899 2570 illius
986 2537 1004 2576 ἓ
1028 2538 1057 2567 3.
1086 2536 1220 2577 Reliqua
1250 2535 1320 2567 vide
1350 2539 1389 2573 et,
1420 2538 1567 2577 quantum
1590 2537 1669 2576 sieri
1691 2539 1807 2578 potest,

40 2596 150 2622 autem
172 2591 338 2627 libertum,
362 2591 415 2621 eui
444 2591 533 2622 idem
562 2600 683 2622 nomen
713 2592 802 2631 quod
831 2598 900 2623 erat
938 2590 1180 2631 prospieiamm.
1215 2591 1330 2631 Vulgo
1353 2592 1456 2623 edunt
1489 2610 1529 2613 —
1550 2591 1706 2631 perspice.
1743 2591 1807 2623 Nos

41 2643 189 2676 Cononis
218 2644 310 2684 patri,
341 2643 426 2674 nihil
455 2644 593 2675 omnino
620 2654 762 2676 curasse.
807 2645 899 2676 Haec
920 2642 923 2696 J
945 2654 962 2676 e
992 2645 1063 2676 cod.
1094 2645 1127 2675 in
1165 2654 1270 2685 marg.
1300 2643 1387 2676 Crat.
1424 2645 1560 2676 Retinui
1590 2646 1680 2685 quod
1709 2645 1807 2677 habet

41 2697 144 2737 igit-ur
165 2697 310 2737 primum
339 2706 427 2733 cura,
461 2702 497 2728 ut
525 2697 681 2728 universa
711 2702 898 2733 serventur;
920 2702 924 2751 l
943 2698 1031 2728 Med.
1048 2698 1275 2737 perspiciamus
1298 2704 1425 2729 mutato
1448 2699 1481 2729 in
1500 2698 1741 2738 prospiciamw,
1772 2707 1807 2730 ut

41 2751 170 2788 deinde,
194 2755 229 2781 ut
252 2760 293 2781 ne
315 2760 430 2781 usuras
460 2751 594 2791 quidem
622 2752 784 2792 negligas,
816 2762 899 2793 quae
921 2760 924 2780 ι
946 2752 973 2789 7,
999 2751 1014 2781 1
1033 2751 1182 2792 proficies
1203 2761 1263 2782 scr.
1286 2763 1345 2793 pro
1360 2752 1515 2793 perficio-5.
1538 2751 1736 2790 Gronovius,
1753 2754 1806 2784 cui

43 2815 61 2836 a
83 2804 136 2836 die
158 2805 322 2845 praedicta
343 2809 488 2835 currunt.
512 2805 604 2843 Quot
625 2805 694 2837 dies
717 2806 814 2837 illum
832 2816 900 2847 per·
945 2805 1034 2836 idem
1055 2804 1238 2842 videbatur,
1262 2805 1447 2837 adnotavit:
1476 2820 1487 2830 υ
1500 2805 1559 2836 Est
1581 2806 1634 2836 hie
1650 2807 1807 2838 transitus

43 2858 115 2895 tuli,
139 2858 172 2888 in
196 2867 318 2898 magno
341 2857 458 2889 timore
479 2857 538 2888 fui.
568 2858 702 2889 Etenim
725 2864 793 2890 erat
816 2861 901 2900 apud
946 2860 986 2889 ad
1009 2869 1131 2890 novum
1154 2865 1251 2899 caput
1275 2859 1450 2899 epistolae:
1476 2869 1566 2890 nune
1588 2869 1751 2899 cognosce
1767 2861 1808 2891 de

44 2920 103 2941 nos
132 2910 362 2950 exploraturus
391 2916 422 2941 et
458 2910 583 2950 aliquid
619 2920 762 2951 sperans,
800 2922 901 2953 eaque
948 2911 997 2948 iis,
1028 2921 1111 2951 quae
1141 2911 1224 2941 mihi
1254 2916 1379 2942 restant
1407 2911 1442 2942 in
1472 2912 1581 2942 officio
1612 2912 1807 2952 provinciali

44 2973 99 3004 spe
132 2964 306 2994 destitutus
344 2968 467 2994 temere
503 2964 583 2994 abiit
629 2965 900 2996 obmurmurans:
923 2959 926 2980 ¹
949 2970 980 2995 et
1002 2964 1113 2995 futura
1134 2965 1381 3005 prospiciamus,
1406 2974 1578 3005 quousque
1601 2965 1711 2996 licet.”

43 3017 140 3053 cedo3
164 3026 242 3047 nam
265 3021 359 3057 turpe
382 3016 439 3047 diu
461 3025 596 3048 manere
619 3016 666 3056 (et
688 3028 832 3049 vacuum
854 3028 902 3049 re*
992 3019 1032 3049 In
1063 3021 1152 3050 tanto
1180 3029 1320 3050 maerore
1350 3029 1415 3050 suo.
1445 3020 1535 3051 Duos
1566 3020 1681 3050 Bibuli
1711 3021 1807 3059 filios,

45 3068 178 3110 verti).''
222 3069 297 3100 Hoc
319 3069 461 3106 volebat,
485 3069 612 3109 opinor,
635 3069 847 3108 Philotimus,
870 3080 903 3102 se
949 3082 1091 3112 quorum
1113 3072 1196 3103 alter
1219 3082 1324 3111 augur
1347 3078 1416 3104 erat
1438 3073 1545 3112 (Fam.
1569 3073 1615 3103 ΙΙ.
1641 3072 1688 3110 17,
1714 3073 1747 3114 6)
1762 3075 1808 3106 in-

46 3121 144 3158 abire,
168 3121 326 3161 quoniam
348 3121 434 3152 nihil
456 3121 655 3161 proficiebat,
686 3123 741 3153 sed
773 3132 902 3163 suspec-
951 3124 1145 3156 terfeeerant
1178 3125 1300 3156 milites
1335 3125 1368 3155 in
1407 3124 1564 3166 Aegypto
1600 3126 1809 3159 rebellantes.

45 3178 96 3205 tus
120 3179 187 3205 erat
211 3175 373 3206 Ciceroni.
417 3175 567 3206 Primum
598 3185 772 3207 numerum
803 3176 904 3208 mina·
950 3178 1028 3208 Vid.
1052 3178 1181 3209 Caesar.
1205 3178 1245 3209 B.
1269 3178 1306 3209 C.
1329 3179 1395 3210 ΠΙ.
1420 3179 1490 3209 llo.
1529 3179 1604 3210 Val.
1629 3180 1721 3211 Max.
1746 3181 1807 3212 IV.

1816 992 1849 1017 10

1818 1360 1850 1386 15

1821 1730 1855 1756 20
