2117 3533
259 145 341 186 176
656 146 740 187 ΕΡ.
774 146 850 186 AD
883 147 930 187 Τ.
964 145 1314 188 POMPONIUM
1346 147 1611 189 ATTICUM.

874 330 948 373 VJ.
1014 331 1079 385 (A.
1120 330 1165 371 U.
1203 331 1245 372 O.
1279 332 1399 386 698.)

320 457 355 496 1.
389 455 449 495 De
482 453 655 495 Lentulo
688 454 841 496 scilicet
873 456 929 497 sic
963 455 1059 508 fero,
1093 461 1141 497 ut
1173 456 1309 499 debeo.
1353 458 1497 499 Virum
1537 457 1689 499 bonum
1732 463 1772 500 et
1814 474 2008 514 magnum

253 526 454 567 hominem
488 530 528 567 et
559 526 603 567 in
639 542 793 568 summa
824 528 1104 583 magnitudine
1138 529 1261 570 animi
1293 530 1420 572 multa
1452 530 1702 573 humanitate
1746 536 2011 588 temperatum

251 597 521 653 perdidimus3
555 615 707 655 nosque
740 600 844 642 malo
886 601 1028 643 solatio
1072 601 1141 643 sed
1181 603 1377 644 nonnullo
1417 608 1551 646 tamen
1598 605 1861 657 consolamur,
1906 605 2014 661 quod

218 688 232 712 5
251 672 378 727 ipsius
411 673 539 713 vicem
571 673 736 715 minime
770 674 965 726 dolemus,
1012 691 1094 717 non
1127 680 1174 717 ut
1207 676 1390 718 Saufeius
1424 682 1464 718 et
1509 678 1643 729 vestri,
1688 678 1810 719 immo
1852 677 2013 719 hercule

253 745 347 799 quia
381 745 437 786 sic
471 745 630 787 amabat
663 746 848 801 patriam,
883 751 929 787 ut
962 748 1062 789 mihi
1114 748 1249 803 aliquo
1303 748 1466 790 deorum
1506 749 1698 791 beneficio
1743 750 1926 791 videatur
1965 766 2014 791 ex

251 818 338 858 eius
370 817 558 859 incendio
592 834 676 859 esse
710 823 881 874 ereptus.
914 820 1022 860 Nam
1057 820 1155 874 quid
1188 819 1344 862 foedius
1378 826 1515 863 nostra
1547 822 1643 873 vita,
1667 822 1878 877 praecipue
1901 823 2014 863 mea?

252 890 358 931 Nam
390 894 436 931 tu
471 891 646 944 quidem,
693 892 768 933 etsi
801 907 841 933 es
884 898 1029 934 natura
1073 890 1348 949 πολιτικός,
1390 898 1525 936 tamen
1567 895 1719 937 nullam
1761 894 1884 936 habes
1926 910 2015 950 pro-

249 964 377 1018 priam
411 965 663 1005 servitutem:
699 965 724 1008 †
758 966 961 1006 communi
995 966 1129 1008 fueris.
1162 967 1338 1008 Nonne?
1374 970 1414 1008 2.
1448 968 1536 1023 Ego
1568 984 1674 1020 vero,
1710 968 1792 1022 qui,
1818 968 1851 1008 si
1871 968 2014 1022 loquor

197 1046 233 1072 10
251 1036 299 1077 de
332 1051 374 1077 re
406 1035 582 1091 publica,
619 1036 725 1090 quod
760 1043 930 1093 oportet,
964 1039 1131 1080 insanus
1141 1057 1152 1090 3
1200 1039 1247 1091 si,
1283 1039 1390 1094 quod
1435 1055 1535 1095 opus
1580 1045 1653 1091 est,
1696 1055 1833 1082 servus
1877 1040 2013 1081 existi-

249 1124 334 1149 mor
343 1127 354 1160 3
390 1109 422 1150 si
455 1114 582 1161 taceo,
617 1125 829 1165 oppressus
863 1116 903 1152 et
937 1116 1102 1167 captus3
1138 1128 1216 1167 quo
1251 1112 1385 1153 dolore
1419 1128 1502 1154 esse
1527 1113 1680 1155 debeo?
1714 1114 1804 1165 Quo
1827 1129 1915 1156 sum
1939 1113 2013 1155 sci-

248 1182 360 1234 licet,
392 1182 468 1223 hoc
501 1183 623 1224 etiam
657 1184 820 1235 acriore,
856 1185 963 1239 quod
996 1201 1046 1226 ne
1081 1185 1213 1227 dolere
1247 1185 1409 1241 quidem
1443 1201 1621 1241 possum,
1656 1192 1701 1227 ut
1729 1202 1811 1228 non
1831 1187 2014 1242 ingratus

249 1255 397 1297 videar.
432 1255 569 1307 Quid?
602 1256 636 1297 si
670 1270 822 1297 cessare
856 1256 981 1298 libeat
1009 1263 1049 1299 et
1082 1258 1125 1299 in
1158 1258 1230 1299 otii
1252 1263 1412 1314 portum
1438 1258 1677 1313 confugere?
1711 1259 2014 1314 Nequidquam.

250 1329 380 1370 Immo
414 1329 535 1370 etiam
567 1329 610 1370 in
643 1328 794 1370 bellum
827 1334 867 1371 et
899 1330 943 1371 in
977 1332 1127 1372 castra!
1163 1332 1270 1386 Ergo
1311 1332 1458 1374 erimus
1504 1326 1703 1388 ὀπαδοί,
1751 1333 1820 1387 qui
1864 1329 2015 1391 ταγοὶ

199 1416 231 1441 15
247 1418 332 1445 esse
363 1402 593 1444 noluimus?
628 1402 693 1444 Sic
727 1401 956 1445 faciendum
990 1409 1063 1445 est.
1096 1403 1189 1445 Tibi
1221 1404 1328 1446 enim
1360 1405 1439 1460 ipsi
1474 1430 1530 1436 —-
1565 1404 1631 1446 cui
1666 1404 1824 1447 utinam
1858 1419 2012 1460 semper

294 1653 312 1692 ξ
335 1653 363 1683 1.
386 1651 434 1682 De
455 1651 599 1682 Lentulo.
621 1650 755 1684 Obierat
777 1652 816 1683 L.
833 1651 1007 1684 Cornelius
1021 1653 1108 1684 Len—

251 1706 340 1738 tulus
362 1705 475 1745 Niger,
498 1705 619 1737 fiamen
642 1706 815 1743 Martialis,
832 1715 932 1746 quem
950 1706 1109 1738 Vettiano

252 1758 375 1789 indicio
398 1758 671 1798 comprehensum
694 1758 793 1790 fuisse
827 1758 913 1789 dixit
936 1758 982 1788 II.
1006 1759 1054 1795 24,
1079 1759 1108 1790 2.

253 1812 365 1843 Vatin.
391 1812 439 1842 25.
471 1811 566 1843 Certe
589 1822 656 1842 non
679 1812 814 1842 invenio
837 1812 939 1842 alium
962 1812 1109 1843 eiusdem

250 1865 404 1903 nominis,
427 1874 526 1906 quem
548 1865 656 1905 potius
678 1865 732 1896 hic
754 1865 921 1905 designari
944 1870 1067 1905 putem.

298 1918 403 1949 Virum
426 1919 532 1949 bonum
556 1921 585 1949 et
608 1929 748 1960 maynum
773 1918 921 1949 hominem
945 1929 978 1949 o:
1002 1919 1109 1949 civem

249 1973 373 2014 patriae
396 1977 559 2003 amantem
589 1978 621 2004 et
650 1973 787 2013 ingenio
816 1974 979 2014 rebusque
1009 1974 1109 2013 gestis

249 2027 385 2058 clarum.
408 2026 458 2058 Cf.
481 2027 621 2058 Ellendt
644 2028 684 2057 ad
707 2026 796 2059 Orat.
820 2027 867 2058 II.
890 2038 920 2068 p.
944 2029 1003 2058 355
1027 2037 1074 2068 sq.

291 2079 361 2110 Non
382 2081 417 2110 ut
438 2078 586 2119 Saufeius
608 2081 637 2109 et
661 2079 757 2110 vestri
780 2090 813 2110 o:
838 2080 899 2111 hoc
930 2090 997 2110 non
1025 2080 1108 2117 dico,

249 2134 336 2174 quod
358 2137 498 2163 mortem
519 2132 554 2163 in
578 2132 673 2163 malis
690 2142 756 2163 non
772 2133 934 2173 ponimus,
951 2133 1109 2173 quoniam

250 2188 360 2218 nullus
382 2192 455 2228 post
477 2192 619 2218 mortem
642 2197 755 2218 sensus
776 2187 826 2225 sit,
844 2188 933 2228 quod
954 2186 1109 2228 Epicurei

250 2240 349 2272 vestri
371 2241 498 2276 docent,
522 2240 579 2271 sed
601 2240 678 2280 quia
700 2245 760 2271 cet.

291 2291 415 2321 Natura
438 2287 613 2328 πολιτικός
628 2301 729 2332 quum
746 2291 874 2322 dicatur
887 2291 1030 2329 Atticus,
1052 2292 1109 2332 qui

249 2347 434 2378 abstinebat
456 2356 489 2378 rc
512 2346 652 2387 publica,
676 2341 850 2382 πολιτικός
879 2346 1108 2387 accipiendum

250 2403 379 2434 videtur
386 2403 426 2432 de
434 2411 482 2439 eo,
493 2402 549 2443 qui
559 2402 682 2432 bonum
690 2401 736 2433 rei
745 2405 897 2442 p.statum
906 2406 1001 2439 amat,
1011 2410 1108 2442 quem

249 2449 448 2495 φιλόπατριν
472 2451 643 2482 vocabant.

290 2507 419 2537 Nullam
440 2505 535 2536 habes
559 2505 722 2545 proprium
744 2504 934 2535 servitutem.
967 2504 1032 2534 Pro
1061 2504 1107 2534 ul-

251 2562 331 2594 tima
359 2572 438 2593 voce
470 2561 546 2591 libri
575 2561 654 2591 Mss.
685 2560 808 2591 habent
836 2559 990 2597 virtutem,
1020 2560 1108 2599 quod

248 2616 368 2646 frustra
395 2613 571 2645 defendere
600 2613 727 2643 laborat
756 2612 946 2642 criticorum
974 2611 1105 2652 ineptis-

247 2670 350 2700 simus
373 2667 498 2699 Iunius.
523 2666 589 2698 Sed
611 2676 717 2706 neque
740 2665 887 2696 servituti
909 2675 998 2696 nunc
1014 2665 1105 2696 loeus

246 2727 304 2753 est.
327 2720 423 2758 Vide,
447 2729 488 2751 ne
510 2719 591 2750 olim
608 2718 766 2758 scriptum
780 2717 878 2748 fuerit
893 2717 1104 2754 acerbitatem,

248 2774 468 2815 quodminus
491 2773 590 2804 etiam
624 2781 642 2802 a
671 2771 764 2802 codd.
793 2770 941 2810 vestigiis
972 2770 1104 2807 recedit,

248 2841 347 2872 quam
369 2828 609 2870 aeyritudz‘nem,
635 2828 914 2868 quemadmodum
937 2827 1107 2858 Tunstalli

248 2886 372 2916 amicus
400 2884 500 2915 scribi
535 2883 676 2914 volebat.
714 2882 764 2913 Cf.
795 2882 912 2912 Tunst.
942 2881 1034 2921 cpist.
1064 2881 1105 2911 ad

249 2939 366 2969 Middl.
389 2938 423 2968 in
445 2937 534 2968 Add.
556 2947 586 2977 p.
610 2935 681 2967 257.

289 2996 306 3032 †
330 2991 483 3023 Commzmz'
495 2990 615 3031 fueris,
637 2989 776 3021 Nonne?
799 2988 854 3021 Sic
877 2994 925 3021 cst
948 2989 981 3019 in
1005 2988 1104 3025 Med„

250 3050 307 3082 sed
327 3052 488 3089 corrupte.
532 3047 684 3079 Primum
706 3055 787 3086 opus
810 3050 857 3076 est
886 3044 987 3076 verbo
1016 3052 1104 3084 prae-

250 3103 350 3135 sentis
373 3101 528 3142 temporis
558 3102 646 3133 unde
674 3100 814 3141 pendeat
842 3099 905 3130 abl.
936 3097 1103 3133 communi;

251 3162 323 3188 tum
345 3155 582 3188 removendum
604 3153 801 3194 languidum
823 3152 907 3183 illud
928 3160 1039 3183 nonne.
1063 3150 1104 3181 In

1156 1655 1292 1695 antiqua
1327 1656 1527 1687 correctione
1558 1655 1709 1686 communi
1732 1654 1858 1695 frueris
1892 1654 2013 1686 nomine

1156 1708 1308 1739 insolitus
1330 1708 1422 1739 verbi
1443 1718 1522 1739 usus
1544 1708 1651 1738 notari
1669 1708 1775 1739 debet.
1798 1707 1885 1738 Nam
1896 1717 2011 1747 poena,

1156 1761 1274 1798 timore,
1307 1762 1398 1792 malis
1415 1761 1491 1802 Ji‘uz'
1519 1762 1546 1792 is
1575 1762 1703 1798 dicitur,
1734 1762 1790 1802 qui
1822 1761 1888 1792 illis
1915 1761 2013 1792 rebus

1156 1814 1345 1852 delectatur,
1369 1825 1436 1845 11011
1460 1814 1517 1854 qui
1540 1814 1579 1845 iis
1602 1814 1770 1855 premitur.
1801 1813 1878 1844 Vid.
1901 1813 2012 1844 Livin.

1157 1872 1189 1898 et
1210 1867 1328 1898 Arntz.
1351 1868 1391 1898 ad
1413 1867 1517 1899 Plinii
1540 1867 1664 1907 Paneg.
1684 1876 1711 1897 0.
1727 1867 1776 1897 34.
1799 1866 1910 1896 Klotz.
1927 1865 2013 1896 coni.

1155 1920 1305 1951 communi
1328 1923 1360 1951 tu
1384 1920 1448 1951 eris
1470 1920 1659 1951 conditione.
1680 1919 1785 1950 Nobis
1806 1919 1903 1950 scribi
1918 1928 2013 1959 posse

1154 1973 1300 2004 videtur:
1331 1972 1480 2003 communi
1505 1972 1604 2003 uteris
1639 1973 1733 2009 sorte,
1764 1975 1835 2002 aut:
1861 1970 2012 2002 communi

1149 2026 1303 2066 premeris
1326 2037 1432 2057 onere.

1198 2080 1216 2119 ξ
1239 2081 1268 2110 2.
1301 2079 1391 2120 Quod
1411 2081 1532 2120 oportet
1554 2090 1588 2110 o:
1612 2080 1701 2120 quod
1723 2070 1802 2110 bo⁸ni
1824 2078 1887 2110 viri
1909 2083 1957 2110 est
1979 2084 2012 2110 et

1155 2133 1247 2164 fortis
1269 2134 1349 2164 civis
1358 2148 1365 2171 ;
1389 2134 1471 2175 quod
1492 2143 1566 2174 opus
1595 2135 1641 2164 est
1671 2144 1705 2164 o:
1736 2133 1825 2174 quod
1857 2132 2010 2163 utilitatis

1155 2195 1246 2217 meae
1284 2186 1426 2217 rationes
1462 2186 1638 2227 postulant.
1682 2187 1872 2226 Iunguntur
1905 2185 2010 2217 XIII.

1154 2240 1203 2276 25,
1228 2239 1262 2270 1:
1285 2238 1356 2270 Hoc
1367 2238 1446 2279 fieri
1468 2240 1498 2269 et
1527 2240 1648 2279 oportet
1676 2240 1707 2269 et
1735 2248 1809 2278 opus
1838 2240 1885 2268 est
1914 2247 1947 2268 o:
1981 2241 2013 2269 et

1153 2294 1277 2324 iustum
1299 2298 1330 2324 et
1352 2293 1432 2324 utile
1455 2299 1513 2324 est.
1537 2292 1759 2334 Opponuntur
1780 2301 1911 2333 quoque
1933 2302 2010 2332 opus

1154 2355 1221 2376 esse
1242 2350 1274 2377 et
1295 2355 1418 2376 necesse
1441 2355 1518 2376 esse.
1540 2345 1634 2376 Fam.
1657 2346 1683 2376 I.
1708 2345 1736 2382 9,
1760 2345 1810 2375 25.

1199 2398 1237 2428 Ut
1259 2408 1320 2429 nou
1342 2398 1486 2439 inm-atus
1508 2397 1626 2428 videar.
1648 2397 1725 2427 Non
1748 2397 1880 2433 indicat,
1911 2405 2010 2438 quare

1153 2450 1264 2481 dolere
1294 2460 1360 2481 non
1383 2450 1493 2490 possit,
1517 2450 1573 2481 sed
1597 2449 1676 2489 quid
1699 2449 1882 2480 necessario
1911 2458 1928 2480 e
1950 2458 2009 2480 suo

1153 2504 1266 2535 dolore
1289 2509 1454 2544 sequatur.
1486 2503 1596 2543 Igitur
1617 2512 1799 2540 caveamus,
1822 2512 1864 2534 nc
1886 2504 1921 2532 ut
1950 2512 2011 2533 uon

1152 2567 1210 2597 pro
1239 2567 1278 2587 ue
1306 2557 1449 2597 positum
1478 2557 1636 2586 dicamus.
1665 2555 1760 2595 Belg.
1789 2555 1823 2586 ilc
1851 2556 1914 2586 leem
1943 2555 2010 2585 niet

1152 2614 1279 2643 trem-en
1308 2612 1426 2643 zouder
1454 2611 1660 2642 022da72kbaa2·
1695 2613 1725 2641 te
1761 2611 1914 2651 sclzzfjneu.
1959 2609 2009 2641 De

1151 2667 1213 2697 hoc
1235 2676 1297 2697 usu
1321 2666 1449 2697 monuit
1471 2665 1582 2696 Madv.
1606 2666 1646 2695 ad
1668 2664 1743 2695 Pin.
1766 2675 1796 2705 p.
1813 2664 1884 2695 266.
1907 2664 2008 2702 Quod

1152 2720 1185 2750 iu
1207 2720 1297 2751 Med.
1319 2724 1393 2750 ante
1416 2719 1561 2759 inflatus
1592 2717 1712 2758 legitur
1740 2717 1773 2748 in
1805 2719 1836 2748 te
1865 2727 1932 2748 non
1962 2716 2009 2747 vi·

1151 2776 1246 2806 detur
1267 2784 1475 2815 germanum.

1192 2827 1401 2869 Nequidquam
1424 2838 1457 2858 o:
1482 2836 1523 2858 ne
1546 2827 1607 2857 hoc
1632 2826 1766 2866 quidem
1796 2831 1892 2866 pacto
1913 2825 2005 2865 quid-

1152 2892 1251 2922 quam
1272 2881 1451 2922 proficiam,
1474 2881 1507 2911 id
1529 2880 1614 2910 nihil
1636 2888 1689 2910 me
1719 2879 1855 2916 iuvabit,
1885 2878 2004 2908 frustra

1151 2936 1260 2967 libeat.
1294 2936 1383 2967 Male
1416 2935 1568 2966 Handius
1591 2934 1687 2964 Turs.
1711 2933 1772 2964 IV.
1802 2944 1831 2973 p.
1863 2932 1922 2965 170
1956 2932 2008 2964 Ci-

1151 2998 1305 3021 ceronem
1326 2989 1389 3020 hoc
1411 2988 1568 3019 adverbio
1589 2997 1685 3018 usum
1709 2996 1778 3018 esse
1801 2990 1910 3025 negat.

1192 3041 1232 3072 Ia
1265 3041 1376 3072 bellum
1404 3043 1435 3071 et
1464 3040 1497 3071 ill
1527 3041 1635 3070 eastra
1665 3049 1708 3069 sc.
1748 3038 1830 3068 mihi
1859 3038 2005 3069 eundum

1149 3098 1198 3125 est
1219 3103 1294 3124 cum
1316 3093 1365 3131 iis,
1389 3093 1508 3134 quibus
1530 3091 1673 3132 plurima
1695 3091 1808 3122 debeo.

1190 3149 1206 3186 †
1229 3146 1377 3187 Reliqam
1400 3149 1456 3178 est.
1490 3146 1531 3177 In
1555 3146 1615 3176 hac
1638 3144 1824 3186 corruptela
1847 3144 2009 3175 librorum
