2117 3533
744 182 851 224 LIB.
886 174 961 223 VI.
994 182 1079 223 ΕΡ.
1118 184 1156 223 1.
1745 184 1828 222 265

75 317 235 371 (omnia)
270 320 424 371 praeter
456 316 727 357 Tusculanum
761 316 1037 371 proscripsisse
1072 316 1204 357 audio.
1256 316 1384 371 Cupio
1418 317 1490 357 hos
1524 316 1730 371 expeditos
1779 316 1834 355 vi—

74 389 179 440 dere,
222 389 340 444 cupio
381 389 502 430 etiam
536 388 723 438 Sestium,
780 388 881 429 adde
917 390 970 429 sis
1005 389 1200 439 Caelium,
1250 390 1293 429 in
1338 389 1484 442 quibus
1530 388 1716 429 omnibus
1742 393 1833 437 est,

74 456 313 505 αι”ὃεσθεν
354 458 451 518 μὲν
483 458 802 513 ἀνήνασθαι,
849 454 1026 504 δεῖσαν
1071 455 1115 503 δ’
1158 455 1464 518 ὑποδέχθαι.
1539 462 1599 501 De

1240 534 1299 574 De
1344 534 1509 587 Egnatii
1555 533 1723 574 Sidicini
1766 548 1836 573 no-

1643 461 1835 502 Memmio

71 533 319 575 restituendo
352 538 398 574 ut
431 533 551 574 Curio
585 532 735 587 cogitet
782 539 821 574 te
868 533 1026 575 audisse
1070 538 1183 588 puto.

72 607 179 648 mine
227 622 300 647 nec
338 606 462 658 nulla*
483 622 555 647 nec
590 622 734 661 magna
768 622 836 661 spe
861 620 1012 646 sumus.
1047 606 1270 656 Pinarium,
1300 621 1418 659 quein
1441 605 1542 646 mihi
1566 605 1833 655 commendas,

71 679 376 734 diligentissime
410 679 623 720 Deiotarus
663 685 776 720 curat
821 679 993 733 graviter
1038 694 1214 733 aegrum.
1266 679 1471 733 Respondi
1505 679 1625 719 etiam
1675 678 1834 719 minori.

74 756 144 794 24.
193 754 254 793 Tu
288 753 418 803 velim,
453 752 550 793 dum
583 768 648 793 ero
682 753 917 802 Laodiceae,
951 752 993 792 id
1027 756 1087 792 est
1131 751 1180 792 ad
1225 751 1325 792 Idus
1368 751 1483 801 Mai„
1527 766 1646 805 quain
1689 751 1828 806 saepis-

71 826 168 867 sime
200 840 355 866 mecum
390 841 459 880 per
492 825 627 865 literas
661 825 901 879 colloquare,
938 828 978 864 et
1010 839 1133 878 quum
1157 823 1338 864 Athenas
1362 824 1516 864 veneris
1542 848 1598 852 ——
1623 823 1703 863 iani
1727 823 1833 863 enirn

70 898 241 939 sciemus
275 897 324 938 de
357 897 475 939 rebus
508 896 687 947 urbanis,
724 896 773 937 de
807 896 1038 951 provinciiS,
1074 910 1175 950 quae
1211 896 1344 936 omnia
1374 896 1415 936 in
1439 911 1616 936 mensem
1640 896 1834 936 Martium

70 976 165 1013 sunt
199 971 342 1012 collata
377 996 449 1019 ——,
484 969 625 1023 utique
660 969 709 1010 ad
743 984 805 1009 me
840 968 1069 1009 tabellarios
1102 968 1253 1008 mittas.
1297 970 1368 1008 25.
1395 968 1472 1009 Sed
1496 968 1595 1009 heus
1618 972 1677 1019 tu,
1703 968 1835 1009 iamne

69 1059 138 1085 vos
183 1059 205 1085 a
249 1044 416 1085 Caesare
457 1058 526 1097 per
574 1042 779 1083 Herodem
824 1041 976 1082 talenta
1020 1042 1157 1082 Attica
1191 1057 1230 1081 L.
1273 1041 1522 1082 extorsistis?
1565 1041 1609 1081 in
1651 1056 1743 1094 (1110,
1790 1046 1837 1081 ut

70 1117 202 1167 audio,
247 1131 438 1171 magnum
483 1116 621 1156 odium
668 1116 850 1171 Pompeii
896 1115 1142 1170 suscepistis.
1178 1116 1300 1155 Putat
1333 1115 1440 1155 enim
1475 1130 1566 1155 suos
1601 1130 1744 1155 numos
1767 1130 1836 1155 vos

69 1190 301 1241 comedisse,
336 1190 545 1231 Caesarem
587 1190 629 1230 in
673 1188 915 1230 Nemorensi
959 1188 1206 1229 aedificando
1252 1187 1547 1242 diligentiorem
1592 1188 1688 1228 fore.
1745 1188 1835 1228 Hoc

68 1279 141 1318 ego
175 1279 223 1304 ex
255 1264 299 1304 P.
334 1263 475 1313 Vedio,
510 1278 655 1318 magno
689 1262 905 1311 nebulone,
942 1261 1010 1302 sed
1045 1261 1227 1316 Pompeii
1260 1266 1395 1302 tamen
1437 1260 1637 1310 familiari,
1683 1260 1834 1302 audivi.

109 1401 128 1432 2
150 1403 178 1432 sz'
199 1403 246 1432 vis
268 1421 309 1425 —-
332 1402 370 1433 10
393 1401 434 1431 Et
456 1402 532 1432 heus
553 1420 590 1424 -

66 1531 113 1567 12,
138 1531 165 1560 1.
190 1529 253 1560 XI.
277 1529 305 1567 7,
329 1529 364 1566 6;
400 1536 471 1561 tum
502 1530 619 1561 inutile
650 1536 718 1561 erat
748 1530 810 1560 hoc
839 1530 924 1567 addi,
948 1531 949 1538 ¹

65 1583 221 1623 quoniam
230 1587 297 1613 tam
305 1592 389 1623 quae
398 1583 597 1623 praecedunt
609 1583 648 1613 de
656 1582 809 1620 Lucceio,
825 1592 924 1623 quam

64 1635 235 1675 sequentia
265 1634 357 1675 (sapio
386 1635 440 1665 hos
468 1634 628 1675 expeditos
658 1635 763 1666 videre
792 1645 924 1666 causam

65 1691 142 1721 satis
164 1691 342 1722 declarant.
365 1709 406 1713 —
428 1690 477 1722 De
499 1691 636 1722 Lentuli
660 1701 733 1722 aere
757 1691 866 1722 alieno
883 1690 922 1721 cf.

63 1745 156 1775 Caes.
180 1745 219 1775 B.
244 1744 279 1775 C.
302 1745 328 1775 I.
352 1746 381 1775 4.

103 1797 193 1828 Adde
215 1797 260 1827 sz'S
290 1797 425 1828 Caelium·
451 1799 564 1839 scripsi
588 1809 664 1829 cum
687 1798 821 1829 Klotzio
852 1808 921 1838 pro-

62 1851 132 1891 pius
156 1852 195 1881 ad
218 1852 334 1882 ductus
358 1852 433 1881 libri
456 1852 555 1888 Med„
580 1862 679 1892 quam
702 1856 739 1882 ut
762 1852 864 1891 vulgo
886 1851 922 1880 Δ3ἰ

63 1905 116 1941 vis,
148 1905 309 1945 imprimis
339 1906 514 1936 accedente
537 1906 730 1936 auctoritate
758 1906 922 1936 scidarum

61 1956 240 1997 Spengelii,
264 1957 298 1987 in
322 1958 440 1998 quibus
463 1962 525 1988 est:
551 1958 635 1988 adde
650 1957 815 1988 siscelimu.
839 1957 922 1988 Con-

61 2014 199 2040 tractum
221 2010 265 2040 sis
295 2010 415 2050 legitur
436 2020 566 2051 quoque
597 2021 627 2050 p.
650 2011 746 2042 Rosc.
772 2011 847 2041 Am.
871 2011 922 2040 48.

62 2063 134 2093 Mil.
157 2063 206 2093 60.

105 2114 142 2143 Iu
158 2114 264 2155 quibus
279 2115 416 2146 omnibus
431 2118 476 2145 est
494 2112 658 2148 αἴδεσθεν
674 2127 714 2160 μ.
731 2127 766 2147 α.
787 2113 821 2149 ὃ.
838 2108 867 2148 δ’
886 2113 921 2148 ὑ.

63 2171 344 2211 l'raepositionem
370 2181 560 2212 praegressa
582 2172 676 2203 litera
700 2173 732 2202 in
757 2173 845 2203 Med.
870 2173 922 2202 ab·

62 2228 204 2263 scu-ptam
243 2225 348 2254 codex
386 2224 590 2265 Malaspinae
621 2229 652 2255 et
681 2225 788 2255 scidae
820 2224 922 2265 Spen-

62 2279 140 2317 gelii
164 2284 250 2310 recte
281 2281 414 2310 addunt.
454 2280 504 2311 Cf.
535 2281 751 2321 XVesenberg.
783 2281 922 2311 Emend.

62 2341 91 2371 p.
114 2332 164 2362 46.
187 2332 266 2362 Erat
290 2332 323 2362 in
347 2332 386 2363 iis
409 2333 565 2363 omnibus
581 2332 686 2372 pudor
706 2332 851 2373 neyandi,
868 2342 920 2362 ac-

60 2383 198 2423 cipiendi
220 2384 320 2414 timor.
346 2385 541 2415 Metuebant
565 2394 606 2416 116
629 2386 655 2416 si
681 2385 830 2416 Caesaris
845 2395 922 2426 opes

61 2437 255 2476 acciperent,
276 2437 463 2468 libertatem
478 2438 676 2475 amitterent,
691 2438 855 2479 iidemque
868 2448 921 2478 pu-

61 2490 138 2520 dore
169 2491 311 2529 quodam
343 2491 605 2531 prohibebantur
635 2502 653 2521 a
675 2493 863 2529 recusando,
881 2502 922 2523 ne

60 2542 274 2573 creditoribus
297 2543 364 2574 suis
377 2544 461 2574 nihil
475 2545 603 2575 solvere
620 2545 708 2576 velle
721 2545 922 2576 viderentur.

101 2595 149 2625 De
172 2595 314 2627 Memmio
336 2596 541 2634 restituendo,
565 2598 621 2638 qui
645 2608 673 2628 a.
697 2598 757 2630 700
780 2598 922 2629 ambitus

60 2650 234 2679 damnatus
257 2650 409 2681 Athenas
426 2651 461 2681 in
478 2651 635 2682 exsilium
651 2652 784 2689 abierat,
802 2652 921 2683 deinde

62 2702 228 2733 Patrensis
250 2702 353 2733 factus
377 2710 454 2734 erat.
479 2704 529 2734 Cf.
552 2704 645 2735 Fam.
670 2705 770 2735 XIII.
795 2706 844 2742 19,
870 2707 897 2736 2.
944 2717 946 2730 1

105 2753 151 2784 De
172 2754 303 2795 Eynatc‘c'
326 2773 366 2777 —
388 2766 492 2786 sumus
515 2766 548 2786 o:
576 2771 588 2782 υ
602 2757 642 2787 ab
665 2757 810 2797 Egnatio
833 2759 922 2798 quod

60 2807 157 2837 debet
178 2817 239 2837 nos
262 2812 447 2848 recepturos
471 2818 550 2845 esse,
572 2818 632 2840 nec
656 2810 751 2840 valde
775 2810 855 2840 certi
871 2820 921 2840 su·
944 2810 946 2840 k

62 2871 143 2898 mus,
168 2871 227 2892 nec
250 2868 360 2893 tamen
385 2872 457 2903 spes
480 2864 587 2894 omnis
611 2864 808 2895 (lecolavit.“'
833 2866 860 2895 I.
883 2865 922 2896 F.

60 2913 160 2944 Gron.
194 2914 241 2944 Ut
263 2915 440 2946 dicendum
466 2920 513 2946 est
541 2925 607 2946 esse
635 2916 667 2946 in
697 2928 758 2957 spe,
790 2918 835 2948 ¹sic
864 2919 920 2948 ubi

61 2968 183 2998 accedit
212 2968 411 2999 adiectivum
446 2970 642 3009 praepositio
670 2971 777 3002 omitti
806 2976 921 3012 potest.

61 3020 110 3051 Cf.
132 3021 259 3052 Handii
281 3022 378 3052 Turs.
401 3022 468 3052 ΙΙΙ.
491 3022 550 3054 257
575 3027 605 3053 et
628 3024 698 3053 259.
738 3024 794 3054 Ad
819 3024 860 3062 Q.
883 3025 920 3055 fr.

60 3075 88 3105 Ι.
110 3076 137 3111 2,
163 3075 201 3104 16
223 3085 275 3116 spe
297 3086 361 3105 sum
386 3076 530 3106 murima,

104 3130 122 3167 ξ
145 3130 194 3159 24.
221 3129 308 3169 Quae

60 3183 203 3213 decrevit
226 3189 262 3214 ut
285 3194 397 3215 mense
421 3185 543 3215 Martio
567 3192 753 3225 agerentur.

393 3133 465 3160 sunt
489 3131 607 3161 collala
633 3143 666 3162 a:
691 3143 773 3173 quae
790 3138 920 3164 senatus
944 3149 945 3174 3

1014 1529 1032 1568 ξ
1057 1529 1107 1559 25.
1130 1526 1192 1559 Sed
1213 1528 1289 1559 heus
1313 1530 1356 1558 tn.
1392 1528 1443 1558 Ita
1466 1526 1580 1558 Cicero
1604 1536 1732 1567 semper
1758 1528 1833 1558 scri-

947 1598 949 1609 ι
973 1581 1031 1611 bit.
1053 1581 1142 1612 Med.
1165 1581 1198 1611 h.
1223 1581 1243 1611 1.
1268 1585 1299 1611 et
1328 1580 1408 1611 XV.
1440 1581 1488 1617 11,
1517 1581 1537 1610 4
1566 1579 1667 1610 habet
1696 1582 1726 1609 et
1758 1580 1834 1610 heus

947 1618 949 1649 l
974 1637 1017 1665 tu.
1042 1634 1086 1665 H.
1110 1635 1131 1664 1.
1154 1634 1260 1665 facilis
1281 1643 1370 1664 error
1384 1638 1452 1665 erat
1468 1637 1598 1674 propter
1613 1633 1742 1664 literam
1756 1634 1834 1663 fina-

972 1691 1038 1722 lem
1060 1701 1091 1721 v.
1115 1691 1234 1721 mittas.
1270 1689 1400 1722 Deinde
1423 1690 1555 1727 retinui,
1586 1691 1674 1730 quod
1702 1691 1834 1720 Lanibi-

946 1758 947 1774 1
971 1754 1033 1775 11116
1064 1744 1097 1775 in
1127 1754 1195 1775 uno
1230 1744 1342 1775 codice
1373 1753 1406 1774 se
1440 1744 1560 1774 vidisse
1590 1744 1704 1774 scribit
1731 1743 1834 1773 iamne

970 1807 1032 1833 vos,
1064 1797 1124 1828 etsi
1155 1797 1349 1837 scripturam
1377 1796 1537 1827 incertam
1567 1797 1673 1827 reddit
1703 1807 1832 1836 corrup-

968 1849 1034 1880 tela
1055 1849 1145 1880 Med.
1176 1853 1208 1880 et
1236 1849 1377 1879 aliorum
1414 1848 1598 1879 Genuam‘os.
1642 1849 1732 1880 Male
1766 1860 1832 1879 cor-

969 1910 1129 1934 rexerunt
1153 1903 1281 1933 Genuae
1303 1913 1366 1934 vos.
1388 1903 1475 1933 Nam
1498 1902 1548 1933 fac
1569 1903 1602 1934 id
1618 1902 1754 1934 Genua-e
1770 1903 1832 1933 fac-

969 1962 1040 1987 tum
1071 1966 1150 1993 esse,
1181 1960 1291 1987 tamen
1325 1966 1392 1986 non
1424 1961 1493 1987 erat
1526 1966 1583 1986 cur
1613 1956 1674 1987 hoc
1709 1967 1830 1988 nomen

969 2020 1044 2040 cum
1067 2010 1101 2040 vi
1124 2010 1220 2040 initio
1242 2009 1446 2050 quaestionis
1469 2015 1654 2050 poneretur.

1010 2064 1074 2095 Per
1098 2063 1266 2095 Herodem.
1305 2064 1400 2095 Idem
1423 2064 1508 2095 liber
1529 2064 1685 2095 Lambini
1715 2065 1829 2095 dabat:

963 2125 1023 2157 per
1056 2116 1189 2147 Erotem.
1228 2116 1382 2147 Fortasse
1413 2121 1509 2148 recte.
1543 2116 1609 2147 Sed
1642 2117 1832 2148 nominatur

968 2168 1114 2200 Herodes
1129 2169 1264 2209 quidam
1279 2169 1365 2199 infra
1379 2169 1478 2200 XIV.
1494 2170 1542 2206 18,
1556 2170 1585 2199 4.
1600 2169 1679 2200 XV.
1692 2169 1740 2207 27,
1755 2171 1832 2200 3.—

969 2222 1149 2252 extorsistis
1174 2228 1223 2253 est
1244 2222 1389 2253 invitum
1412 2223 1547 2253 reddere
1565 2221 1729 2262 coegistis.
1754 2223 1833 2254 Cae-

968 2285 1020 2306 sar
1047 2275 1159 2314 segnis
1189 2280 1259 2306 erat
1291 2275 1326 2305 in
1360 2275 1521 2305 solvendo
1551 2285 1634 2312 aere,
1664 2277 1754 2316 quod
1791 2277 1832 2307 ab

972 2328 1086 2359 Attico
1110 2328 1249 2368 aliisque
1271 2332 1423 2358 mutuum
1445 2332 1637 2368 sumpserat.

1011 2380 1087 2411 Suos
1117 2390 1223 2410 numos
1252 2385 1357 2417 vocat,
1388 2390 1470 2420 quos
1502 2380 1680 2421 Pompeius
1719 2382 1831 2413 Caesa-

969 2435 1012 2465 ris
1035 2444 1139 2475 gener
1161 2435 1228 2465 iam
1251 2444 1307 2475 spe
1330 2444 1405 2465 suos
1427 2435 1574 2475 putabat.

1013 2488 1186 2519 Comedisse
1222 2498 1281 2529 pro
1318 2489 1541 2529 consumpsisse
1577 2489 1739 2521 dicebant.
1781 2491 1830 2522 Cf.

968 2541 1061 2572 Fam.
1092 2540 1155 2572 IX.
1186 2541 1234 2578 18,
1271 2543 1291 2571 4
1329 2541 1523 2572 cantherium
1560 2542 1729 2573 comedisti.
1767 2544 1831 2574 XI.

969 2594 1017 2630 21,
1042 2595 1061 2624 2
1083 2604 1134 2624 res
1157 2604 1253 2624 novas
1275 2593 1408 2635 quaerit,
1444 2604 1505 2624 non
1534 2605 1592 2635 quo
1621 2597 1753 2627 veterem
1785 2607 1830 2627 eo-

969 2645 1099 2677 mederz‘t
1122 2652 1182 2678 cet.

1013 2698 1174 2729 Caesarem
1199 2717 1237 2721 —-
1268 2699 1498 2740 diliyentz'orem
1520 2700 1607 2739 sbre.
1644 2701 1680 2732 Si
1711 2701 1831 2734 Caesar

943 2743 946 2800 Ξ
969 2753 1002 2783 in
1026 2752 1107 2783 villa
1129 2753 1340 2790 aedificanda,
1365 2754 1404 2784 de
1421 2763 1485 2794 qua
1500 2754 1567 2785 vid.
1582 2753 1672 2785 Suet.
1687 2755 1721 2786 in
1737 2755 1829 2787 Caes.

944 2802 945 2808 ¹
967 2804 1007 2834 46
1031 2804 1216 2845 diliyentior
1238 2815 1270 2835 o:
1296 2806 1336 2835 ad
1358 2815 1428 2837 rem
1451 2816 1543 2836 suam
1567 2808 1730 2845 attentior,
1761 2819 1830 2849 par-

967 2858 1036 2888 cior
1059 2858 1114 2897 (cf.
1138 2858 1233 2889 Verr.
1257 2859 1296 2889 L.
1321 2859 1348 2889 I.
1372 2859 1442 2889 126.
1466 2859 1554 2890 Ρ1111.
1578 2870 1626 2900 ep.
1648 2861 1711 2891 IV.
1729 2862 1777 2898 13,
1795 2864 1828 2902 8)

968 2911 1068 2946 fieret,
1087 2910 1149 2940 hoc
1166 2910 1325 2951 Pompeio
1340 2922 1406 2942 non
1425 2916 1552 2952 poterat
1566 2913 1734 2953 ingratum
1749 2923 1828 2945 esse.

943 2973 946 2994 1
968 2965 1160 3006 Requiritur
1198 2971 1309 2997 tamen
1345 2967 1480 3007 aliquid,
1518 2969 1605 3008 quod
1650 2968 1828 3010 Pompeius

969 3029 1064 3060 aegre
1088 3020 1197 3051 ferret.
1220 3021 1297 3051 Non
1320 3021 1444 3058 dubito,
1468 3022 1546 3062 quin
1571 3027 1646 3053 ante
1665 3023 1829 3056 Caesarem

944 3069 946 3093 ἶ
968 3073 1130 3104 exciderit
1153 3084 1218 3103 nec.

1010 3124 1058 3153 Ex
1082 3124 1118 3154 P.
1147 3124 1252 3163 Vedio,
1277 3136 1386 3165 mamm
1420 3127 1579 3158 nebulone.
1615 3129 1741 3160 Vedius
1771 3130 1828 3162 ille

968 3176 1073 3213 Polio,
1098 3177 1189 3208 cuius
1213 3178 1311 3209 luxus
1334 3178 1480 3218 Augusti
1510 3184 1655 3221 tempore
1686 3182 1827 3223 insignis

1857 982 1891 1008 10
