2117 3533
821 175 1144 216 PRAEFATIO.
1775 185 1857 212 xm

107 350 228 389 Nunc
262 349 363 389 solas
397 347 584 402 epistolas
618 345 665 385 ad
703 344 887 384 Atticum
921 343 1103 384 editurus
1138 343 1343 397 vulgatum
1381 343 1557 383 ordinem
1593 342 1757 390 retinui,
1783 342 1858 381 nisi

106 434 242 488 paucis
275 434 316 474 111
350 434 460 481 locis,
495 432 566 472 ubi
600 430 823 484 corrigendi
859 444 1012 470 summa
1045 434 1129 468 erat
1162 428 1390 476 necessitas,
1436 432 1481 467 ut
1514 428 1555 467 in
1592 426 1743 467 ultimis
1781 427 1861 480 epi-

107 519 219 560 stolis
251 518 342 559 libri
377 518 446 558 [V.
493 515 554 556 Cf.
591 515 727 556 adnot.
763 515 884 567 prima
923 513 970 554 ad
1006 512 1080 561 IV,
1119 513 1185 551 16.
1237 511 1314 551 Sed
1348 520 1393 550 ut
1427 510 1645 565 legentium
1693 524 1863 550 commo-

107 603 168 643 dis
202 602 447 643 consulerem
481 599 690 641 elenchum
725 598 1038 645 Gruberianum,
1075 595 1124 637 ab
1159 595 1308 636 Orellio
1341 596 1383 636 in
1419 596 1561 636 Onom.
1605 595 1709 636 Tull.
1753 601 1864 649 parte

106 687 224 728 tertia
256 703 296 741 p.
333 688 541 727 441—424
579 684 806 738 repetitum,
843 683 980 737 paucis
1014 683 1055 722 111
1089 682 1186 722 10015
1232 697 1250 721 a
1294 696 1355 722 me
1399 680 1669 730 emendatum,
1716 682 1864 734 praefa-

107 771 208 812 tioni
242 769 536 812 subiiciendum
570 770 719 810 cm‘avi.

169 855 498 910 Quotiescunque
533 854 821 895 discedendum
857 853 995 907 putavi
1030 868 1049 892 a
1085 852 1296 907 scriptura,
1331 866 1449 906 quam
1485 851 1659 892 Orellius
1692 861 1731 892 et
1777 851 1866 892 Bai-

108 946 216 982 terus
249 942 291 981 in
324 941 442 982 tertio
477 941 679 982 volumine
714 940 890 995 Operum
926 938 1144 987 Ciceronis,
1181 937 1286 992 quod
1322 952 1358 978 a.
1393 935 1699 977 MDCCCXLV
1733 937 1866 977 Turici

108 1024 261 1065 editum
295 1031 368 1075 est,
403 1031 652 1080 receperunt,
688 1025 919 1066 varietatem
953 1024 1063 1065 illam
1098 1023 1288 1072 indicavi,
1324 1023 1471 1063 leviora
1514 1022 1706 1076 quaedam
1754 1022 1868 1062 omit-

110 1114 213 1159 tens,
249 1125 349 1163 quae
384 1110 433 1150 ad
469 1110 795 1165 orthographiam
829 1119 869 1150 ct
903 1109 950 1150 ad
986 1108 1286 1149 distinctionem
1320 1107 1537 1162 pertinent.

172 1194 266 1235 Non
300 1210 459 1249 possum
495 1195 731 1249 praefationi
766 1195 884 1234 finem
918 1193 1046 1234 facere
1081 1193 1165 1234 sine
1199 1197 1311 1246 grata
1344 1191 1718 1233 commemoratione
1748 1193 1868 1232 trium

111 1278 298 1327 virorum,
334 1279 402 1331 qui
436 1278 534 1318 mihi
568 1279 610 1318 in
646 1278 719 1318 hoc
754 1292 869 1332 opere
905 1278 1069 1318 comiter
1104 1276 1299 1317 auxilium
1333 1275 1634 1330 praestiterunt,
1670 1276 1738 1316 sed
1773 1291 1871 1331 quos

111 1377 247 1403 omnes
281 1362 499 1403 exstinctos
533 1362 664 1416 lugeo.
709 1362 870 1402 Primus
904 1361 983 1401 fuit
1015 1360 1254 1414 Tiallingius
1289 1360 1431 1400 Petrus
1466 1359 1662 1413 Tresling,
1699 1362 1872 1402 (311011111-

112 1461 253 1500 ganus,
288 1446 356 1500 qui
390 1462 513 1500 quum
548 1462 652 1487 anno
688 1445 1070 1487 MDCCCXXXIH
1104 1444 1326 1498 elegantem
1360 1443 1674 1499 disputationem
1709 1444 1756 1485 de
1793 1446 1875 1486 vita

113 1532 318 1572 Ciceronis
352 1531 510 1572 literata
544 1532 782 1586 scripsisset,
828 1530 973 1571 deinde
1019 1545 1173 1571 mecum
1220 1546 1288 1585 per
1333 1531 1469 1571 literas
1510 1531 1559 1571 ad
1600 1537 1681 1572 tres
1725 1532 1875 1586 priores

78 1644 81 1645 ν
114 1617 372 1672 epistolarum
405 1616 528 1657 libros
562 1617 776 1658 nonnullas
811 1617 1175 1658 animadversiones
1210 1618 1521 1658 communicavit
1555 1633 1741 1673 measque
1766 1631 1900 1659 acce-'

115 1704 188 1759 pit.
249 1705 376 1745 Erant
415 1704 498 1753 illa,
542 1709 588 1744 ut
631 1704 851 1758 exspectari
894 1707 1078 1758 poterant
1119 1701 1168 1742 ab
1213 1701 1548 1753 adolescentibus,
1572 1703 1653 1757 ‘qui
1693 1703 1874 1744 nondum

115 1789 343 1831 interiorem
379 1804 470 1829 cum
505 1789 663 1843 scriptis
695 1789 892 1829 Tullianis
926 1785 1262 1828 consuetudinem
1294 1786 1523 1827 iunxerant.
1570 1787 1685 1828 Nihil
1720 1788 1799 1829 fere
1835 1789 1875 1829 in

112 1872 193 1913 illis
225 1872 351 1913 literis
384 1873 503 1921 inest,
539 1871 645 1925 quod
680 1886 788 1911 1111110
821 1870 960 1925 probo.
1012 1871 1089 1912 Sed
1117 1871 1366 1925 Treslingius
1399 1886 1511 1912 meus
1544 1872 1623 1912 nisi
1656 1873 1776 1914 variis
1810 1889 1877 1914 110-

116 1957 235 2011 gotiis
269 1956 318 1998 ab
352 1956 415 1997 his
450 1955 594 1997 studiis
639 1955 855 1996 distractus
896 1971 988 1996 mox
1031 1956 1074 1996 in
1118 1956 1205 2011 ipso
1250 1957 1392 1997 aetatis
1432 1957 1526 1998 flore
1571 1964 1696 1999 morte
1741 1964 1878 2014 raptus

116 2049 232 2093 esset,
266 2042 429 2083 meliora
462 2040 677 2095 aliquando
712 2040 880 2081 daturus
913 2046 1011 2090 erat,
1046 2046 1086 2081 et
1119 2055 1192 2094 ego
1228 2056 1436 2095 nunquam
1479 2040 1705 2092 obliviscar,
1751 2059 1876 2098 quan-

116 2134 203 2168 tum
236 2127 321 2168 eius
355 2125 580 2167 adhortatio
614 2140 675 2165 me
712 2125 943 2166 incitaverit
976 2125 1025 2165 ad
1060 2125 1357 2180 suscipiendam
1390 2126 1533 2167 horum
1566 2127 1791 2169 studiorum
1819 2145 1878 2170 ra-

116 2211 282 2253 tionem.

181 2295 300 2346 Quod
334 2295 520 2350 epistolas
555 2310 669 2350 saepe
703 2300 742 2335 et
776 2294 945 2335 multum
979 2295 1101 2336 lectas
1135 2311 1300 2351 meaque
1334 2311 1452 2352 opera
1474 2297 1694 2340 illustratas
1716 2300 1879 2341 tandem

121 2378 335 2433 aliquando
368 2379 410 2419 in
443 2378 651 2433 publicum
684 2379 841 2434 prodire
875 2379 1009 2430 iubeo,
1043 2381 1084 2422 id
1119 2381 1226 2422 haud
1262 2382 1343 2423 scio
1377 2398 1427 2423 an
1462 2398 1542 2424 non
1575 2383 1759 2434 facerem,
1799 2385 1879 2427 nisi

121 2464 265 2505 Petrus
300 2462 555 2504 Hofmannus
589 2463 891 2518 Peerlkampius
925 2466 1082 2520 saepius
1115 2481 1177 2507 me
1212 2467 1444 2518 monuisset,
1480 2472 1526 2508 ut
1559 2484 1579 2509 e
1621 2469 1768 2510 scrinio
1812 2470 1878 2511 de-

123 2562 355 2603 promerem,
391 2563 491 2602 quae
525 2547 741 2603 benignius
776 2548 942 2590 fortasse
976 2565 1096 2604 quam
1131 2551 1262 2592 verius
1296 2551 1384 2592 aliis
1428 2552 1597 2594 utilitati
1638 2553 1738 2594 mihi
1768 2554 1878 2595 laudi

124 2632 205 2673 fore
239 2631 508 2674 existimabat.
542 2633 618 2674 Cui
653 2633 923 2676 adhortationi
957 2651 1148 2690 magnum
1181 2636 1247 2677 1110
1282 2643 1529 2679 momentum
1569 2638 1729 2690 adiecit,
1754 2654 1877 2694 quum

122 2733 210 2758 mea
243 2732 361 2758 causa
394 2718 582 2772 epistolas
615 2719 836 2773 perlegeret
868 2720 1047 2775 mihique
1081 2722 1259 2763 mitteret
1293 2738 1384 2764 suas
1417 2724 1666 2765 coniecturas
1689 2730 1729 2764 et
1753 2724 1879 2779 suspi-

124 2803 257 2844 ciones
291 2803 339 2843 de
374 2802 555 2857 pluribus
588 2804 686 2844 locis
719 2806 929 2860 corruptis.
986 2806 1067 2857 Qui
1102 2807 1249 2858 sciunt,
1284 2823 1363 2862 qua
1396 2809 1519 2850 animi
1555 2809 1780 2850 intentione
1815 2808 1879 2849 ill(¹

126 2903 245 2929 senex
278 2893 456 2928 veterum
491 2887 638 2942 scripta
670 2888 799 2942 legere
833 2889 989 2940 soleret,
1025 2905 1144 2944 quam
1177 2895 1319 2932 acutus
1353 2899 1456 2932 esset
1490 2893 1530 2933 in
1566 2893 1673 2933 vitiis
1718 2909 1879 2934 cernen-

126 2971 202 3022 dis,
238 2986 356 3025 quam
390 2970 557 3012 feliciter
590 2972 721 3014 audax
754 2974 796 3015 in
839 2973 1098 3029 corrigendiS,
1141 2974 1184 3014 in
1227 2975 1292 3025 iis,
1338 2991 1436 3029 quas
1479 2977 1562 3018 suis
1606 2978 1703 3018 locis
1748 2979 1879 3029 attuli,

128 3055 246 3094 otiam
281 3053 441 3107 quando
477 3068 498 3092 a
533 3069 622 3094 vero
657 3053 857 3095 aberrasse
892 3055 1108 3106 videbitur,
1144 3058 1466 3113 Peerlkampium
1503 3067 1732 3111 agnoscent.
