2117 3533
750 156 859 199 LIB.
893 157 968 199 IV.
1003 157 1087 200 ΕΡ,
1124 159 1195 200 17.
1760 160 1846 201 203

93 298 192 333 trem
228 292 314 333 eius
348 290 598 331 ornatissime
632 289 915 342 defendissem,
950 291 1331 334 obnuntiationibus
1364 308 1433 349 per
1467 292 1697 335 Scaevolam
1729 292 1851 334 inter-

92 365 232 421 positis
265 363 435 418 singulis
468 362 611 405 diebus
645 378 773 418 usque
807 364 857 405 ad
890 365 1017 420 pridie
1052 366 1142 407 Kal.
1176 366 1357 417 Octobr„
1405 382 1484 421 quo
1529 381 1601 421 ego
1645 366 1742 407 haec
1787 366 1850 407 die

91 436 246 492 scripsi,
281 436 464 487 sublatis,
498 437 646 491 populo
679 436 865 478 tributim
900 438 1009 480 domi
1042 454 1137 481 suae
1171 440 1431 481 satisfecerat.
1481 440 1559 482 Sed
1591 445 1741 491 tamen,
1775 440 1851 481 etsi

90 509 249 550 uberior
281 508 500 550 liberalitas
533 509 668 560 huius,
703 510 854 564 gratior
898 526 982 552 esse
1028 511 1239 553 videbatur
1281 527 1432 563 eorum,
1481 513 1549 566 qui
1593 517 1850 568 occuparant.

90 582 285 637 Cuperem
317 582 475 623 vultum
509 581 643 623 videre
675 586 807 633 tuum,
843 598 967 637 quum
1000 583 1099 625 haec
1132 585 1298 639 legeres.
1356 586 1463 626 Nam
1497 584 1674 640 profecto
1709 586 1734 630 †
1768 600 1851 626 rem

89 653 210 696 habes
242 654 394 695 nullam
427 654 525 695 haec
558 656 721 710 negotia
753 656 970 697 multarum
996 657 1272 698 nundinarum
1294 657 1392 698 fore.
1443 657 1520 699 Sed
1545 662 1707 699 senatus
1731 657 1850 698 hodie

88 726 217 768 fuerat
249 726 423 777 futurus,
457 726 500 767 id
533 731 606 778 est,
642 728 736 769 Kal.
771 728 1032 770 Octobribus.
1067 730 1155 770 Iam
1188 730 1296 771 enim
1322 730 1497 771 luciscit.
1532 729 1598 771 Ibi
1619 729 1850 784 loqueretur

87 803 242 854 praeter
275 799 446 840 Antium
478 803 518 840 et
551 800 775 840 Favonium
808 800 933 842 libere
966 817 1098 843 nemo.
1140 802 1247 843 Nam
1290 802 1392 844 Cato
1437 806 1632 857 aegrotat.
1677 803 1737 844 De
1786 817 1849 843 me

86 872 189 914 nihil
221 873 403 914 timueris
416 890 427 924 3
462 872 532 913 sed
564 877 699 914 tamen
732 874 923 928 promitto
956 875 1072 916 nihil.
1110 878 1151 916 5.
1185 875 1295 927 Quid
1329 876 1486 930 quaeris
1520 875 1658 917 aliud?
1691 875 1850 916 Iudicia

86 946 217 987 credo.
251 947 422 997 Drusus,
457 947 629 987 Scaurus
662 961 743 988 non
776 947 916 989 fecisse
949 948 1151 990 videntur.
1184 949 1280 989 Tres
1315 948 1519 989 candidati
1548 947 1631 989 fore
1654 947 1711 988 rei
1734 951 1849 1002 puta-

88 1018 247 1071 bantur,
292 1019 496 1060 Domitius
531 1034 553 1059 a
587 1018 794 1071 Memmio,
830 1020 1003 1062 Messala
1044 1036 1066 1062 a
1110 1020 1161 1072 Q.
1206 1021 1397 1076 Pompeio
1443 1021 1563 1071 Rufo,
1609 1022 1782 1062 Scaurus
1826 1036 1849 1061 a

85 1091 238 1133 Triario
272 1096 342 1133 aut
376 1107 398 1133 a
430 1092 478 1133 L.
513 1092 695 1133 Caesare.
736 1092 845 1144 Quid
878 1094 1043 1149 poteris,
1075 1093 1249 1148 inquies,
1283 1109 1354 1150 pro
1387 1093 1437 1134 iis
1482 1093 1638 1135 dicere?
1683 1094 1747 1135 Ne
1791 1093 1848 1134 vi-

86 1181 188 1216 vam,
224 1166 256 1207 si
290 1165 386 1207 scio.
420 1166 470 1207 In
503 1166 582 1207 illis
616 1165 778 1221 quidem
811 1166 941 1208 tribus
974 1166 1102 1218 libris,
1137 1181 1237 1222 quos
1259 1170 1306 1208 tu
1329 1166 1526 1217 dilaudas,
1553 1166 1657 1208 nihil
1679 1166 1846 1223 reperio.

128 1306 146 1336 6
169 1308 202 1337 nt
225 1306 344 1337 nullam
366 1325 407 1330 —

83 1430 279 1467 emendatio,
303 1440 403 1471 quam
431 1431 556 1462 Bakius
584 1431 753 1472 proposuit
782 1431 815 1462 in
846 1431 934 1462 Bibl.
980 1434 1071 1474 qotia
1086 1445 1123 1465 m.
1140 1444 1170 1465 n.
1175 1434 1264 1474 fore.
1279 1435 1487 1475 Mongaltius
1503 1440 1535 1467 et
1549 1435 1745 1468 Wielandus
1761 1442 1847 1468 recte

84 1482 164 1514 Crit.
187 1494 273 1514 nova
295 1484 360 1515 ΙΙΙ.
384 1495 413 1524 p.
437 1485 513 1515 204:
538 1495 627 1526 quum
658 1495 713 1526 eyo
734 1485 841 1525 patris
871 1495 937 1515 eum

83 1537 276 1568 ornamentis
303 1536 367 1578 def.
404 1538 507 1568 solam
535 1538 694 1569 orationis
723 1549 741 1569 a
781 1538 941 1570 Cicerone

84 1601 142 1631 pro
164 1590 287 1622 Scauro
309 1591 439 1623 habitae
462 1592 703 1632 perorationem
725 1592 891 1632 significat
910 1598 942 1623 et

83 1644 215 1684 longius
238 1655 257 1675 a
279 1645 397 1676 tradita
419 1645 580 1686 scriptura
601 1645 699 1676 huius
722 1645 786 1676 loci
808 1645 940 1676 recedit.

83 1698 307 1729 Verisimilior
343 1704 390 1730 est
428 1700 587 1731 correctio
631 1699 820 1731 Heinrichii
857 1700 942 1740 apud

83 1750 240 1782 Beierum
262 1751 295 1781 in
327 1751 443 1791 fragm.
473 1751 577 1783 Oratt.
607 1762 636 1792 p.
667 1752 737 1788 228,
767 1762 858 1794 qaum
887 1762 942 1793 eqo

79 1813 136 1844 pro
153 1805 249 1844 parte
270 1813 337 1834 mea
359 1815 422 1834 rem
452 1804 520 1835 eius
548 1804 747 1836 ornatissime
774 1805 848 1846 def„
880 1805 941 1836 etsi

82 1858 235 1898 equidem
257 1857 389 1888 malim:
412 1868 502 1898 quum
525 1868 581 1898 eqo
597 1868 659 1898 pro
675 1860 772 1898 parte
795 1869 863 1889 mea
875 1868 942 1889 eam

82 1911 281 1942 ornatissime
303 1911 524 1952 defendissem.
559 1913 611 1943 Ita
639 1912 755 1944 Cicero
783 1913 943 1944 indicaret

82 1974 117 1996 se
139 1975 205 1995 non
230 1964 338 1995 solum
360 1969 536 2005 patronum
559 1964 594 1995 in
617 1965 678 1995 hac
705 1975 802 1996 causa
831 1965 941 2003 fuisse,

83 2022 114 2049 et
136 2017 341 2057 reliquorum
363 2017 528 2048 orationes
552 2027 618 2047 non
651 2017 747 2049 valde
777 2018 840 2048 sibi
870 2028 941 2058 pro-

84 2071 154 2102 bari
177 2071 389 2110 significaret.
428 2070 559 2101 Causam
582 2070 719 2112 aliquam
741 2071 943 2102 ornatissime

82 2124 251 2165 defendere
274 2124 414 2164 legimus
437 2134 567 2165 quoque
591 2125 626 2155 in
650 2125 763 2162 Bruto,
787 2126 837 2156 21.

127 2177 422 2208 obnuntiationibus
444 2187 504 2217 per
533 2177 712 2208 Scaevolam
739 2178 944 2219 interpositis.

83 2233 146 2264 His
169 2232 322 2263 ablativis
345 2231 539 2271 designatur
560 2233 725 2272 quomodo
748 2232 817 2263 dies
845 2233 944 2264 comi-

82 2285 175 2317 tiales
214 2293 329 2315 onmes
359 2285 399 2314 ad
433 2284 536 2324 pridie
574 2284 651 2314 Kal.
688 2283 759 2316 Oct.
796 2285 944 2316 sublatae

82 2339 160 2369 sint.
178 2338 219 2376 Q.
236 2337 367 2369 Mucius
384 2337 544 2368 Scaevola
564 2337 638 2367 trib.
653 2337 698 2377 pl.
715 2338 943 2368 obnuntiaudo

82 2391 167 2427 fecit,
201 2400 243 2421 ne
271 2400 329 2431 per
358 2390 442 2420 illud
473 2395 599 2430 tempus
628 2400 704 2420 cum
733 2390 854 2430 populo
890 2390 944 2430 agi

82 2449 201 2485 posset.
232 2443 282 2475 Cf.
313 2444 353 2474 ad
385 2443 425 2480 Q.
454 2442 492 2473 sr.
523 2443 588 2473 111.
620 2444 648 2480 3,
680 2444 715 2474 2:
745 2443 943 2474 Comitiorum

81 2497 219 2539 qnotidie
241 2497 362 2539 sinquli
386 2497 455 2528 dies
478 2497 634 2528 tolluntur
649 2497 944 2528 obnuntiationibus.

122 2551 241 2591 Populo
270 2551 410 2581 tributim
439 2549 521 2579 domi
552 2559 630 2581 suae
663 2549 866 2590 satisfecerat
904 2560 937 2581 o:

81 2614 199 2636 numos
221 2604 448 2645 pronuntiatos
474 2604 617 2635 solverat
648 2603 779 2645 populo.
816 2604 856 2634 In
885 2604 944 2634 tali

80 2658 256 2698 largitione
278 2658 406 2698 saepius
428 2658 466 2689 fit
488 2657 621 2688 tribuum
645 2657 779 2689 mentio.
804 2656 854 2688 Cf.
872 2656 942 2688 Att.

82 2713 110 2743 1.
133 2713 184 2750 16,
207 2713 255 2743 13.

125 2764 185 2804 Qui
199 2766 402 2804 occuparant.
426 2763 580 2800 Scaurus,
598 2763 755 2803 quamdiu
772 2772 846 2794 reus
863 2768 941 2800 erat,

80 2822 189 2858 petere
218 2828 284 2849 non
320 2823 480 2858 potuerat.
526 2818 643 2857 Itaque
679 2816 737 2847 alii
775 2817 940 2847 candidati

80 2871 222 2902 Messala
245 2876 277 2902 et
307 2870 482 2907 Domitius,
513 2870 569 2910 (cf.
599 2871 616 2909 ξ
647 2871 681 2909 3)
711 2870 823 2910 populi
853 2870 940 2900 favo-

79 2935 149 2957 rem
176 2927 242 2957 suis
274 2926 370 2957 donis
408 2931 484 2957 ante
521 2925 684 2957 Scaurum
716 2930 939 2966 captaverant,

81 2979 205 3019 priores
227 2979 395 3010 dederant.

124 3031 223 3072 Quum
244 3032 322 3062 haec
343 3031 474 3071 leqeres.
496 3032 605 3062 Immo
628 3030 723 3070 leqes,
747 3035 782 3061 ut
809 3031 940 3062 volebat

84 3084 281 3116 Gronovius.

122 3138 199 3169 Nam
217 3139 361 3179 profecto
383 3141 399 3177 †
422 3149 485 3170 rem
509 3139 603 3169 habes
633 3138 752 3169 nullam
783 3139 860 3170 haec
889 3150 938 3170 ne-

988 1492 1224 1528 perspexerant
1257 1488 1308 1519 his
1342 1489 1451 1520 verbis
1492 1490 1585 1529 tangi
1615 1489 1718 1527 fenus,
1755 1491 1843 1530 quod

986 1540 1120 1571 Atticus
1156 1541 1340 1571 exercebat.
1376 1540 1412 1572 Si
1444 1541 1626 1574 immensae
1654 1542 1847 1583 largitiones

986 1601 1044 1633 per
1074 1592 1215 1632 longum
1248 1597 1377 1633 tempus
1408 1594 1533 1631 fierent,
1564 1593 1658 1625 fenus
1687 1599 1848 1626 cresceret

987 1652 1018 1679 et
1040 1647 1184 1684 Atticus,
1208 1652 1244 1678 ut
1267 1647 1409 1688 legimus
1432 1658 1481 1689 ep.
1506 1649 1554 1686 15,
1579 1649 1606 1687 7,
1629 1650 1692 1681 hoc
1708 1660 1769 1681 non
1788 1660 1846 1681 mo-

986 1701 1066 1731 leste
1080 1700 1199 1740 ferret.
1223 1700 1415 1732 Sententiae
1438 1702 1607 1743 aptissima
1621 1708 1670 1734 est
1688 1703 1847 1734 Lambini

987 1754 1191 1784 emendatio:
1223 1772 1264 1776 —
1291 1763 1374 1794 spem
1401 1763 1464 1785 non
1492 1754 1586 1786 habes
1619 1756 1738 1786 nuttam
1775 1760 1845 1794 cet„

987 1807 1040 1838 vel
1063 1808 1189 1848 potius:
1212 1817 1292 1848 spem
1315 1808 1409 1839 habes
1431 1809 1625 1847 nonnullam,
1649 1819 1733 1851 quae
1755 1819 1845 1850 prae-

987 1861 1122 1892 tulerim
1144 1862 1324 1902 suspicioni
1346 1861 1594 1903 Wesenbergii:
1613 1862 1693 1894 Nam
1708 1863 1850 1904 profecto

986 1925 1037 1945 res
1059 1914 1286 1946 dubitationem
1308 1916 1399 1947 habet
1422 1917 1543 1947 nullam
1578 1922 1639 1948 cet.
1669 1922 1701 1948 et
1730 1917 1775 1948 H.
1805 1917 1850 1948 A.

987 1968 1125 1999 Kochii:
1149 1967 1229 1999 Nam
1244 1979 1279 2008 p.
1303 1978 1385 2009 spem
1414 1969 1553 2000 habuisti
1580 1970 1713 2001 nattam.

1028 2021 1164 2052 Senatus
1185 2022 1277 2053 hodie
1289 2022 1406 2062 fuerat
1420 2022 1569 2063 saturas.
1591 2023 1756 2056 Latinitas
1780 2034 1850 2065 pos-

987 2077 1086 2108 tulat:
1112 2079 1180 2108 erat
1193 2077 1340 2117 ficturus.

1031 2129 1164 2160 Praeter
1186 2130 1315 2161 Antium
1338 2132 1368 2162 et
1390 2130 1572 2161 Favonium.
1602 2131 1669 2162 Hic
1694 2131 1771 2162 satis
1794 2142 1850 2163 no-

991 2188 1043 2214 tus
1067 2187 1114 2214 est
1136 2192 1179 2214 ex
1202 2183 1309 2224 epistt.
1332 2183 1404 2215 Att.
1425 2184 1470 2215 II.
1495 2185 1522 2221 1,
1547 2185 1575 2221 9,
1601 2184 1642 2222 Q.
1665 2184 1704 2215 fr.
1721 2185 1766 2222 II,
1782 2187 1811 2222 3,
1827 2186 1847 2216 2

990 2238 1128 2278 aliisque
1151 2238 1249 2275 locis;
1273 2238 1391 2269 Antias
1413 2239 1512 2279 plane
1534 2239 1679 2279 ignotus.
1702 2238 1739 2270 Si
1762 2240 1849 2271 idem

990 2297 1049 2328 est,
1072 2292 1129 2332 qui
1148 2292 1247 2332 paulo
1272 2297 1350 2323 ante
1373 2292 1460 2323 inter
1482 2292 1607 2324 iudices
1630 2297 1717 2324 sorte
1739 2294 1849 2333 desig-

991 2348 1087 2375 natus
1109 2343 1210 2375 fuisse
1232 2344 1336 2375 dictus
1360 2350 1418 2382 est,
1441 2345 1677 2385 corrigendum
1699 2350 1748 2376 est
1755 2355 1850 2384 prae-

990 2399 1038 2427 ter
1069 2397 1225 2428 Bantiam.
1265 2397 1419 2438 Cogitavi
1449 2403 1559 2429 tamen
1590 2398 1689 2429 etiam
1717 2399 1757 2429 de
1786 2399 1850 2429 An-

993 2450 1083 2481 tistio
1106 2451 1229 2482 Vetere
1252 2451 1320 2488 illo,
1344 2452 1384 2482 de
1407 2461 1472 2492 quo
1495 2461 1569 2481 cum
1595 2451 1692 2482 laude
1722 2451 1851 2492 scripsit

991 2509 1142 2535 extremo
1164 2514 1192 2535 a.
1216 2504 1276 2535 698
1300 2505 1333 2536 in
1358 2514 1406 2545 ep.
1430 2505 1471 2536 ad
1495 2505 1537 2543 Q.
1559 2504 1600 2535 fr.
1622 2505 1668 2536 H.
1693 2506 1721 2542 1,
1746 2507 1774 2536 3.

1032 2557 1050 2596 ξ
1061 2559 1090 2588 5.
1104 2557 1174 2588 Non
1178 2557 1299 2597 fecisse
1308 2557 1466 2589 videntur.
1475 2557 1645 2590 Solemnis
1654 2558 1849 2589 absolvendi

991 2611 1143 2648 formula,
1166 2615 1203 2641 ut
1224 2616 1347 2648 contra,
1371 2611 1427 2652 qui
1462 2612 1777 2649 condemnabantur,
1796 2611 1851 2651 fe-

990 2664 1068 2695 cisse
1085 2663 1186 2694 videri
1198 2665 1512 2705 pronuntiabantur.
1531 2664 1582 2696 Cf.
1594 2665 1699 2696 Acad.
1715 2666 1761 2702 ΙΙ,
1779 2665 1849 2695 146.

990 2717 1085 2748 Verr.
1095 2717 1138 2748 V.
1148 2717 1197 2747 14.
1207 2717 1274 2748 Pis.
1283 2716 1332 2750 97.
1346 2717 1537 2749 Brissonius
1552 2718 1592 2749 de
1604 2717 1716 2748 Form.
1725 2717 1767 2748 V.
1777 2717 1849 2748 218.

1030 2769 1058 2799 Α
1082 2768 1233 2807 Memmio,
1264 2769 1397 2801 tribuno
1428 2770 1472 2810 pl.
1506 2769 1547 2800 cf.
1576 2770 1617 2801 ad
1646 2769 1687 2809 Q.
1717 2769 1755 2800 fr.
1784 2770 1848 2801 III.

989 2824 1016 2861 l,
1041 2824 1078 2854 15
1103 2828 1134 2854 et
1157 2824 1185 2861 2,
1209 2825 1239 2855 3.

1029 2876 1077 2907 Ne
1099 2876 1209 2915 vivam,
1231 2878 1261 2908 si
1279 2877 1354 2909 scio.
1377 2877 1427 2910 Cf.
1450 2879 1491 2908 ad
1513 2878 1613 2909 VIII.
1638 2878 1666 2915 6,
1690 2880 1718 2909 3.

1030 2929 1070 2959 In
1092 2930 1162 2960 iltis
1184 2949 1217 2953 —
1247 2929 1347 2968 libris,
1376 2931 1416 2961 de
1446 2930 1594 2962 Oratore.
1630 2929 1743 2961 Tribus
1773 2940 1849 2961 curn

987 2982 1130 3013 Ernesto
1159 2983 1351 3022 glossatoris
1381 2992 1450 3014 esse
1487 2988 1577 3023 puto.
1612 2982 1774 3013 Dilaudas
1813 2982 1847 3013 in

986 3034 1089 3066 simili
1112 3045 1146 3067 re
1168 3035 1290 3067 dicitur
1311 3034 1399 3066 infra
1421 3035 1482 3066 VI.
1506 3035 1534 3072 2,
1559 3035 1588 3066 9.
1611 3036 1640 3072 3,
1663 3036 1692 3066 3.

1870 960 1905 986 10
