2117 3533
723 166 831 208 LIB.
866 167 917 208 V.
951 167 1036 208 ΕΡ.
1073 169 1113 208 4.
1150 167 1191 208 5.
1756 171 1839 211 217

85 304 200 346 neius
232 306 273 344 et
303 302 475 343 Tullius.
522 304 559 344 3.
592 302 706 354 Quae
739 301 788 342 de
823 301 972 343 Sicinio
1013 302 1177 354 audisti,
1217 318 1263 344 ea
1306 303 1405 345 mihi
1446 303 1682 360 proban'uur,
1726 304 1844 346 modo

84 393 135 419 ne
166 376 236 417 ifla
267 377 448 432 exceptio
480 376 524 417 111
557 375 731 430 aliquem
763 375 943 417 incurrat
975 376 1076 417 bene
1111 377 1159 418 (16
1192 375 1309 418 nobis
1350 378 1552 419 merit-um.
1604 377 1682 420 Sed
1715 379 1843 419 consi-

85 448 334 501 derabimus,
368 465 451 490 rem
485 449 592 490 enim
623 448 763 504 probo.
806 449 866 489 De
900 454 1036 490 nost-ro
1068 450 1226 500 itinere,
1261 465 1385 505 quum
1422 455 1611 502 statuero,
1647 451 1696 493 (16
1730 452 1845 506 quin-

85 536 161 576 que
193 521 415 577 praefectis,
451 522 548 577 quid
582 522 796 577 Pompeius
829 522 1008 563 facturus
1042 523 1107 573 sit,
1143 538 1265 577 quum
1301 538 1348 563 ex
1380 523 1467 578 ipso
1491 539 1678 578 cognoro,
1702 524 1845 565 faciam

83 598 130 635 ut
162 594 276 635 scias.
331 594 391 635 De
424 595 556 651 Oppio
590 594 690 635 bene
725 595 888 645 curasti,
925 595 1031 649 quod
1065 595 1100 635 61
1135 602 1236 637 neoc.
1281 595 1520 650 exposuisbi:
1567 596 1702 651 idque,
1749 612 1844 652 quo-
1885 618 1898 641 3

83 667 192 707 niam
224 666 488 707 Philotimum
521 666 659 716 habes,
695 667 838 721 perfice
873 672 913 707 et
946 681 1139 721 cognosce
1172 668 1382 717 rationem,
1425 672 1478 718 et,
1529 673 1571 708 ut-
1616 684 1731 723 agam
1765 685 1844 710 am-

83 739 203 795 plius,
238 739 271 780 si
303 754 365 780 me
399 754 521 790 amas,
555 739 666 794 prius
700 754 818 792 quam
853 739 1127 794 proficiscaris,
1152 740 1284 791 effice3
1318 754 1464 794 magna
1486 755 1548 781 me
1573 756 1667 782 cura
1689 742 1845 784 levaris.

87 815 126 853 4.
161 811 299 853 Habes
332 812 382 853 ad
415 811 562 853 omnia.
597 812 687 853 Etsi
720 827 844 867 paene
878 811 1066 867 praeterii
1099 811 1278 852 chartam
1310 811 1388 853 tibi
1411 812 1568 864 deesse,
1603 828 1689 854 mea
1714 815 1846 870 captio

83 890 156 935 est,
191 884 389 938 siquidem
422 885 507 926 eius
540 885 677 940 inopia
709 885 843 926 minus
877 884 1004 925 multa
1037 884 1087 926 ad
1120 900 1183 925 me
1217 884 1372 926 scribis.
1418 885 1481 926 Tu
1514 901 1606 927 vero
1640 887 1750 928 aufer
1774 887 1846 929 (16-

83 962 220 999 6611ῑο8
255 981 312 986 -
346 958 422 999 61381
454 973 583 999 meam
615 958 658 999 in
692 973 737 998 eo
771 958 1057 1013 parsimoniam
1090 958 1211 999 huius
1244 959 1414 1013 paginae
1457 960 1678 1000 contrac‘cio
1725 961 1845 1014 signi—
1868 981 1903 1006 10

83 1031 176 1072 ficat
210 1056 266 1061 —
301 1030 398 1071 dum
432 1035 520 1072 acta
553 1035 593 1072 et
624 1045 803 1071 rumores
836 1030 898 1071 vel
933 1030 1069 1081 etiam,
1105 1031 1139 1071 si
1172 1046 1251 1085 qua
1284 1037 1391 1072 certa
1424 1031 1547 1072 habes
1581 1032 1629 1073 de
1663 1032 1846 1084 Caesare,

81 1108 281 1159 exspec‘co.
315 1104 471 1145 Literas
505 1106 550 1145 et'
577 1104 664 1146 aliis
699 1105 766 1159 (et)
801 1104 1032 1159 Poniptinio
1055 1103 1103 1145 (16
1126 1103 1312 1145 omnibus
1335 1104 1455 1146 rebus
1479 1105 1693 1160 diligen‘ner
1717 1106 1847 1149 dabis.

125 1250 143 1281 3
165 1249 246 1291 quod
264 1252 406 1281 statuero
427 1268 469 1273 —-
491 1250 510 1281 9
532 1249 625 1291 aufer
646 1249 803 1280 ducentos.
828 1247 898 1279 Etsi
920 1266 960 1270 —
982 1257 1118 1280 rumores
1140 1249 1247 1280 vellet.
1270 1248 1337 1279 Iam
1362 1268 1402 1272 —
1424 1250 1464 1280 12
1486 1252 1629 1289 e.z·spect0
1645 1249 1790 1286 littera&
1819 1252 1849 1280 ec

83 1303 167 1334 alias
189 1302 365 1344 Pomptinio
385 1320 427 1325 —

81 1430 234 1462 lectionis
256 1430 292 1461 in
315 1431 409 1461 codd.
430 1430 560 1461 monuit
593 1430 762 1461 Victorius
792 1430 826 1460 in
856 1430 941 1460 euris
968 1436 970 1477 J
990 1429 1094 1459 cautio
1117 1431 1164 1460 est
1187 1440 1218 1460 o:
1243 1430 1325 1460 mihi
1340 1432 1524 1462 cavendum
1543 1438 1599 1470 est,
1624 1442 1665 1464 ne
1678 1433 1738 1464 tibi
1753 1434 1847 1471 desit,

83 1483 197 1521 tertiis,
220 1493 251 1524 p.
275 1483 314 1514 21
344 1483 422 1514 edit.
451 1483 562 1514 Turic.
591 1493 618 1513 a.
650 1483 741 1513 1840.
772 1483 862 1514 Med.
890 1482 943 1513 hic
968 1480 1074 1528 lrecte
1096 1483 1261 1513 revocavit
1282 1483 1367 1514 hanc
1398 1485 1492 1515 codd.
1523 1485 1700 1517 lectionem
1731 1496 1748 1516 a
1778 1487 1848 1517 Ma-

84 1535 183 1566 habet
205 1535 353 1566 Annium.
376 1554 416 1558 —
438 1536 543 1566 Tullii
564 1544 766 1577 praenomen
788 1535 829 1566 L.
859 1544 876 1565 a
906 1535 943 1565 li·
987 1536 1113 1577 laspina
1136 1537 1265 1578 copiose
1288 1538 1467 1569 defensam.
1501 1539 1610 1579 Captio
1634 1545 1683 1571 est
1705 1540 1792 1571 fraus
1816 1546 1847 1572 et

86 1588 200 1619 brariis
222 1588 276 1619 hic
298 1589 457 1619 omissum
478 1595 567 1629 puto.
966 1586 1076 1628 {quod
1108 1589 1186 1620 inde
1215 1590 1317 1621 oritur
1352 1591 1520 1628 damnum,
1555 1597 1591 1622 ut
1621 1593 1706 1633 apud
1739 1593 1847 1624 Plaut.

124 1642 142 1681 ἓ
165 1643 194 1673 3.
217 1641 265 1672 De
287 1641 413 1673 Sicinio.
435 1642 621 1683 Malaspina
643 1642 723 1673 haee
746 1642 787 1672 ad
801 1641 942 1672 edictum
966 1632 967 1679 1
987 1643 1086 1674 Most.
1108 1644 1174 1674 III.
1198 1645 1226 1680 3,
1250 1644 1298 1674 19.
1322 1644 1368 1675 Ne
1389 1644 1466 1685 quid
1479 1645 1618 1685 captioni
1633 1646 1709 1677 mihi
1721 1647 1773 1677 sit.
1798 1647 1847 1678 Cf.

86 1696 288 1737 provinciale
310 1697 409 1728 refert
431 1703 464 1728 et
486 1707 529 1728 ex
551 1707 621 1738 sup.
645 1706 693 1737 ep.
727 1699 744 1738 ξ
774 1697 793 1727 ’2
820 1695 942 1726 Licinio
966 1692 967 1700 ¹
987 1696 1146 1728 Ernestus
1176 1698 1210 1728 in
1241 1698 1335 1729 Clavi
1366 1708 1389 1729 8.
1420 1709 1450 1729 v.
1481 1705 1511 1730 er
1546 1700 1669 1731 Parcus
1700 1701 1734 1731 in
1764 1702 1848 1732 Lex.

85 1750 265 1790 legendum
286 1755 387 1791 putat.
423 1751 496 1791 Ego
518 1751 553 1782 in
576 1760 611 1782 re
640 1751 763 1782 incerta
794 1749 941 1780 Sicinium
991 1748 1072 1780 Crit.
1095 1760 1125 1790 p.
1151 1750 1220 1782 172.

85 1813 151 1833 non
175 1804 362 1834 removebo.
1032 1803 1111 1835 Dzmz
1134 1807 1207 1835 aeta
1230 1807 1261 1835 et
1283 1815 1422 1836 rumores
1444 1811 1504 1837 cet.
1540 1807 1657 1838 uHaec
1687 1813 1849 1848 corrupta.

130 1855 226 1896 Quum
249 1858 402 1888 sz‘aluero.
426 1856 482 1888 Sic
505 1857 593 1888 edidi
616 1866 659 1888 ex
681 1861 768 1888 certa
791 1856 941 1887 emenda-
989 1859 1069 1889 Dum
1091 1860 1165 1888 acta
1188 1860 1218 1888 el
1241 1868 1381 1889 rumores
1405 1859 1489 1898 (scil.
1513 1866 1602 1899 sunt)
1628 1860 1676 1890 cel
1698 1860 1803 1897 eliam,
1822 1861 1852 1890 Se?

85 1910 174 1941 tione
196 1910 436 1951 Wesenbergii,
459 1911 598 1942 Emend.
621 1921 652 1951 p.
674 1912 724 1941 45.
988 1906 1136 1945 Stinneri
1159 1922 1246 1953 susp.
1264 1913 1383 1943 Malim
1406 1914 1573 1953 equidem:
1592 1913 1714 1944 Dudum
1730 1916 1804 1945 aeta
1821 1917 1849 1944 et

128 1963 178 1993 De
198 1963 332 2005 quinque
350 1963 534 2004 praefectis.
558 1964 610 1995 Cf.
633 1973 682 2004 ep.
706 1962 724 1995 7
746 1963 779 1993 h.
804 1964 826 1994 l.
967 1966 970 1982 ²
988 1975 1125 1997 rumores
1148 1966 1233 2006 (scil.
1257 1975 1299 1997 ex
1316 1975 1405 2007 seqq.
1423 1967 1660 2008 supplendum:
1678 1971 1846 2008 exspecto)

129 2015 178 2046 De
205 2015 301 2056 Oppio
323 2021 384 2048 eet.
407 2016 456 2047 Cf.
479 2017 520 2047 ad
543 2025 591 2057 ep.
616 2017 643 2053 1,
668 2016 687 2047 2
708 2016 740 2046 h.
764 2016 786 2047 1,
967 2019 1038 2050 'vel
1059 2019 1162 2056 etiam,
1185 2018 1248 2049 si.''
1271 2018 1426 2050 Orellius.
1442 2020 1514 2059 Ego
1537 2020 1646 2051 verbis
1669 2021 1765 2052 aliter
1787 2021 1849 2052 dis-

130 2068 282 2109 Cogsnosce
303 2069 454 2099 rationem
479 2078 512 2099 o:
536 2069 611 2100 vide
635 2069 716 2109 quid
737 2069 884 2100 debeam.
967 2071 969 2093 ⁴¹
988 2072 1098 2104 tinctis
1121 2073 1231 2103 1066111
1254 2081 1385 2104 sanasse
1408 2072 1492 2104 mihi
1514 2073 1637 2104 videor.
1672 2074 1728 2104 Ad
1751 2074 1850 2115 impe-

132 2121 170 2151 Ut
191 2132 281 2162 aqam
311 2121 453 2161 amplias.
493 2122 586 2152 Haec
615 2126 763 2161 suspecta
792 2121 969 2162 Malaspi-¹

88 2185 159 2212 nae,
183 2175 240 2216 qui
262 2185 332 2206 voc.
356 2175 499 2215 amplius,
529 2184 726 2215 quacunque
748 2175 874 2205 ratione
898 2184 947 2205 66-

87 2229 234 2269 cipiatur,
265 2234 379 2269 aptum
409 2237 479 2259 esse
502 2234 612 2268 negat.
648 2229 762 2268 Itaque
793 2228 944 2268 corrigit:

88 2283 129 2317 et,
160 2283 194 2311 ul
222 2290 261 2311 ne
291 2291 393 2321 anyer
423 2280 556 2320 amplius
587 2298 629 2302 —
657 2280 749 2321 effice.
793 2281 841 2311 At
869 2289 946 2311 vero

88 2337 116 2366 I.
139 2336 193 2366 Fr.
223 2335 411 2367 Gronovius
442 2336 455 2375 ζ
457 2336 491 2366 111
532 2336 619 2366 Add.
648 2334 781 2366 Graevii
810 2335 943 2376 citatus)
967 2368 968 2376 ἵ

88 2398 180 2422 acute
210 2392 382 2431 vulgatum
411 2396 519 2422 (66161-
549 2391 735 2430 explicans:
768 2404 781 2416 a
793 2395 829 2420 ut
860 2377 968 2437 locu-l

90 2446 208 2486 pletior
230 2446 302 2483 sim,
325 2455 367 2477 ne
390 2445 452 2476 sim
472 2445 507 2476 in
530 2445 725 2485 angustiis.'’'¹
967 2438 968 2455 ¹

130 2499 149 2538 ξ
171 2499 201 2528 4.
224 2498 297 2528 Mea
320 2498 422 2538 captio
445 2500 500 2528 est.
523 2497 677 2535 Orellius,
702 2498 759 2538 qui
781 2498 815 2528 in
838 2497 946 2538 priore

89 2550 234 2582 editione
256 2554 333 2581 vett.
357 2550 517 2581 editiones
539 2555 669 2581 secutus
697 2550 846 2582 dederat:
877 2560 945 2580 mea

721 2656 767 2697 V.

834 2656 899 2709 (A.
941 2657 986 2698 U.

989 2125 1132 2156 rativum
1154 2124 1248 2164 aufer
1271 2124 1386 2165 supple
1409 2135 1428 2155 a
1451 2134 1508 2156 me.
1538 2125 1699 2156 Ducentos
1720 2127 1850 2158 dicatne

990 2189 1097 2210 numos
1127 2180 1166 2209 ad
1196 2179 1342 2209 chartam
1372 2181 1557 2217 emendam,
1587 2190 1629 2211 an
1658 2189 1768 2221 scapos
1796 2191 1849 2222 pa-

990 2233 1062 2273 pyri
1084 2233 1247 2263 incertum
1269 2237 1327 2263 est.
1360 2232 1443 2263 Acta
1474 2238 1558 2270 sunt,
1588 2243 1672 2274 quae
1702 2235 1735 2264 in
1769 2235 1850 2266 111-116

997 2291 1151 2326 aguntur.
1172 2286 1314 2326 Reliqua
1335 2285 1381 2316 sic
1404 2287 1575 2318 scribenda
1597 2297 1732 2318 censeo:
1768 2288 1849 2319 Lite-

991 2350 1044 2370 ras
1067 2342 1097 2369 et
1121 2338 1197 2369 aliis
1219 2340 1280 2378 (et)
1310 2338 1480 2379 Pomptinae
1502 2339 1541 2370 de
1573 2350 1653 2371 omn.
1683 2341 1773 2371 rebus
1803 2342 1850 2372 di-

990 2394 1125 2433 liyeater
1147 2393 1247 2424 (labis.
1269 2394 1310 2424 In
1333 2394 1451 2434 quibus
1473 2394 1549 2424 aliis
1563 2400 1610 2425 est
1626 2405 1643 2426 e
1659 2396 1744 2426 libro
1760 2397 1850 2427 Med.

990 2445 1117 2477 Similis
1141 2446 1230 2476 iocus
1252 2446 1292 2476 de
1314 2446 1446 2477 chartae
1472 2447 1610 2487 penuria
1643 2454 1692 2479 est
1722 2448 1756 2479 in
1786 2449 1850 2488 epi-

990 2499 1073 2530 stola
1096 2499 1136 2530 ad
1158 2498 1361 2536 Trebatium,
1385 2498 1478 2530 Fam.
1502 2499 1584 2530 VII.
1608 2501 1657 2537 18,
1681 2502 1710 2531 2.

1024 2658 1065 2697 C.
1105 2657 1221 2711 703.)

154 2772 194 2811 1.
228 2769 352 2811 Plane
386 2770 498 2811 deest
531 2770 636 2825 quod
671 2769 855 2812 scribam.
905 2771 1011 2811 Nam
1055 2786 1129 2812 1166
1170 2771 1277 2826 quod
1321 2773 1507 2814 mandem
1551 2774 1699 2826 habeo;
1746 2777 1849 2818 nihil

89 2841 196 2883 enim
228 2842 550 2897 praetermissum
583 2847 666 2883 es‘c:
701 2857 775 2883 nec
809 2842 917 2897 quod
949 2858 1130 2895 narrem,
1165 2845 1260 2886 novi
1293 2845 1401 2886 enim
1434 2846 1558 2887 nihil:
1595 2862 1668 2888 1166
1690 2848 1851 2890 iocandi

131 2984 151 3014 2
173 2984 276 3015 Plane
299 2984 347 3014 m'l
369 2985 415 3014 est
437 3001 478 3005 —
500 2982 575 3024 quid
595 2983 737 3014 mandem
759 3001 800 3005 —
821 2983 840 3013 3
863 2984 938 3024 quid
959 2994 1084 3016 narrem
1105 3003 1148 3008 —

132 3096 151 3136 ξ
173 3097 202 3127 1.
224 3096 326 3129 Plane
347 3098 435 3129 deest
456 3099 538 3141 quod
553 3100 694 3131 scribam.
718 3101 745 3131 E
761 3101 850 3132 Med.
877 3111 944 3132 cor-
987 3103 1060 3144 pius
1083 3104 1174 3136 abest
1196 3115 1213 3135 a
1235 3105 1342 3146 prima
1374 3107 1533 3148 scriptura
1561 3107 1597 3138 id
1624 3110 1680 3139 est.
1721 3108 1772 3140 Cf.
1802 3119 1851 3150 ep.

93 3149 236 3183 rect-ione
257 3151 330 3183 aliis
358 3153 465 3194 placet-
496 3153 545 3184 nil
576 3156 631 3185 est.
668 3153 735 3186 Sed
762 3154 846 3185 illud
874 3165 945 3196 pro-

988 3156 1016 3193 3,
1040 3157 1069 3186 3.
1093 3155 1162 3187 Iam
1198 3157 1286 3188 deest
1307 3158 1390 3200 quod
1409 3159 1554 3198 scribam,
1577 3165 1608 3192 et
1635 3170 1732 3203 saepe
1759 3161 1850 3193 alias.
