2117 3533
249 146 302 185 12

647 145 730 185 ΕΡ.
764 143 840 184 AD
873 143 918 183 T.
953 141 1302 184 POMPONIUM
1335 139 1597 182 ATTICUM.

245 281 427 323 credibili
460 297 504 322 ac
538 281 730 336 singulari
763 279 901 336 populi
934 278 1140 320 voluntate
1168 278 1217 319 (16
1235 278 1282 320 C.
1302 277 1440 319 Macro
1463 276 1744 330 transegimus.
1779 274 1856 316 Cui
1877 289 2000 329 quum

245 354 360 408 aequi
393 354 619 404 fuissemus,
667 358 802 395 tamen
834 352 960 394 multo
993 352 1182 393 maiorem
1222 351 1397 392 fructum
1438 366 1486 392 ex
1528 349 1666 406 populi
1705 348 1998 391 existimatione

243 426 312 467 illo
346 426 532 467 damnato
582 425 772 481 cepimus,
808 440 927 480 quam
960 440 1008 465 ex
1039 423 1179 479 ipsius,
1216 424 1248 464 si
1282 423 1487 464 absolutus
1521 427 1636 472 esset,
1671 422 1798 477 gratia
1831 421 1998 476 cepisse-

244 514 346 540 mus.
394 501 434 539 3.
469 498 588 550 Quod
622 498 672 539 ad
705 513 767 539 me
801 498 849 539 de
884 496 1157 538 Hermathena
1191 496 1344 546 scribis,
1378 511 1447 551 per
1480 495 1580 536 mihi
1613 499 1771 549 gratum
1804 499 1877 535 est.
1926 494 2000 534 Est

216 577 523 618 5ornamentum
555 571 794 613 Academiae
828 571 1033 626 proprium
1065 585 1189 620 meae,
1225 569 1330 624 quod
1375 575 1414 610 et
1458 569 1877 610 Hermes-commune
1917 581 1997 608 0111-

242 645 356 685 nium
389 650 429 685 et
462 645 645 686 Minerva
679 644 879 699 singulare
912 648 972 684 est
1005 642 1090 684 eius
1122 642 1333 698 gymnasii.
1369 641 1502 692 Quare
1535 640 1668 691 velim,
1691 644 1738 681 ut
1759 640 1913 692 scribis,
1939 655 1999 681 ce-

241 717 336 757 teris
371 732 527 772 quoque
561 717 679 758 rebus
713 732 832 771 quam
864 715 1046 771 plurimis
1070 730 1161 756 eum
1179 714 1312 755 locum
1335 729 1464 755 ornes.
1498 713 1611 765 Quae
1633 712 1734 754 mihi
1751 717 1868 754 antea
1888 712 2002 767 signa

243 789 399 840 misisti,
434 805 479 831 ea
511 790 692 831 nondum
725 789 821 831 vidi.
855 790 905 830 In
940 788 1152 829 Formiano
1186 793 1292 838 sunt,
1329 802 1406 842 quo
1440 802 1513 841 ego
1545 801 1654 828 nunc
1677 786 1874 842 proficisci
1894 786 1999 841 cogi-

240 863 389 904 tabam.
423 863 499 905 ma
532 864 665 905 omnia
696 864 739 904 in
771 862 1044 904 Tusculanum
1077 860 1307 916 deportabo.
1343 860 1534 911 Caietam,
1558 860 1591 900 si
1612 859 1772 914 quando
1796 858 2001 901 abundare

197 948 229 973 1⁰
242 951 420 991 coepero,
455 935 617 977 ornabo.
652 935 794 977 Libros
827 940 918 976 tuos
952 948 1140 975 conserva
1183 938 1223 974 et
1263 932 1345 974 noli
1379 932 1585 988 desperare
1619 947 1685 974 eos
1718 948 1781 974 me
1813 947 1922 973 meos
1945 931 2000 972 fa-

242 1024 328 1050 cere
360 1024 488 1064 posse.
523 1007 642 1059 Quod
676 1008 709 1049 si
742 1021 941 1062 assequor,
977 1020 1118 1061 supero
1153 1005 1339 1046 Crassum
1372 1004 1524 1046 divitiis
1548 1009 1667 1059 atque
1694 1004 1874 1046 omnium
1892 1004 2001 1045 vicos

241 1087 281 1123 et
312 1087 426 1138 prata
459 1085 685 1123 contemno.

280 1250 300 1278 4
318 1249 445 1289 yratum
468 1249 523 1284 est,
547 1248 578 1277 et
599 1246 814 1277 ornamentum
835 1262 876 1266 ——
899 1246 915 1275 5
938 1233 1065 1292 Ἐρμῆς
1088 1262 1128 1267 -—
1150 1243 1168 1274 6
1191 1246 1238 1275 est
1261 1244 1383 1285 insi-qne
1405 1242 1471 1274 eius
1484 1242 1652 1285 qymnasii.

241 1394 269 1424 9.
294 1392 422 1425 Cluent.
446 1393 505 1426 147
529 1403 586 1435 sq„
611 1393 740 1426 Coi-nei.
764 1395 790 1425 Ι.
814 1395 841 1425 1.
866 1393 1038 1425 Caeterum
1059 1394 1098 1424 de

242 1446 346 1477 Macri
376 1447 467 1477 exitu
496 1447 624 1478 diversa
654 1448 824 1478 traduntiu·
861 1447 945 1487 apud
974 1446 1099 1477 Plutar-

241 1499 339 1529 chum
362 1504 393 1530 et
414 1499 586 1530 Valerium
609 1501 643 1531 ll.
666 1501 700 1531 11.

285 1552 340 1582 Cui
362 1564 449 1594 quum
473 1554 563 1594 aequi
575 1553 761 1593 fuissemus,
786 1564 818 1584 o:
849 1559 883 1584 ut
910 1558 996 1585 recte
1012 1553 1098 1594 expl.
1123 1568 1125 1573 ·

244 1607 444 1643 Tunstallus,
475 1617 504 1647 p.
537 1607 596 1637 132
627 1607 702 1638 acui
730 1618 818 1649 quum
842 1617 977 1646 parcere
1001 1609 1030 1636 et
1044 1607 1100 1647 fil·

242 1671 313 1691 vere
329 1661 573 1701 potuissemus,''
596 1662 664 1692 sive
695 1671 796 1702 quum
818 1661 852 1691 111
869 1661 937 1692 eius
960 1661 1099 1701 gratiam

242 1716 401 1746 maiorem
430 1716 601 1755 aequitatis
634 1708 857 1751 (ἐπιεικείας),
890 1726 989 1756 quam
1021 1715 1100 1746 iuris

243 1763 405 1794 rationem
420 1763 540 1794 habere
556 1763 781 1803 potuissemus.
804 1763 892 1803 Apte
909 1762 1005 1794 vertit
1013 1762 1100 1793 Abe-

242 1816 347 1846 kenus
380 1815 491 1846 Cicero
529 1816 563 1846 111
593 1816 706 1847 36111611
737 1815 871 1846 Briefen
901 1826 930 1856 p.
962 1816 1016 1846 28:
1042 1815 1101 1845 Ich

245 1869 335 1899 h'atte
357 1869 417 1899 init
439 1869 508 1899 ihm
538 1869 639 1899 durch
669 1869 721 1899 die
751 1868 875 1908 Finger
898 1868 998 1899 sehen
1021 1868 1101 1898 kon-

244 1931 319 1958 nen,
351 1921 428 1951 aber
449 1931 480 1951 u.
505 1931 528 1951 s.
561 1931 598 1951 w.
642 1921 732 1951 Male
762 1921 929 1951 Manutius
960 1930 1102 1960 aequum

244 1985 318 2005 611111
348 1975 417 2005 iure
448 1974 628 2011 confundit,
661 1979 746 2005 recte
784 1975 904 2005 idcirco
934 1978 1062 2004 notatus
1086 1984 1102 2004 a

245 2028 448 2065 Casaubono,
467 2028 522 2068 qui
536 2033 645 2059 tamen
667 2029 753 2059 male
759 2028 933 2068 fuissemus
948 2028 1104 2068 iuterpre-

245 2089 338 2120 tatur,
362 2083 455 2123 quasi
474 2088 557 2113 esset
566 2082 701 2123 fuimus.
715 2083 807 2114 Idem
820 2092 909 2114 error
923 2082 1103 2112 Wielandii

245 2136 279 2166 in
305 2135 439 2175 interpr.
465 2134 574 2166 Germ.
598 2136 688 2175 epist.
713 2134 880 2166 Ciceronis
903 2135 929 2164 I.
952 2145 982 2175 p.
1007 2135 1075 2164 136.

288 2187 337 2218 Ex
354 2188 464 2228 populi
487 2188 719 2218 eoeisffimaffione
740 2189 820 2218 nini.
850 2189 889 2218 de
919 2188 1105 2227 integritate

247 2241 424 2273 Ciceronis.
449 2241 522 2271 Hoc
546 2247 602 2277 est,
626 2241 712 2280 quod
734 2241 812 2270 dicit
835 2240 921 2270 Plut.
945 2241 979 2271 111
1002 2239 1104 2271 Cicer.

248 2298 284 2327 11
308 2292 370 2333 τὰς
398 2295 525 2340 κρίσεις
568 2291 664 2335 ἔδοξε
696 2285 865 2340 καθαρῶς
903 2291 959 2327 καὶ
996 2291 1108 2331 καλῶς

247 2351 455 2402 βραβεῦσαι.

292 2407 310 2446 ξ
333 2407 361 2436 3.
384 2405 446 2435 Per
471 2404 546 2435 milei
565 2406 690 2444 quitum
720 2405 777 2433 esl.
815 2402 872 2432 Est
901 2413 1018 2433 ormam.
1057 2403 1107 2433 Ita

250 2460 364 2500 scripsi
386 2460 425 2489 de
448 2458 633 2489 coniectura
655 2456 885 2496 VVesenbergii
907 2457 1046 2487 Emend.
1077 2466 1107 2496 p.

251 2515 300 2544 18.
344 2514 459 2554 Inepte
481 2513 582 2552 vulgo
603 2530 644 2534 ——
660 2522 720 2551 per
742 2511 816 2541 mihi
835 2513 959 2552 fictum
991 2512 1048 2548 est,
1078 2512 1109 2541 et

252 2577 369 2597 ornam.
393 2566 427 2596 in
451 2575 514 2606 quo
538 2565 652 2595 saltem
675 2574 749 2594 cum
770 2563 899 2595 Faerno
922 2566 952 2594 et
975 2569 1042 2595 erat
1057 2564 1109 2594 de-

253 2621 398 2656 lendum,
437 2624 467 2650 et
504 2617 767 2659 interpunctione
810 2622 933 2647 unitata
970 2617 1110 2648 scriben-

255 2674 350 2703 dum:
374 2691 415 2694 —-
430 2682 492 2712 per
508 2671 583 2701 mihi
592 2672 727 2711 qratum.
751 2669 807 2699 Est
829 2680 947 2700 ornam.
972 2669 1110 2706 Tmesis,

256 2736 340 2767 quae
369 2726 454 2756 cadit
484 2726 518 2756 in
541 2735 601 2765 per
631 2725 813 2765 praefixum
837 2730 867 2754 et
889 2734 1006 2764 cunque
1028 2724 1112 2753 suffi-

257 2788 346 2815 xum,
370 2778 521 2818 exempla
542 2787 559 2808 e
584 2776 741 2808 Cicerone
762 2776 895 2815 collegit
918 2776 1053 2806 Ellendt
1075 2776 1114 2806 de

260 2831 348 2864 Orat.
370 2834 415 2863 11.
438 2843 468 2873 p.
493 2833 562 2863 304.
586 2831 634 2863 Cf.
657 2832 689 2862 h.
713 2831 734 2861 1.
758 2832 806 2867 20,
831 2831 848 2863 7
864 2841 925 2870 per
941 2829 1026 2866 milli,
1042 2840 1114 2870 per,

259 2886 392 2927 inquam,
411 2888 538 2926 yratum
561 2886 603 2915 V.
620 2886 668 2921 10,
684 2886 704 2915 4·
712 2895 771 2924 per
786 2884 861 2914 mihi
871 2886 995 2923 {fratum
1011 2883 1081 2913 erit.
1139 2882 1141 2901 ³

303 2939 493 2969 Academiae
515 2949 609 2969 meae.
647 2937 864 2978 Gymnasium
886 2937 920 2967 in
951 2936 1117 2968 Ciceronis

263 2993 450 3023 Tusculano
478 2992 676 3032 appellatum
705 2991 803 3021 fuisse
832 2990 1048 3033 Academiam
1077 2998 1119 3019 ex

265 3045 370 3085 epistt.
393 3045 420 3081 9,
445 3045 472 3074 2.
497 3045 544 3081 10,
569 3045 586 3074 3
611 3048 641 3074 et
671 3044 719 3080 11,
750 3044 767 3073 3
797 3042 891 3073 facile
921 3043 1122 3073 demonstra-

267 3104 326 3128 tur.
370 3097 474 3128 Paulo
497 3103 568 3137 post
591 3096 722 3135 insifflze,
744 3097 832 3136 quod
854 3095 954 3126 Bosio
975 3094 1118 3130 debetur,

267 3150 322 3182 sed
345 3160 362 3180 a
385 3149 474 3180 codd.
499 3150 585 3181 notis
607 3149 706 3186 abest,
728 3148 844 3179 delevi.
869 3147 962 3179 Nihil
977 3156 1057 3188 opus
1073 3151 1120 3177 est

1145 1394 1208 1424 hoc
1229 1393 1333 1424 fulcro
1355 1393 1520 1424 orationis.
1568 1391 1787 1423 Ornamentum
1810 1391 1905 1422 initio
1932 1400 2002 1422 sen-

1145 1446 1266 1477 tentiae
1288 1446 1430 1486 positum
1452 1445 1649 1485 cogitatione
1671 1449 1719 1476 est
1741 1444 1953 1485 repetendum
1967 1443 2002 1474 in

1143 1503 1299 1529 extrema.

1188 1553 1330 1584 Hermes.
1345 1553 1445 1583 Nulla
1461 1562 1556 1583 causa
1573 1557 1619 1583 est
1635 1562 1691 1582 cur
1706 1552 1864 1582 scribatur
1878 1545 2004 1597 Ἑρμῆς

1147 1616 1259 1642 contra
1282 1611 1418 1641 codices.
1443 1609 1491 1641 Cf.
1516 1619 1564 1650 ep.
1589 1611 1616 1646 8,
1641 1610 1660 1640 2
1683 1614 1713 1640 et
1736 1610 1764 1646 9,
1789 1610 1816 1640 2.
1855 1608 2002 1639 Hermae.

1148 1663 1245 1695 Corn.
1268 1663 1378 1694 Alcib.
1402 1664 1420 1693 3
1443 1661 1616 1693 Andocidi-5
1645 1662 1786 1692 Hermes.
1819 1662 1893 1692 Nisi
1922 1661 2003 1692 forte

1148 1716 1315 1748 Ciceronis
1339 1720 1406 1746 erat
1428 1714 1614 1752 Mercurius,
1636 1720 1672 1745 ut
1699 1715 1817 1746 deinde
1846 1713 2002 1745 Minerva.

1191 1768 1329 1799 (Melam
1351 1787 1392 1790 ὴ
1413 1768 1538 1798 ornabo.
1565 1767 1745 1798 Caletanum
1768 1767 1938 1807 praedium
1953 1766 2003 1797 Ci-

1148 1824 1274 1855 ceronis
1296 1823 1349 1853 hic
1372 1822 1537 1853 nominari
1560 1821 1745 1852 Gronovius
1767 1820 1961 1852 observavit.

1190 1876 1305 1916 Supero
1332 1875 1473 1906 Crassum
1498 1873 1629 1904 divitiis.
1658 1874 1705 1905 M.
1735 1873 1883 1904 Licinius
1914 1872 2004 1904 Cras-

1149 1939 1211 1966 sus,
1236 1929 1291 1970 qui
1314 1929 1348 1959 in
1371 1927 1581 1968 expeditione
1611 1926 1764 1957 Parthica
1791 1925 1896 1966 periit,
1926 1925 2005 1956 divi-

1149 1983 1202 2013 tiis
1225 1981 1419 2012 abundabat.
1443 1981 1507 2011 vid.
1536 1980 1610 2010 Fin.
1640 1980 1703 2010 ΠΙ.
1728 1978 1776 2011 75.
1807 1977 1869 2010 Off.
1899 1978 1926 2008 Ι.
1957 1978 2005 2014 25,

1151 2041 1181 2067 et
1204 2045 1278 2065 cum
1299 2039 1389 2075 patre
1412 2034 1449 2064 P.
1474 2032 1599 2069 Crasso,
1624 2032 1679 2072 qui
1702 2042 1730 2062 a.
1753 2042 1783 2062 11.
1808 2030 1867 2063 667
1889 2030 1924 2061 111
1953 2031 2006 2060 (1ο-

1151 2087 1331 2118 minatione
1353 2086 1392 2117 L.
1416 2086 1541 2117 Cinnae
1564 2085 1711 2125 perierat,
1741 2083 1861 2114 Divitis
1889 2093 2008 2123 cogno-

1152 2151 1228 2172 men
1252 2141 1363 2180 gessit,
1386 2140 1455 2170 Att.
1480 2139 1523 2169 ΙΙ.
1548 2139 1596 2175 13,
1620 2139 1647 2169 2.
1671 2139 1720 2175 24,
1745 2139 1773 2174 4,
1805 2137 1891 2177 quod
1919 2146 2008 2177 proa-

1129 2217 1131 2236 ,
1152 2205 1210 2225 vus
1234 2194 1289 2234 qui
1306 2204 1332 2224 a.
1358 2193 1418 2229 549
1440 2191 1553 2222 consul
1571 2191 1631 2222 fuit
1644 2191 1770 2231 primus
1786 2194 2009 2230 acceperat.—

1153 2248 1233 2279 Sine
1256 2257 1350 2278 causa
1373 2245 1669 2285 W'assenberghius
1694 2243 1835 2274 Croesum
1856 2243 1888 2274 11.
1912 2243 1933 2273 l.
1956 2252 2009 2272 vo-

1152 2301 1249 2337 lebat,
1272 2305 1307 2330 ut
1330 2299 1386 2329 alii
1409 2299 1442 2329 in
1473 2298 1657 2338 fragmento
1680 2296 1839 2327 Varronis
1862 2305 1879 2327 e
1895 2295 2010 2331 Satira,

1153 2364 1182 2394 p.
1207 2353 1245 2385 97
1275 2351 1424 2384 Oehleri:
1456 2350 1526 2380 Non
1556 2350 1681 2380 demunt
1710 2348 1824 2379 animis
1853 2357 1946 2378 curas
1974 2357 2013 2377 ac

1154 2406 1322 2448 reliqiones
1346 2404 1513 2436 Persarum
1543 2405 1670 2440 montes,
1702 2413 1764 2433 non
1792 2401 1878 2432 atria
1908 2399 2011 2432 diviti'

1156 2459 1272 2491 Crassi.

1201 2512 1299 2543 Vicos.
1323 2530 1364 2534 —-
1385 2511 1471 2541 lucos
1500 2508 1679 2549 Augustini
1709 2507 1850 2548 suspicio
1878 2505 2015 2537 inutilis.

1162 2566 1227 2598 Vici
1250 2571 1325 2597 sunt
1348 2565 1479 2606 praedia
1500 2564 1634 2600 urbana,
1652 2564 1751 2602 prata
1780 2571 1858 2592 vero
1886 2560 2014 2596 rustica,

1156 2626 1191 2651 ut
1213 2624 1299 2650 recte
1322 2618 1498 2649 Manutius.
1530 2616 1608 2647 Noli
1632 2615 1714 2646 vivos
1735 2615 1789 2645 hic
1812 2613 2016 2654 interpretari

1158 2673 1262 2708 villas,
1287 2681 1385 2712 quam
1407 2671 1475 2701 vini
1498 2670 1595 2700 habet
1628 2669 1662 2699 in
1692 2668 1806 2698 Horat.
1838 2666 1940 2707 Epist.
1971 2665 2015 2695 ΙΙ.

1160 2728 1187 2763 2,
1212 2725 1279 2758 177.
1304 2724 1402 2754 Prata.
1426 2728 1456 2754 et
1478 2733 1573 2752 areae
1596 2722 1638 2752 ob
1656 2721 1862 2752 securitatem
1877 2718 2017 2749 maximi

1161 2778 1422 2810 aestimabantur.
1448 2775 1562 2806 Parad.
1586 2774 1646 2804 VI.
1671 2774 1698 2803 3.
