2117 3533
698 150 775 189 hll’.
812 150 886 188 Ais)
919 150 963 188 T.
1006 149 1347 189 ffliMPOMI‘M
1383 149 1642 189 A'i'fsIfflM.

892 333 1012 372 XIV.
1079 334 1143 384 (A.
1186 333 1229 372 U.
1269 334 1309 372 (1.
1349 334 1464 385 705.)

362 450 396 487 1.
432 451 482 486 A.
518 446 558 486 d.
593 460 650 486 v1.
686 446 777 486 Kal.
810 446 925 486 Febr.
962 446 1139 501 Capuam
1174 447 1338 487 Calibus
1375 447 1640 501 proficiscens,
1666 462 1787 500 quum
1815 446 1954 487 leviter
1978 447 2049 501 lip-

294 521 432 574 pirem,
469 519 540 559 has
574 518 707 559 literas
741 518 848 558 dedi.
884 519 930 558 L.
965 519 1110 559 Caesar
1144 519 1331 559 mandata
1365 519 1544 559 Caesaris
1575 519 1719 559 detulit
1742 518 1791 558 ad
1816 519 2049 572 Pompeium

293 609 327 633 a.
363 593 402 632 d.
438 606 537 633 vm.
572 592 679 641 Kal„
716 607 837 644 quum
872 592 906 632 is
940 596 1043 632 esset
1077 607 1167 632 cuin
1201 591 1433 632 consulibus
1466 592 1603 632 Teani.
1655 591 1828 631 Probata
1873 590 2049 631 conditio

259 686 271 708 5
291 670 364 715 est,
400 665 468 705 sed
502 665 573 713 ita,
608 668 654 703 ut
687 663 752 704 ille
787 664 834 704 de
869 664 918 704 iis
953 663 1124 718 oppidis,
1161 679 1260 718 quae
1295 669 1406 704 extra
1440 678 1550 703 suan]
1594 663 1838 717 provinciam
1883 676 2049 716 occupa-

292 738 425 788 visset,
460 736 659 792 praesidia
693 736 921 777 deduceret.
977 737 1025 777 Id
1061 738 1093 777 si
1127 737 1299 786 fecisset,
1335 751 1568 790 responsum
1597 741 1656 776 est
1700 736 1748 775 ad
1794 734 1932 776 urbem
1980 749 2050 774 1105

290 811 488 851 redituros
522 826 606 850 esse
640 815 680 850 et
713 826 794 850 rem
827 826 897 864 per
933 815 1116 851 senatum
1151 809 1415 850 confecturos.
1451 810 1572 862 Spero
1606 823 1719 862 posse
1754 808 1795 847 111
1828 807 2050 862 praesentia

290 898 425 938 pacem
460 898 532 923 nos
567 882 736 933 habere3
772 898 865 923 nam
900 888 939 923 et
971 883 1086 923 illum
1120 882 1264 922 furoris
1299 886 1339 921 et
1372 881 1479 921 hunc
1514 885 1694 921 nostrum
1729 880 1931 934 copiarum
1959 893 2050 933 sup-

290 955 481 1008 poenitet.
535 959 574 995 2.
610 956 677 996 Me
713 956 928 1010 Pompeius
962 956 1140 1010 Capuam
1174 955 1308 995 venire
1355 954 1481 994 voluit
1523 960 1562 993 et
1604 953 1790 993 adiuvare
1836 951 2049 1001 delectum,

239 1049 271 1073 111
288 1028 331 1067 111
365 1043 443 1081 quo
476 1043 615 1082 parum
652 1029 802 1083 prolixe
838 1028 1080 1083 respondent
1113 1028 1305 1082 Campani
1356 1027 1501 1067 coloni.
1560 1025 1811 1066 Gladiatores
1856 1023 2049 1073 Caesaris,

290 1100 359 1153 qui
393 1101 552 1154 Capuae
588 1107 696 1150 sunt,
731 1101 779 1142 de
813 1101 961 1156 quibus
1007 1106 1098 1141 ante
1144 1101 1192 1141 ad
1234 1106 1273 1140 te
1318 1100 1459 1140 falsum
1508 1114 1554 1139 ex
1601 1101 1650 1138 A.
1691 1097 1882 1152 Torquati
1927 1096 2051 1136 literis

290 1172 539 1226 scripseram,
574 1188 667 1213 sane
702 1173 908 1214 commode
943 1173 1158 1227 Pompeius
1193 1171 1401 1213 distribuit
1435 1171 1551 1211 binos
1586 1169 1756 1224 singulis
1789 1169 1973 1225 patribus
1996 1170 2050 1209 fa-

291 1244 504 1285 miliarum.
540 1246 752 1286 Scutorum
786 1247 827 1287 in
861 1246 956 1287 ludo
991 1260 1073 1288 100.
1108 1246 1284 1286 fuerunt.
1320 1246 1583 1299 Eruptionem
1618 1243 1763 1283 facturi
1798 1243 1919 1283 fuisse
1945 1242 2051 1282 dicc-

1652 1317 1692 1354 53.

289 1316 449 1357 bantur.
486 1318 588 1358 Sane
623 1318 795 1358 inultum
828 1319 871 1359 in
905 1334 950 1359 eo
983 1318 1041 1358 rei
1077 1317 1259 1372 publicae
1294 1318 1497 1373 provisum
1531 1317 1612 1356 est!
1730 1315 1787 1355 De
1812 1314 2050 1356 mulieribus

237 1407 268 1432 15
287 1389 449 1439 nostris,
486 1390 528 1430 in
563 1390 709 1444 quibus
743 1396 803 1431 est
835 1396 906 1431 tua
940 1405 1062 1440 soror,
1099 1404 1245 1444 quaeso
1279 1389 1415 1429 videas
1452 1394 1493 1429 ut
1537 1388 1633 1428 satis
1676 1387 1888 1427 honestum
1934 1386 2050 1427 nobis

288 1463 340 1502 sit
374 1477 438 1502 eas
475 1463 622 1503 Romae
657 1478 755 1512 esse,
791 1478 915 1518 quum
951 1468 1103 1503 ceterae
1136 1462 1205 1502 illa
1239 1462 1436 1515 dignitate
1471 1460 1739 1500 discesserint.
1788 1460 1875 1499 Hoc
1910 1459 2049 1513 scripsi

291 1536 339 1575 ad
374 1551 438 1576 eas
473 1542 512 1575 et
547 1535 594 1575 ad
629 1541 668 1575 te
702 1536 834 1590 ipsum
869 1540 1000 1576 antea.
1036 1535 1167 1575 Velim
1201 1550 1266 1575 eas
1300 1534 1502 1573 cohortere
1539 1541 1579 1572 nt
1623 1537 1778 1580 exeant,
1816 1532 2047 1586 praesertim

332 1698 347 1729 Ἰ
373 1697 465 1736 Spero
487 1700 503 1726 †
526 1707 592 1728 esse
613 1716 653 1720 —
678 1698 716 1728 14
739 1700 785 1729 rei
805 1698 949 1738 publicae
971 1701 987 1734 †
1004 1699 1156 1739 profixam
1184 1716 1220 1718 —

333 1859 352 1897 ξ
376 1859 403 1888 1.
430 1857 535 1887 Teani.
560 1857 680 1887 Caesar
714 1857 752 1887 B.
784 1856 819 1887 C.
852 1857 878 1886 Ι.
909 1857 1011 1886 8-10
1040 1858 1171 1897 narrat]

291 1911 330 1941 L.
354 1910 527 1941 Caesarem
544 1910 786 1940 adolescentem
802 1919 878 1939 cum
895 1908 1045 1948 Pompeii
1060 1917 1148 1937 man-

291 1964 375 1994 datis
406 1965 446 1993 ad
477 1965 649 1993 Caesarem
687 1963 824 1998 venisse,
868 1963 1046 2002 eademqne
1082 1961 1148 1990 fere

292 2019 439 2049 attulisse
472 2025 656 2058 praetorem
686 2017 853 2048 Roscium.
896 2018 996 2047 Hunc
1029 2016 1173 2060 (1011111οζ

292 2083 367 2102 cum
389 2072 550 2102 mandatis
575 2071 723 2102 Caesaris
756 2073 902 2111 Capuam
931 2071 1060 2100 venisse
1090 2070 1148 2099 ibi-

292 2136 354 2166 que
377 2126 566 2156 consulibus
589 2131 621 2156 et
645 2125 804 2165 Pompeio
826 2125 1041 2155 renuntiasse.
1170 2115 1172 2131 ¹

333 2179 425 2218 Spero
440 2188 534 2219 posse
556 2179 587 2208 in
604 2178 789 2218 praesentia,
807 2188 918 2218 pacem
942 2187 997 2207 ηαδ
1024 2177 1149 2207 habere.

293 2231 376 2262 Dedi
399 2241 440 2262 ex
465 2241 536 2261 mea
560 2231 755 2261 coniectura.
797 2230 996 2260 Libri.Mss.
1024 2229 1148 2259 habent

292 2296 379 2325 Spero
409 2295 474 2315 esse
508 2292 567 2315 cet.
598 2285 630 2314 in
664 2294 729 2324 quo
759 2284 964 2314 emendando
998 2282 1146 2312 infelices

292 2341 424 2371 suerunt
446 2341 559 2370 critici.
593 2340 687 2380 Spero
703 2349 795 2379 posse
818 2349 891 2369 cum
915 2338 973 2368 inf.
996 2347 1146 2378 praesen-

293 2394 333 2423 tis
355 2393 508 2432 temporis
531 2402 625 2432 saepe
649 2392 824 2428 invenitur,
848 2391 904 2421 ubi
928 2392 1019 2421 infin.
1046 2390 1148 2420 futuri

294 2446 448 2485 temporis
472 2450 687 2484 exspectares.
732 2444 897 2484 Exempla
919 2443 983 2483 peti
1013 2448 1148 2483 possunt

293 2508 334 2529 ex
357 2498 472 2528 Haasii
495 2498 602 2528 adnot.
626 2498 666 2527 ad
691 2497 827 2536 Reisigii
842 2496 969 2526 scholas
983 2497 1055 2526 452.
1078 2496 1147 2526 Mo-

293 2560 382 2581 serus
405 2549 520 2589 Symb.
544 2549 625 2579 Crit.
650 2550 689 2579 V.
714 2560 743 2589 p.
768 2550 806 2579 13
828 2549 862 2579 in
887 2549 1025 2579 eandem
1040 2557 1148 2578 emen-

293 2604 460 2634 dationem
494 2603 618 2639 incidit,
647 2604 711 2640 sed,
742 2609 777 2633 nt
807 2603 899 2639 solet,
936 2604 975 2633 de
1011 2602 1148 2633 veritate

294 2657 430 2687 dubitat.
453 2657 602 2696 Itemque
626 2656 828 2686 Buchelerus
859 2656 890 2686 iu
924 2656 1011 2686 Mus.
1041 2655 1147 2686 Rhen.

299 2711 396 2741 XIII.
419 2721 449 2751 p.
472 2712 542 2740 589.
572 2710 610 2740 In
628 2711 813 2750 praesensia
838 2724 877 2737 z
899 2711 960 2740 hoc
992 2716 1146 2750 tempore,

294 2772 341 2796 est
364 2765 486 2795 locutio
508 2766 593 2804 apud
618 2765 720 2794 bonos
744 2764 915 2804 scriptores
938 2764 1066 2794 usitata.
1097 2763 1146 2793 Cf.

294 2817 391 2848 XVI.
416 2818 453 2847 13
476 2827 503 2847 c.
527 2818 554 2846 2.
584 2816 709 2846 Handii
732 2816 826 2846 Turs.
849 2816 914 2845 III.
937 2826 966 2856 p.
991 2817 1050 2846 288
1080 2826 1145 2855 seq.

335 2871 353 2909 ξ
376 2871 404 2901 2.
428 2869 467 2900 In
490 2880 547 2910 qao
564 2879 675 2909 parum
692 2869 820 2907 prolixe
851 2868 1047 2908 respondent.
1086 2868 1145 2899 Re—

294 2924 452 2963 spondere
474 2921 670 2952 vocabulum
693 2921 878 2960 legitimum
901 2926 958 2957 est,
981 2921 1020 2950 de
1037 2921 1074 2950 iis
1089 2920 1145 2960 qui

293 2977 381 3007 citati
405 2977 532 3012 adsunt,
558 2981 593 3005 ut
616 2983 736 3004 nomen
760 2974 897 3004 militiae
920 2974 1007 3004 dent.

334 3030 531 3070 Scripseram.
554 3029 602 3059 Ea
618 3028 753 3068 epistola
768 3028 872 3068 periit.
899 3027 1045 3069 Torquati
1059 3037 1145 3067 prae-

295 3096 414 3117 nomen
440 3086 473 3116 111
498 3085 586 3115 Med.
610 3084 708 3119 abest,
734 3084 786 3112 sed
813 3094 828 3112 a
856 3082 1036 3112 (antandro
1061 3082 1146 3112 addi-
1168 3121 1169 3126 1

295 3148 361 3170 rum
385 3146 441 3170 est.

1238 1853 1383 1884 Patribus
1397 1853 1611 1893 smnilz‘arum.
1646 1853 1811 1883 Nonnulli
1841 1852 1980 1892 genitivi
2008 1851 2051 1882 fa<

1170 1901 1172 1915 ¹
1196 1907 1304 1936 milias
1327 1907 1488 1946 pluralem
1510 1906 1729 1946 postulabant,
1753 1905 1811 1936 ubi
1833 1906 1872 1936 de
1902 1905 2050 1945 pluribus

1170 1967 1172 1989 !
1195 1961 1340 2000 patribus
1364 1970 1470 1990 sermo
1494 1966 1572 1996 erat,
1596 1965 1631 1990 ut
1653 1959 1794 1990 Sisenna
1817 1959 1902 1999 apud
1932 1958 2050 1989 Varro-

1196 2024 1272 2044 nem
1295 2015 1334 2044 de
1356 2014 1394 2043 L.
1418 2013 1456 2043 L.
1482 2013 1579 2043 VIII.
1604 2012 1653 2044 73.
1690 2012 1739 2043 Cf.
1768 2011 1906 2051 Reisigii
1940 2011 2050 2042 Schol.

1170 2062 1173 2109 ζ
1197 2069 1214 2107 ξ
1238 2068 1276 2097 88
1300 2067 1411 2107 ibique
1435 2066 1548 2096 Haasii
1575 2066 1648 2095 adn.
1675 2067 1744 2096 141.

1238 2120 1396 2150 Scalorwu
1420 2119 1452 2149 in
1476 2119 1549 2149 lmlo
1572 2119 1638 2151 [λ’]
1648 2119 1794 2158 fuerunt.
1818 2118 1978 2156 Quamvis
1993 2117 2050 2147 mi-

1196 2185 1267 2205 rum
1291 2175 1333 2204 sit
1355 2177 1443 2203 scula
1468 2180 1595 2205 tantum
1620 2173 1804 2210 memorari,
1828 2183 1895 2203 non
1919 2172 1993 2208 tela,
2016 2177 2051 2202 ut

1195 2228 1228 2258 in
1252 2227 1352 2257 simili
1382 2227 1586 2257 Milonianae
1616 2227 1688 2256 loco
1720 2227 1737 2265 ᾗ
1767 2226 1816 2262 64,
1847 2226 2050 2266 acquiescen-

1194 2282 1273 2310 dum
1296 2286 1404 2310 tamen
1436 2280 1470 2310 in
1499 2280 1559 2310 1130
1590 2280 1730 2310 lectione
1759 2288 1834 2309 cum
1864 2278 1989 2310 Orellio
2019 2284 2051 2308 et

1194 2335 1390 2366 Heinrichio
1413 2335 1453 2364 ad
1477 2334 1593 2365 Iuven.
1617 2334 1695 2364 Vol.
1719 2334 1765 2363 Il.
1789 2344 1818 2373 p.
1849 2334 1919 2363 341.
1963 2333 2050 2362 Nam

1195 2389 1299 2419 multo
1320 2389 1426 2428 magis
1450 2388 1636 2418 mirandum
1660 2392 1753 2424 esset,
1776 2387 1802 2417 si
1826 2391 1881 2417 aut
1903 2386 1954 2416 illi
1984 2386 2050 2426 gla-

1194 2443 1334 2473 diatores
1359 2451 1473 2473 omnes
1503 2442 1640 2472 fuissent
1669 2443 1836 2477 secutores,
1867 2445 1923 2470 aut
1951 2440 1979 2470 si
2007 2449 2049 2470 ex

1195 2496 1349 2525 onmibus
1371 2495 1431 2524 hos
1454 2499 1582 2524 tantum
1606 2494 1773 2524 indicaret.
1802 2492 1886 2530 Quis
1908 2492 2049 2532 denique

1194 2548 1351 2578 concedat
1374 2546 1505 2577 Caesari
1517 2546 1616 2576 fuisse
1630 2546 1775 2585 quinque
1788 2544 1881 2575 milia
1894 2544 2050 2584 gladiato-

1195 2609 1269 2629 rum
1296 2599 1329 2629 iu
1360 2599 1437 2629 ludo
1468 2597 1658 2638 Campano?
1695 2597 1781 2627 Nam
1811 2606 1985 2627 numerum
2014 2596 2048 2626 111

1195 2653 1283 2683 Med.
1306 2652 1469 2692 prolatum
1493 2660 1545 2682 m.)
1568 2650 1708 2681 retinere
1738 2650 1905 2685 debemus,
1935 2659 2047 2689 quum,

1194 2706 1280 2746 quod
1309 2706 1379 2735 cod.
1409 2705 1432 2735 Z
1466 2705 1620 2745 praebere
1653 2704 1781 2740 dicitur,
1819 2712 1872 2734 ei.)
1907 2702 2048 2733 sublesta

1195 2759 1285 2789 Bosii
1307 2759 1370 2789 fide
1393 2759 1525 2789 nitatur.

1235 2812 1393 2843 Provisum
1417 2814 1472 2842 est.
1497 2812 1593 2849 Quod
1616 2817 1749 2841 notatur
1764 2820 1781 2841 0
1796 2808 2047 2849 Ble(l.]1rqfi.r1c111

1194 2868 1239 2896 est
1261 2875 1338 2896 sane
1361 2865 1451 2895 ducit
1473 2865 1513 2894 ad
1528 2863 1704 2904 profectum
1729 2865 1784 2899 est,
1808 2863 1895 2902 quod
1917 2861 1972 2893 Or.
1995 2862 2048 2892 hic

1193 2919 1348 2959 scriptum
1371 2917 1472 2948 fuisse
1495 2917 1644 2947 coniecit.
1674 2915 1723 2946 Cf.
1747 2915 1846 2946 VIII.
1870 2916 1898 2952 9,
1921 2915 1950 2945 2.
1985 2913 2047 2944 Uti-

1192 2984 1261 3003 nam
1286 2971 1408 3013 aliquid
1419 2971 1593 3013 profectum
1617 2972 1706 3000 esset.
1737 2969 1802 3000 Sed
1823 2975 1953 3009 propter
1975 2979 2048 2998 con-

1192 3036 1323 3057 sensum
1348 3026 1450 3065 antiq.
1474 3025 1563 3055 editt.
1580 3024 1739 3064 prorz'sum
1764 3023 1894 3053 retinui.

1235 3082 1252 3120 ξ
1276 3083 1302 3111 3.
1338 3080 1458 3120 Quaeso
1487 3078 1604 3115 videas,
1634 3080 1667 3108 wc
1696 3078 1776 3107 satis
1805 3077 1965 3107 honeslum
1996 3076 2047 3106 sit.

1196 3134 1231 3163 111
1264 3134 1314 3163 1115
1345 3144 1400 3172 pro
1429 3135 1462 3161 m
1497 3132 1704 3161 scribendum
1739 3140 1807 3160 0550
1839 3141 1907 3159 num
1931 3130 2047 3159 indicn-
