2117 3533
279 127 329 168 76

679 128 763 169 EP.
798 128 874 169 AD
906 129 952 169 T.
987 125 1338 172 POMPONIUM
1370 126 1634 169 ATTICUM.

276 263 502 319 Capitolino
534 268 574 304 te
608 262 797 317 signifero
831 278 876 304 ac
908 264 1088 319 principe
1123 265 1371 316 collocaram,
1415 267 1597 305 senatum
1631 264 1863 317 deseruerit,
1907 267 2036 308 nostri

276 342 409 378 autem
442 336 642 394 principes
676 335 803 389 digito
845 351 884 377 80
929 337 1083 377 caelum
1126 342 1271 392 putent
1311 337 1521 392 attingere,
1568 337 1601 378 si
1643 338 1757 379 mulli
1797 338 1953 380 barbati
1992 339 2035 380 in

274 409 438 464 piscinis
472 409 566 459 sint,
602 408 671 462 qui
705 407 755 449 ad
788 424 953 450 manum
985 409 1190 461 accedant,
1237 411 1314 452 alia
1348 414 1481 451 autem
1522 410 1742 465 negligant,
1785 426 1918 453 nonne
1959 410 2036 452 tibi

275 481 370 522 satis
402 480 588 535 prodesse
620 480 770 531 videor,
806 481 841 522 si
871 481 1046 536 perficiO,
1081 487 1128 523 ut
1159 483 1291 524 nolint
1324 483 1475 533 obesse,
1512 482 1581 537 qui
1613 486 1808 537 possunt?
1855 486 1895 524 8.
1928 485 2035 525 Nam

239 571 252 595 5
274 555 467 595 Catonem
499 559 680 596 nostrum
713 569 794 595 non
826 559 873 595 tu
906 570 1013 596 amas
1046 555 1137 610 plus

1182 572 1302 611 quam
1346 571 1433 611 ego,
1479 556 1547 597 sed
1591 561 1726 598 tamen
1774 557 1841 598 ille
1876 546 2036 611 voptimo

274 628 406 668 animo
438 632 556 668 utens
589 632 629 668 et
662 642 816 668 summa
849 627 926 668 fide
959 632 1077 669 nocet
1108 629 1312 670 interdum
1345 629 1403 670 rei
1434 628 1634 684 publicae.
1680 630 1792 671 Dicit
1819 629 1926 671 enim
1948 634 2034 670 tan-

274 716 393 755 quam
425 701 468 741 in
502 701 682 742 Platonis
715 696 950 757 ]τολιτειᾲ,
984 716 1066 742 11011
1099 707 1293 757 tanquam
1328 703 1372 744 in
1406 703 1569 744 Romuli
1612 702 1734 754 faece,
1781 703 2035 744 sententiam.

274 774 384 826 Quid
417 775 548 815 verius
582 789 700 829 quam
734 775 777 815 in
809 774 1007 815 iudicium
1039 776 1186 826 venire,
1230 776 1298 831 qui
1332 776 1382 817 ob
1415 791 1497 817 rem
1530 775 1789 817 iudicandam
1822 776 2036 831 pecuniam

276 848 496 903 acceperit?
530 848 697 888 Censuit
728 847 805 888 hoc
837 847 951 899 Cato,
987 849 1157 890 assensit

1189 853 1365 890 senatus.
1400 849 1568 904 Equites
1602 848 1735 890 curiae
1768 848 1932 900 bellum,
1956 864 2039 890 non

221 942 256 969 10
275 922 396 973 mihi3
431 936 523 962 nam
557 936 629 975 ego
653 919 836 961 dissensi.
871 920 982 972 Quid
1004 921 1281 977 impudentius
1304 921 1531 977 publicanis
1554 921 1908 963 renuntiantibus?
1942 922 2039 963 Fuit

273 1000 409 1036 tamen
440 993 642 1035 retinendi
674 993 825 1034 ordinis
859 1008 978 1035 causa
1011 994 1193 1036 facienda
1225 995 1393 1036 iactura.
1428 994 1595 1036 Restitit
1627 999 1667 1035 et
1710 994 1880 1050 pervicit
1921 994 2037 1035 Cato.

274 1069 417 1123 Itaque
449 1082 558 1108 nunc
593 1067 755 1108 consule
787 1067 831 1108 in
876 1082 1030 1109 carcere
1073 1068 1244 1119 incluso,
1287 1083 1402 1123 saepe
1450 1068 1548 1109 item
1589 1066 1785 1108 seditione
1826 1071 2037 1118 commota,

274 1140 464 1196 aspiravit
496 1155 612 1181 nemo
645 1155 795 1191 eorum,
831 1156 998 1194 quorum
1033 1156 1105 1196 ego
1139 1156 1337 1182 concursu
1367 1141 1544 1196 itemque
1577 1140 1607 1181 ii
1635 1139 1831 1191 0011811108,
1855 1140 1925 1195 qui
1947 1144 2040 1195 post

275 1229 337 1254 1110
370 1213 547 1264 fuerunt,
582 1228 665 1254 rem
697 1212 902 1268 publicam
935 1213 1147 1255 defendere

222 1308 255 1333 15
275 1286 455 1329 mercede
489 1286 708 1327 conductos
741 1286 1006 1328 habebimus?
1050 1287 1159 1338 Quid

1181 1213 1378 1255 solebant.
1419 1213 1529 1265 Quid
1563 1213 1682 1267 ergo?
1715 1212 1828 1263 istos,
1863 1212 2036 1267 inquies,

1193 1287 1398 1338 faciemus,
1445 1286 1478 1327 si
1523 1285 1637 1327 aliter
1676 1300 1758 1326 non
1801 1283 2039 1340 possumus?

278 1377 329 1402 an
360 1360 560 1401 libertinis
593 1364 712 1414 atque
747 1359 865 1400 etiam
900 1360 1022 1400 serris
1047 1360 1288 1401 serviemus?
1322 1359 1414 1410 Sed,
1439 1363 1486 1400 ut
1508 1363 1554 1399 tu
1575 1358 1647 1409 ais,
1672 1354 1786 1407 ἃλις
1809 1349 2039 1408 σπουδῆς.

283 1437 322 1476 9.
356 1434 557 1476 Favonius
589 1448 717 1474 meam
749 1432 901 1474 tribum
934 1433 1030 1474 tulit
1062 1432 1270 1474 honestius
1304 1448 1424 1488 quam
1470 1447 1596 1483 suam,
1642 1430 1806 1472 Lucceii
1848 1427 2039 1484 perdidit.

277 1581 413 1613 militari
435 1580 497 1611 sibi
520 1584 639 1611 navata
660 1579 837 1620 loquitur.⁸'
856 1579 936 1609 Ern.
959 1579 1043 1610 Inde
1057 1589 1134 1620 quo-

277 1644 340 1676 que
362 1634 555 1674 repetendae
578 1636 653 1664 sunt
675 1632 912 1673 appellationes
933 1631 1082 1673 siqnif'eri
1100 1642 1138 1662 (w

275 1686 436 1727 principis.

319 1740 464 1771 Senatum
487 1738 672 1770 deseruerit.
696 1738 818 1770 Causas
841 1738 1022 1769 discordiae
1039 1748 1137 1779 expo-

277 1794 342 1825 suit
364 1795 391 1824 Ι.
415 1793 463 1830 17,
487 1794 504 1823 8
528 1803 574 1833 sq.

321 1849 390 1889 ξ8.
430 1847 474 1877 Tu
503 1857 591 1877 amas
623 1846 700 1886 plus
729 1856 818 1887 quam
848 1855 911 1885 eqo.
954 1845 1030 1876 Non
1060 1855 1134 1875 raro

270 1902 346 1943 pleis
367 1901 486 1932 dicitur
507 1910 566 1941 pro
595 1898 703 1940 maqz's.
739 1898 817 1929 Vid.
851 1898 962 1928 Madv.
996 1899 1037 1928 ad
1067 1897 1133 1929 Cic.

277 1957 351 1988 Fin.
387 1967 417 1997 p.
457 1956 495 1986 13
532 1960 564 1986 et
592 1954 701 1984 Haase
738 1954 777 1984 ad
805 1952 945 1992 Reisigii
987 1951 1132 1989 Scholas,

277 2021 307 2051 p.
338 2010 408 2040 398.
440 2027 482 2030 —
515 2007 688 2039 Caeterum
716 2015 792 2036 011111
819 2005 977 2035 hocloco
1007 2014 1134 2044 compa-

277 2064 377 2094 randa
404 2066 480 2093 sunt
512 2061 593 2092 haec
628 2060 727 2091 verba
761 2068 777 2090 0
806 2059 871 2089 111.
896 2057 957 2090 Off.
997 2058 1047 2088 88.
1070 2056 1134 2097 Eyo

276 2118 369 2149 etiam
393 2127 459 2147 cum
483 2115 600 2146 Catone
629 2125 693 2145 meo
723 2124 815 2154 saepe
841 2112 988 2143 dissensi.
1032 2111 1134 2142 Nimis

276 2172 352 2202 mihi
366 2170 551 2211 praefracte
573 2167 736 2198 videbatur
765 2166 922 2197 aerarium
955 2164 1133 2206 vectiyalia-

275 2237 332 2268 que
355 2225 533 2266 defendere,
557 2223 660 2254 omnia
676 2221 856 2262 publicanis
878 2231 1004 2260 neqme,
1035 2221 1132 2251 multa

275 2281 388 2317 sociis,-
412 2291 501 2322 qmcm
524 2279 556 2309 in
574 2279 629 2310 hos
643 2277 769 2318 benefici
784 2287 850 2308 esse
865 2277 1052 2314 deberemus,
1068 2286 1133 2307 eum

275 2337 343 2368 illis
365 2337 410 2366 sic
433 2345 533 2375 affere,
557 2336 592 2364 ut
615 2343 681 2363 cum
705 2331 824 2363 colonis
846 2330 962 2362 nostris
989 2331 1132 2367 solemus,

276 2400 369 2431 eoque
391 2388 500 2430 mayis,
521 2387 604 2429 quod
623 2386 683 2417 illa
713 2385 857 2416 ordimem
886 2383 1063 2415 coniunctio
1092 2382 1136 2413 ad

274 2443 406 2473 salutem
429 2441 477 2471 rei
493 2451 526 2480 p.
542 2439 730 2481 pertinebat.

321 2495 442 2536 Optimo
465 2494 568 2525 animo
596 2495 697 2523 uben-5.
729 2491 778 2523 Cf.
808 2490 886 2522 XV.
916 2491 945 2527 4,
977 2491 996 2521 2
1023 2488 1136 2520 animis

276 2550 327 2580 usi
354 2559 458 2579 sumus
487 2547 640 2578 virilibus.
672 2546 790 2577 Simile
819 2549 866 2576 est
896 2544 929 2575 in
959 2544 1072 2580 Bruto,
1097 2544 1135 2573 93

270 2602 444 2645 prudentia
476 2611 629 2643 nunquam
659 2599 764 2639 deficit
793 2600 957 2634 oratorem,
990 2608 1050 2638 qua
1081 2596 1137 2627 ille

277 2659 368 2687 utens
394 2660 454 2687 cet.
477 2655 555 2686 ibid.
578 2655 639 2685 204
654 2652 791 2683 doctoris
804 2650 1016 2690 intelliqentis
1034 2652 1080 2681 est
1097 2669 1138 2673 —

278 2720 315 2740 ea
337 2708 415 2739 duee
437 2709 574 2738 utentem
596 2706 642 2736 sic
665 2705 832 2735 institvere
854 2709 915 2734 cet.

322 2761 406 2803 Quid
426 2760 539 2792 verius.
569 2759 676 2790 Verum
700 2758 765 2789 dici
787 2767 845 2798 pro
869 2757 956 2788 iusto
980 2762 1011 2788 et
1033 2766 1137 2797 aequo

277 2817 510 2858 pervulgatum
532 2819 595 2851 est,
620 2815 659 2844 de
682 2823 745 2854 qua
767 2812 802 2842 vi
832 2811 983 2842 vocabuli
1015 2811 1137 2851 optime

277 2869 361 2900 dixit
384 2868 508 2899 Bakius
537 2867 578 2897 ad
604 2865 670 2897 Cic.
694 2866 733 2896 de
756 2864 838 2903 Leg.
861 2874 890 2904 p.
914 2864 975 2893 480
998 2873 1044 2903 sq.
1074 2862 1139 2894 Sed

276 2922 405 2962 proprie
428 2930 498 2952 esse
521 2930 633 2955 verum,
657 2918 746 2958 quod
768 2916 814 2946 rei
829 2915 1013 2947 conveniens
1027 2916 1078 2953 sit,
1108 2922 1140 2947 et
1163 2933 1165 2948 ι

278 2985 321 3006 ex
342 2976 402 3005 hac
425 2973 579 3015 primaria
601 2972 737 3003 notione
759 2970 900 3010 reliquas
924 2969 1065 3000 derivari
1085 2970 1139 3000 do-

278 3030 343 3060 cuit
367 3028 586 3060 Schneiderus
609 3027 649 3057 ad
672 3024 764 3057 Caes.
787 3025 826 3055 B.
850 3022 888 3054 G.
912 3023 976 3053 IV.
997 3024 1025 3053 8.
1049 3024 1077 3054 2.

319 3079 583 3110 Remmtiantibus
601 3089 655 3119 np.
675 3076 936 3109 conductionem.
953 3074 1099 3112 Cf.1.17‚
1112 3075 1140 3106 9.

323 3133 435 3175 Itaque
457 3142 538 3164 mono
559 3151 601 3155 —
622 3130 787 3172 aspiravit.
811 3130 852 3161 In
867 3128 1142 3169 argumentando,

1184 1580 1240 1611 ubi
1263 1590 1305 1612 ex
1328 1581 1377 1619 iis,
1401 1592 1483 1623 quae
1505 1583 1682 1623 praemissa
1711 1587 1796 1620 sunt,
1826 1583 1959 1624 aliquod
1988 1583 2040 1614 de-

1185 1633 1322 1671 ducitur,
1346 1644 1429 1665 mmo
1452 1640 1500 1666 est
1522 1635 1578 1666 hoc
1600 1645 1702 1666 rerum
1720 1637 1816 1666 statu.
1839 1636 1917 1666 Vid.
1932 1635 2038 1666 Kritz.

1186 1687 1226 1717 ad
1256 1686 1322 1718 Sal.
1354 1688 1428 1728 Iug.
1458 1690 1507 1726 85,
1539 1689 1587 1719 13.
1628 1689 1760 1726 Moneo,
1790 1698 1832 1720 ne
1862 1689 1934 1729 quis
1967 1690 2041 1719 tunc

1184 1740 1392 1771 scribendum
1428 1746 1528 1782 putet,
1572 1742 1611 1773 de
1652 1752 1717 1782 quo
1758 1746 1844 1773 recte
1879 1741 2041 1782 praecepit

1185 1792 1312 1833 Zumpt,
1336 1792 1480 1824 Graium.
1506 1795 1523 1834 ἓ
1547 1794 1616 1826 732.

1227 1845 1358 1876 Consule
1385 1845 1418 1875 in
1447 1855 1572 1877 carcere
1598 1846 1730 1877 incluso.
1764 1846 1920 1878 Metellus
1954 1856 1972 1877 a
2000 1847 2040 1878 L.

1182 1897 1299 1930 Flavio
1329 1899 1403 1930 trib.
1432 1900 1477 1940 pl.
1516 1900 1550 1930 in
1583 1909 1710 1931 carcere
1745 1899 1891 1931 inclusus
1923 1899 2040 1937 fuerat,

1182 1953 1259 1994 quia
1292 1954 1358 1993 legi
1388 1953 1534 1993 agrariae
1563 1954 1742 1985 resistebat.
1777 1954 1861 1985 Rem
1891 1959 2039 1985 accurate

1179 2011 1290 2037 narrat
1312 2006 1376 2037 Dio
1399 2005 1588 2037 XXXVII.
1606 2007 1655 2036 50.
1670 2024 1712 2029 —
1729 2006 1778 2038 De
1794 2006 2038 2038 constructione

1180 2060 1243 2091 hoc
1264 2070 1368 2090 unum
1390 2060 1498 2090 dicam
1519 2060 1682 2090 includere
1703 2060 1738 2091 in
1760 2069 1897 2098 earcere,
1919 2059 1954 2091 in
1972 2069 2040 2091 car-

1181 2126 1288 2153 cerem,
1311 2126 1439 2147 careere
1468 2121 1500 2148 et
1529 2116 1651 2147 carceri
1677 2122 1763 2149 recte
1791 2118 1866 2155 dici,
1896 2118 1953 2149 sed
1981 2117 2039 2148 mi-

1181 2169 1270 2200 nime
1292 2169 1495 2201 diversarum
1517 2169 1798 2201 constructionum
1817 2171 1955 2202 eandem
1971 2179 2040 2202 0880

1180 2223 1351 2254 rationem.

1222 2275 1395 2316 A-spiravit.
1419 2275 1590 2307 Sententia
1612 2280 1676 2308 est:
1693 2276 1828 2317 equites,
1844 2276 1900 2317 qui
1915 2277 1955 2307 ad
1969 2286 2039 2308 rem

1181 2329 1348 2369 publicam
1369 2329 1609 2361 defendendam
1632 2336 1728 2362 antea
1751 2340 1935 2361 concurrere
1957 2330 2040 2362 sole-

1183 2382 1271 2419 bant,
1288 2387 1366 2412 tunc
1389 2391 1430 2413 ne
1446 2382 1653 2413 levissimum
1675 2382 1808 2423 quidem
1823 2382 1987 2414 auxilium
2001 2382 2045 2414 fe-

1182 2435 1308 2465 rebant.
1329 2434 1483 2474 Aspirare
1505 2434 1604 2465 alicui
1625 2435 1754 2475 proprie
1776 2435 1896 2466 dicitur
1924 2440 2044 2466 ventus

1183 2490 1356 2521 secundus.
1378 2488 1544 2520 Absolute
1559 2494 1596 2520 ut
1610 2489 1640 2520 h.
1660 2489 1681 2519 l.
1694 2489 1828 2529 ponitur
1843 2490 1883 2520 ad
1892 2489 2042 2521 Herenn.

1184 2542 1247 2573 IV.
1270 2542 1319 2577 34,
1342 2542 1400 2571 45:
1424 2540 1542 2581 Met-qno
1563 2550 1595 2572 se
1603 2541 1775 2580 praedicat
1790 2541 1912 2572 aua-ilio
1925 2541 2045 2581 fuisse,

1184 2597 1256 2639 quia
1277 2596 1439 2636 paululum
1461 2596 1495 2627 im
1517 2597 1608 2627 rebus
1632 2596 1824 2637 difficillimis
1847 2597 2010 2638 aspiravit.

1226 2650 1312 2681 Istos
1334 2649 1471 2681 mercede
1494 2650 1661 2682 conductos
1684 2651 1888 2682 habebimus?
1911 2661 1943 2682 o:
1964 2661 2046 2681 num

1185 2702 1310 2743 equites
1333 2702 1427 2732 nobis
1450 2703 1702 2734 conciliabimus
1732 2703 1903 2743 largiendo
1933 2709 1965 2733 et
1993 2712 2044 2744 pe-

1188 2756 1310 2793 cunias,
1334 2766 1414 2796 quas
1438 2756 1566 2793 debent,
1590 2767 1657 2787 non
1680 2755 1881 2797 repetendo?

1233 2805 1307 2846 ἅλις
1335 2804 1491 2846 σπουδῆς
1515 2808 1596 2839 “Sat
1611 2808 1719 2846 studii,
1740 2808 1887 2845 subaudi,
1902 2808 2047 2848 positum

1187 2869 1235 2896 est
1264 2875 1282 2895 a
1311 2864 1407 2895 nobis
1443 2864 1477 2895 111
1519 2866 1641 2895 tuenda
1675 2865 1828 2895 ordinum
1862 2864 2046 2895 concordia.

1186 2918 1294 2954 Nunc,
1318 2923 1355 2948 ut
1377 2917 1445 2948 dies
1468 2918 1620 2958 postulat,
1643 2918 1802 2954 vivamus,
1827 2917 1958 2957 quando
1981 2916 2046 2946 iam

1188 2971 1294 3001 officio
1317 2970 1394 3001 satis
1418 2980 1579 3011 superque
1598 2970 1770 3001 fecimus.”
1793 2969 1975 3000 Manutius.
1997 2969 2046 3000 At

1187 3024 1368 3064 simplicior
1389 3023 1547 3054 Gronovii
1570 3024 1668 3055 ratio:
1696 3038 1708 3048 υ
1721 3023 1798 3054 satis
1821 3024 1860 3055 de
1889 3023 1981 3054 seriis
2013 3028 2046 3053 et

1189 3078 1344 3117 gravibus
1368 3077 1543 3117 negotiis?

1232 3131 1250 3170 ξ
1273 3132 1301 3162 9.
1323 3130 1492 3162 Favonius.
1514 3130 1580 3163 Hic
1603 3139 1698 3173 saepe
1719 3130 1754 3161 in
1777 3130 1922 3172 epistolis
1944 3129 2048 3161 nomi-
