2117 3533
232 190 296 217 ΧΠ
942 177 1269 218 PRAEFATIO.

228 350 341 399 tiens,
377 352 579 405 multaque
614 351 703 401 alia,
740 366 840 406 quae
874 351 940 392 ille
974 349 1135 404 collegit
1166 349 1208 389 111
1243 349 1376 389 Musei
1416 348 1562 390 Philol.
1606 348 1734 389 Rhen.
1779 348 1855 389 vol.
1901 348 1979 390 XI.

227 450 266 489 p.
302 437 385 476 515
423 452 504 492 seq.
537 452 618 478 non
652 438 736 479 sine
769 452 913 491 magna
945 435 1229 491 probabilitate
1261 435 1392 477 Tullio
1416 435 1575 477 restitui
1597 450 1726 490 posse,
1751 435 1976 490 exemplum

225 527 264 561 et
307 521 522 562 auctoritas
567 522 763 577 Madvigii
808 537 869 563 me
912 527 1046 562 tamen
1092 521 1286 562 deterruit
1330 531 1352 562 a
1393 521 1577 563 mutandi
1622 519 1804 561 consilio.
1871 520 1976 560 Nam

224 622 347 661 quum
382 622 561 650 summus
593 608 660 650 1116
705 609 868 650 criticus
911 607 1034 649 libros
1075 607 1123 647 de
1169 604 1338 646 Finibus
1381 605 1502 646 edens
1546 604 1661 659 plura
1699 607 1893 644 mutasset
1935 605 1977 645 in

224 692 298 732 hoc
337 706 495 746 genere,
536 708 627 734 mox
672 708 762 734 eum
808 692 902 734 facti
948 691 1147 747 poenituit
1156 709 1167 742 ;
1212 691 1260 731 de
1305 705 1383 745 quo
1426 689 1642 745 prudenter
1682 689 1904 744 disputavit
1933 689 1977 730 in

222 776 394 817 Praefat.
429 792 468 832 p.
509 777 629 819 LVII
673 793 755 833 seq.
822 778 959 819 Unum
1005 776 1102 818 mihi
1144 776 1343 831 displicet,
1389 775 1494 830 quod
1539 775 1582 816 in
1624 774 1765 816 iisdem
1812 773 1976 816 vocibus

221 860 441 903 scribendis
472 877 553 903 non
587 877 740 917 semper
773 877 892 903 unam
926 862 1121 903 rationem
1154 860 1282 911 tenui,
1318 859 1428 900 velut
1460 860 1502 900 in
1547 875 1607 910 eo,
1651 859 1756 913 quod
1802 858 1975 901 scriben-

221 944 316 985 dum
349 950 447 996 erat,
483 947 610 996 ceteri,
642 954 821 998 ceterum,
856 960 1145 1001 nonnunquam
1180 944 1458 1000 diphthongus
1491 960 1536 986 ae
1577 945 1620 985 111
1661 944 1976 999 antepenultima

220 1029 356 1071 relicta
389 1036 462 1072 est.
527 1032 604 1074 Sed
638 1032 735 1074 haec
769 1033 916 1075 leviora
957 1034 999 1075 in
1046 1035 1166 1088 longo
1210 1048 1326 1089 opere
1372 1034 1488 1090 aequi
1532 1034 1698 1075 lectores
1744 1032 1843 1074 mihi
1883 1047 1975 1074 con-

220 1114 441 1156 donabunt.

283 1202 521 1256 Perpetuam
554 1203 856 1259 inscriptionem
896 1206 1025 1247 Cicero
1069 1206 1200 1247 Attico
1243 1206 1295 1254 S„
1339 1219 1458 1258 quam
1504 1204 1620 1244 multi
1665 1203 1822 1244 codices
1863 1204 1977 1244 omit-

223 1292 327 1338 tunt,
362 1292 409 1328 ut
439 1287 626 1329 inutilem
659 1292 699 1329 et
732 1288 925 1332 incertam
959 1288 1101 1330 abieci.
1148 1289 1255 1330 Nam
1289 1289 1363 1329 etsi
1397 1288 1442 1328 T.
1477 1288 1724 1342 Pomponius
1757 1302 1977 1343 cognomen

222 1372 402 1414 Atticum
437 1373 590 1427 accepit
623 1377 715 1413 ante
749 1388 785 1414 a.
822 1389 862 1414 u.
897 1373 1206 1423 DCLXXXIX,
1242 1373 1329 1427 ,quo
1371 1373 1537 1413 Romam
1580 1372 1813 1427 remigrasse
1855 1372 1977 1414 tradi-

222 1463 286 1499 tur
318 1457 361 1498 in
395 1456 569 1497 Cornelii
604 1456 775 1511 Nepotis
810 1457 892 1499 vita
926 1473 960 1498 c.
998 1461 1038 1508 4,
1084 1458 1219 1512 itaque
1265 1462 1477 1513 antequam
1523 1457 1727 1513 epistolae,
1772 1473 1873 1513 quae
1917 1472 1979 1499 su-

223 1549 400 1598 persunt,
436 1547 589 1598 praeter
623 1557 769 1596 paucas
802 1542 894 1584 libri
929 1545 1060 1599 primi,
1097 1545 1145 1586 ad
1180 1561 1269 1587 eum
1304 1545 1418 1586 datae
1466 1550 1573 1595 sunt,
1618 1549 1752 1586 tamen
1795 1559 1877 1585 non
1921 1549 1981 1585 est

224 1629 304 1670 veri
338 1628 465 1669 simile
500 1627 747 1678 Ciceronem,
783 1629 852 1682 qui
886 1644 1001 1684 saepe
1035 1630 1077 1670 in
1113 1630 1292 1684 epistolis
1326 1644 1415 1670 eum
1451 1628 1667 1683 alloquitur
1700 1629 1752 1669 mi-
1793 1629 1981 1682 Pomponi

229 1713 325 1767 (vid.
361 1713 443 1754 III.
481 1715 520 1753 1«.
559 1714 598 1763 9,
635 1716 675 1752 2.
711 1715 782 1762 22,
820 1715 861 1753 ·3.
895 1713 970 1754 IV.
1010 1716 1078 1765 18,
1116 1720 1138 1756 2
1176 1721 1215 1757 et
1248 1716 1299 1757 ef.
1334 1716 1392 1757 11.
1429 1720 1469 1765 8,
1507 1717 1546 1755 1.
1581 1715 1679 1756 VH.
1718 1716 1755 1765 7,
1795 1714 1834 1769 7)
1869 1719 1909 1755 et
1945 1715 1987 1755 in

229 1799 343 1839 cuius
378 1798 556 1853 epistolis
591 1803 682 1839 ante
718 1813 867 1840 annum
901 1799 1070 1841 DCCIV
1105 1802 1231 1842 Attici
1262 1816 1407 1842 nomen
1444 1816 1522 1841 non
1553 1800 1756 1841 invenitur
1791 1799 1980 1855 (primum

184 1911 192 1918 -
230 1884 302 1925 VI.
341 1886 380 1934 1,
418 1885 503 1937 20),
538 1884 580 1924 in
614 1884 944 1939 inscriptionibus
979 1901 1131 1940 semper
1166 1887 1248 1927 solo
1282 1886 1516 1941 cognomine
1551 1900 1667 1926 usum
1706 1900 1803 1926 esse.
1846 1885 1989 1938 Neque

231 1968 421 2017 adducor,
456 1972 502 2008 ut
535 1983 625 2008 eum
661 1983 813 2023 semper
847 1973 1082 2010 contentum
1117 1971 1237 2011 fuisse
1273 1970 1430 2011 credam
1464 1970 1757 2025 simplicissima
1781 1968 1982 2010 salutandi

232 2053 413 2103 formula,
448 2067 548 2107 quae
581 2053 783 2094 indicatur
815 2054 929 2095 litera
963 2056 989 2095 S
1024 2056 1176 2096 nomini
1222 2056 1415 2105 subiecta,
1460 2071 1583 2110 quum
1628 2055 1669 2095 111
1715 2054 1893 2109 epistolis
1935 2053 1984 2094 ad

234 2139 331 2180 alios
364 2139 482 2190 datis,
508 2140 654 2195 quibus
679 2156 758 2182 non
782 2142 914 2182 minus
938 2141 1186 2183 familiariter
1209 2140 1410 2190 utebatur,
1436 2155 1550 2194 saepe
1577 2140 1616 2180 S.
1642 2139 1693 2180 D.
1717 2138 1778 2179 vel
1801 2138 1842 2178 S.
1864 2138 1911 2178 P.
1936 2137 1988 2179 D.

235 2223 503 2278 adscripserit,
540 2239 640 2278 quae
674 2224 850 2265 medium
885 2225 1016 2266 locum
1050 2225 1154 2266 inter
1188 2240 1331 2266 nomen
1367 2224 1578 2265 scribentis
1612 2228 1651 2264 et
1674 2224 1774 2273 eius,
1799 2223 1848 2264 ad
1874 2238 1990 2277 quem

237 2305 438 2356 scribitur,
474 2322 667 2362 occupare
702 2308 842 2349 solent.

299 2390 407 2431 Ordo
441 2391 698 2446 epistolarum
733 2391 829 2432 mire
865 2392 1120 2447 perturbatus
1155 2394 1196 2434 in
1231 2393 1437 2434 nonnullis
1472 2393 1598 2442 libris,
1634 2393 1804 2434 maxime
1838 2393 1880 2433 in
1921 2391 1992 2433 lib.

240 2477 274 2525 l,
317 2477 391 2526 IV,
436 2476 686 2527 XI-—XHL
729 2478 821 2526 XV,
863 2478 979 2527 XVI,
1024 2478 1211 2519 lectorem
1253 2478 1370 2519 rebus
1416 2479 1618 2519 intentum
1666 2477 1778 2534 valde
1824 2482 1993 2518 exercet.

240 2560 372 2611 Quare
406 2559 598 2600 laudandi
631 2564 726 2600 sunt
759 2560 945 2611 editores,
981 2563 1049 2616 qui
1085 2577 1220 2603 verum
1255 2562 1434 2603 ordinem
1468 2577 1516 2602 ex
1549 2561 1697 2603 additis
1731 2562 1885 2603 dierum
1927 2576 1996 2602 no-

240 2644 292 2684 tis
326 2643 461 2684 aliisve
494 2643 654 2685 indiciis
689 2646 895 2686 restituere
930 2646 1187 2696 studuerunt,
1223 2647 1269 2686 P.
1313 2646 1537 2696 Manutius,
1585 2646 1630 2686 C.
1676 2646 1725 2687 G.
1769 2645 1995 2695 Schutzius,

244 2727 278 2767 1.
313 2726 358 2767 C.
393 2726 581 2777 Orellius,
616 2733 655 2768 et
689 2728 756 2781 qui
791 2728 1000 2783 diligentia
1045 2730 1266 2784 superiores
1310 2728 1512 2783 superavit
1558 2729 1616 2769 Io.
1661 2728 1709 2768 de
1754 2727 1912 2769 Gruber
1954 2728 1997 2769 111

244 2811 488 2863 Quaestione
522 2810 570 2852 de
603 2816 779 2867 tempore
813 2818 931 2867 atque
967 2814 1064 2854 serie
1091 2813 1347 2868 epistolarum
1377 2813 1593 2863 Ciceronis,
1619 2812 1792 2854 Sundiae
1815 2828 1851 2854 a.
1879 2814 1991 2853 1836

245 2895 366 2936 edita.
433 2896 475 2936 Si
508 2911 643 2937 omnes
677 2897 864 2951 epistolas
897 2898 1102 2939 Tullia-nas
1136 2897 1306 2947 ederem,
1342 2897 1426 2937 sine
1461 2897 1542 2937 ulla
1576 2896 1826 2938 dubitatione
1861 2911 1996 2951 seque-

247 2996 307 3021 rer
341 2980 519 3021 Schutzii
553 2981 791 3035 exemplum,
828 2982 895 3035 qui
929 2982 971 3022 in
1007 2981 1195 3036 peculiari
1229 2995 1363 3021 earum
1398 2980 1572 3021 editione
1622 2980 1789 3021 Halensi
1830 2995 1896 3021 eas
1942 2995 1998 3021 se-

249 3066 424 3107 cundum
460 3065 661 3119 temporis,
697 3081 774 3119 quo
809 3067 975 3121 scriptae
1015 3072 1109 3107 sunt
1142 3071 1207 3106 ant
1243 3081 1324 3105 esse
1361 3065 1558 3115 videntur,
1593 3065 1770 3106 ordinem
1795 3065 2000 3120 disposuit.
