2117 3533
272 135 356 178 210
669 138 750 178 ΕΡ.
787 138 861 177 AD
894 138 939 177 T.
974 137 1323 178 POMPONIUM
1358 135 1622 178 ATTICUM.

273 287 389 325 11116111
423 271 547 325 igitur
579 271 776 311 istorum?
822 271 899 311 Sed
933 271 1032 311 heus
1065 275 1125 320 tu,
1168 271 1454 325 scripseramne
1498 269 1575 310 tibi
1616 284 1678 310 me
1722 282 1806 309 esse
1851 266 2029 320 legatum

273 343 489 397 Pompeio?
523 346 562 382 et
595 347 704 382 extra
738 341 878 383 urbem
913 342 1074 396 quidem
1108 342 1190 383 fore
1224 358 1273 384 ex
1300 342 1548 384 Idib.Ia11.?
1582 341 1726 382 Visum
1749 344 1809 382 est
1832 339 1908 379 hoc
1930 337 2030 378 mihi

274 415 323 456 ad
356 414 482 455 multa
517 413 725 467 quadrare.
762 414 838 455 Sed
873 414 971 469 quid
1004 414 1145 468 plura?
1180 415 1337 465 Coram,
1372 415 1526 469 opinor,
1560 414 1727 468 reliqua,
1752 418 1798 454 ut
1822 418 1868 453 tu
1896 417 2027 452 tamen

274 485 426 540 aliquid
460 490 678 540 exspectes.
715 486 910 541 Dionysio
944 486 1158 540 plurimam
1193 486 1378 537 salutem,
1422 487 1487 527 eui
1521 485 1684 540 quidem
1707 501 1780 540 ego
1804 502 1885 526 non
1913 484 2031 526 modo

240 596 248 609 f
275 559 439 609 servavi,
475 557 543 599 sed
577 558 697 598 etiam
731 558 937 599 aedificavi
970 558 1118 598 locum.
1164 559 1273 609 Quid
1308 559 1490 613 quaeris?
1524 558 1574 599 ad
1609 573 1804 598 summam
1836 557 2032 598 laetitiam

274 647 416 682 meam,
451 645 570 685 quam
603 646 649 670 ex
682 635 754 670 tuo
788 630 921 670 reditu
956 630 1083 684 capio,
1119 645 1289 684 magnus
1322 630 1431 671 illius
1475 630 1650 671 adventu
1695 629 1880 670 cumulus
1924 643 2032 670 aece-

274 705 354 745 11615.
389 703 480 755 Quo
515 703 578 743 die
613 703 662 743 ad
695 718 757 743 me
792 703 940 754 venies,
975 708 1035 754 tu,
1071 704 1104 744 si
1137 719 1199 744 me
1234 719 1355 754 amas,
1391 704 1496 759 apud
1530 719 1592 744 me
1626 718 1717 743 cum
1750 702 1832 743 ‘tuis
1856 716 2032 743 maneas.

318 868 506 898 Commodum
529 877 562 898 o:
584 867 694 908 paullo
718 871 801 903 ante,
823 867 930 896 modo.
955 866 1032 896 Vid.
1050 876 1133 906 quae
1156 898 1158 903 .
1180 867 1352 898 scribendo
1375 876 1472 898 omne
1494 866 1653 897 sermonis
1684 870 1916 905 argumentum
1946 873 2034 904 prae-

275 923 314 952 de
336 922 398 952 1106
421 922 574 952 adverbio
597 921 667 951 dixi
692 921 732 950 ad
754 921 799 951 II.
825 921 873 957 12,
897 921 926 951 2.
1156 918 1158 957 J
1180 919 1309 959 cipiam.

319 974 493 1013 Quadrare,
509 979 618 1013 aptum
635 982 713 1003 6556.
737 972 786 1003 Cf.
804 972 904 1002 XIII.
921 973 969 1008 33,
987 974 1014 1002 3.
1039 973 1133 1003 Brut.
1157 968 1158 1017 1
1226 972 1291 1012 Quo
1314 972 1366 1002 [lie
1387 971 1431 1002 ad
1451 982 1496 1001 me
1518 971 1630 1008 venies,
1650 976 1709 1002 cet.
1733 970 1785 1000 Ad
1799 981 1844 1000 me
1859 970 2034 1000 molestum

276 1029 326 1057 43.
351 1027 439 1057 Cael.
464 1027 512 1057 (39.
1157 1024 1159 1069 ’1
1182 1030 1239 1060 cst,
1262 1035 1363 1064 quum
1386 1024 1532 1064 sequitur
1557 1023 1641 1063 capud
1662 1034 1717 1053 me.
1753 1024 1791 1053 111
1820 1023 1920 1053 51111111
1950 1022 2035 1052 clau-

322 1079 358 1109 [st
382 1081 415 1108 lm
439 1081 540 1109 lamen
570 1078 693 1119 aliquid
721 1080 878 1117 exspectes
903 1088 934 1108 o:
968 1088 1007 1109 ne
1041 1078 1134 1118 plura
1157 1073 1159 1103 ι’
1181 1077 1252 1108 sula
1275 1086 1324 1117 ep.
1346 1078 1386 1107 »la
1410 1077 1512 1107 abest.

831 1427 1296 1479 LIBER
1414 1427 1489 1480 V.

894 1671 929 1711 J.
997 1672 1061 1723 (A.
1103 1671 1147 1711 U.
1187 1672 1226 1710 C.
1270 1671 1385 1724 703).

348 1788 387 1826 1.
422 1787 508 1840 Ego
542 1801 632 1826 vero
667 1790 705 1826 et
738 1791 850 1825 tuum
886 1785 929 1825 111
963 1784 1141 1825 discessu
1174 1784 1257 1825 vidi
1292 1784 1468 1825 animum
1503 1788 1543 1823 et
1577 1797 1662 1823 meo
1696 1797 1782 1822 sum
1805 1782 1889 1837 ipse
1911 1781 2040 1822 testis.

284 1860 374 1910 Quo
407 1859 534 1913 magis
568 1859 642 1900 erit
674 1858 751 1899 tibi
785 1858 1002 1899 videndum
1034 1873 1083 1898 ne
1119 1858 1214 1911 quid
1249 1857 1341 1898 novi
1375 1857 1625 1906 decernatur,
1660 1860 1707 1896 ut
1739 1855 1814 1895 hoc
1861 1859 2041 1896 nostrum

286 1932 528 1973 desiderium
562 1947 611 1972 116
646 1932 735 1986 plus
770 1932 822 1971 sit
855 1946 1048 1972 annuum.
1099 1935 1139 1972 2.
1174 1931 1234 1971 De
1280 1930 1413 1971 Annio
1455 1929 1671 1971 Saturnino
1716 1929 1863 1970 curasti
1907 1928 2044 1983 probe.

287 2005 346 2045 De
380 2004 611 2045 satisdando
646 2020 736 2045 vero
770 2009 808 2044 tc
842 2019 951 2058 rogo,
987 2004 1117 2058 quoad
1152 2004 1228 2044 eris
1264 2004 1427 2053 Romae,
1461 2007 1507 2043 tu
1538 2006 1585 2042 ut
1618 2001 1796 2042 satisdes.
1853 2002 1906 2042 Et
1950 2005 2045 2041 sunt

288 2078 440 2131 aliquot
484 2076 762 2118 satisdationes
813 2076 1033 2117 secundum
1080 2076 1339 2130 mancipium,
1393 2075 1515 2115 veluti
1560 2074 1893 2115 Memmianorum
1936 2088 2044 2128 prae-

331 2264 430 2295 Brevi
467 2269 538 2304 post
576 2263 723 2293 ultimam
766 2262 937 2302 epistolam
976 2261 1052 2292 libri
1089 2260 1141 2290 IV
1191 2260 1348 2291 dixerunt
1376 2260 1480 2290 Henr.
1504 2258 1689 2300 Stephanus
1713 2256 1914 2288 Schediasm.
1936 2256 1981 2286 II.
2006 2255 2045 2286 23

290 2319 442 2359 scriptam
464 2317 596 2348 Atticus
618 2326 731 2346 mense
760 2316 843 2345 Nov.
867 2326 883 2345 a
915 2315 974 2347 700
1004 2315 1142 2345 Romam
1166 2273 1169 2373 1
1193 2319 1224 2345 et
1246 2314 1377 2345 Cortius
1399 2315 1439 2344 ad
1463 2314 1564 2354 Epist.
1587 2313 1679 2343 Fani.
1703 2312 1765 2342 IV.
1788 2311 1806 2341 6
1829 2311 1875 2341 in.

292 2373 420 2404 venisse
443 2377 474 2402 et
496 2370 619 2401 diutius
641 2380 715 2399 cum
740 2368 897 2399 Cicerone
920 2367 1043 2398 vixisse
1058 2366 1142 2396 vide-
1234 2368 1282 2399 Ne
1310 2368 1386 2409 quid
1411 2368 1482 2399 novi
1510 2367 1699 2397 decernatur
1733 2376 1766 2396 o:
1809 2374 1850 2395 ne
1880 2363 2048 2405 provincia

292 2430 353 2455 tur.
377 2424 472 2455 Certe
494 2433 550 2463 per
573 2423 654 2452 duos
677 2431 779 2452 annos
805 2427 835 2451 et
850 2429 1049 2451 sexnlenses
1059 2429 1144 2448 com-
1167 2416 1169 2428 ’
1194 2423 1275 2453 1111111
1298 2427 1500 2463 prorogetur.
1530 2422 1624 2451 Idem
1646 2420 1725 2460 petit
1754 2419 1872 2450 iisdem
1899 2417 2007 2448 verbis
2029 2427 2048 2447 a

293 2477 451 2508 mercium
474 2475 685 2515 epistolarum
715 2474 799 2504 inter
829 2483 883 2503 605
913 2472 1060 2503 cessavit.
1092 2471 1144 2501 In-
1194 2478 1335 2509 Curione
1358 2477 1432 2507 trib.
1455 2477 1499 2517 pl.
1522 2476 1614 2506 Fam.
1638 2476 1684 2506 II.
1707 2474 1735 2511 7,
1757 2475 1786 2511 4,
1811 2479 1843 2505 et
1865 2473 1983 2504 iterum
2001 2473 2047 2504 in.

293 2533 471 2560 stauratum
493 2533 541 2558 est
563 2535 675 2557 11161156
697 2526 787 2556 Maio
809 2535 837 2555 a.
861 2524 930 2561 703,
963 2533 1066 2564 quum
1096 2522 1146 2553 Ci-
1194 2531 1299 2561 efficat
1320 2531 1352 2560 h·
1377 2530 1399 2560 1·
1422 2531 1450 2566 9,
1475 2530 1503 2560 2·

293 2592 368 2614 cero
398 2592 456 2622 pro
489 2580 624 2610 consule
654 2579 687 2609 in
718 2579 869 2610 Ciliciam
898 2576 1061 2618 profectus
1089 2580 1146 2612 est,

295 2635 463 2676 primaque
486 2632 622 2673 epistola
645 2631 721 2661 libri
743 2631 785 2667 V,
815 2636 851 2661 ut
873 2639 916 2661 ex
938 2629 1032 2660 initio
1055 2639 1147 2669 appa-

295 2696 353 2727 ret,
378 2688 467 2720 brevi
490 2692 561 2728 post
590 2687 766 2717 discessum
796 2685 963 2716 Ciceronis
997 2685 1038 2715 ab
1068 2684 1148 2714 urbe

295 2744 336 2773 ad
357 2742 508 2773 Atticum
531 2740 629 2770 missa
651 2744 709 2769 est.

336 2796 355 2835 ξ
378 2795 407 2824 1.
429 2793 468 2822 Et
491 2804 555 2822 meo
577 2801 641 2821 sum
665 2790 730 2829 ipse
752 2789 852 2819 lestis.
883 2789 996 2819 Cicero
1019 2788 1080 2818 hoc
1102 2787 1147 2817 111-

295 2850 354 2881 cit:
390 2862 404 2874 u
416 2847 483 2886 Qui
512 2856 603 2876 meus
631 2844 728 2875 fuerit
767 2843 800 2873 in
832 2843 974 2873 discessu
1009 2841 1147 2878 animus,

296 2904 378 2934 mihi
400 2903 468 2943 ipse
492 2901 582 2932 testis
611 2899 717 2930 sum.w
754 2898 831 2928 Non
861 2897 971 2927 animo
994 2906 1062 2932 suo,
1092 2896 1149 2926 sed

295 2956 356 2986 sibi
379 2956 419 2986 de
441 2964 500 2985 5110
529 2953 639 2983 animo
671 2950 762 2982 testis
794 2954 871 2980 erat.
908 2950 1022 2989 Itaque
1052 2948 1149 2979 veris-

295 3011 376 3042 sime
399 3011 540 3043 correxit
571 3007 690 3049 aliquis
718 3005 803 3046 apud
833 3004 886 3037 Or.
911 3005 928 3034 I
956 3006 986 3034 et
1017 3003 1056 3033 cle
1086 3010 1149 3031 meo

296 3078 359 3098 sum
384 3068 449 3108 ipse
472 3064 570 3096 lessi&
604 3063 653 3094 De
676 3061 816 3092 formula
838 3057 1065 3099 respondendi,
1088 3066 1151 3096 qua

300 3121 414 3152 Cicero
449 3118 576 3158 saepius
605 3115 737 3146 incohat
771 3112 933 3153 epistolas,
971 3111 1034 3151 hya
1070 3119 1150 3145 vero,

1236 2585 1254 2623 ξ
1277 2584 1305 2614 2.
1328 2583 1376 2613 De
1400 2582 1504 2613 Annio
1525 2581 1708 2611 Saturnino.
1742 2580 1842 2610 Hune
1865 2579 1965 2609 fuisse
1987 2579 2046 2609 Mi-

1195 2635 1280 2665 lonis
1304 2635 1459 2665 libertum
1482 2644 1549 2664 non
1579 2633 1665 2664 male
1696 2632 1876 2673 suspicatur
1902 2629 2047 2662 Wielan-

1195 2689 1253 2719 (1115
1276 2688 1342 2719 ΙΙΙ.
1365 2699 1395 2728 p.
1419 2687 1469 2719 72.

1235 2740 1276 2770 Et
1296 2742 1368 2770 sunt
1390 2739 1510 2780 aliquot
1532 2737 1767 2774 satisdationes,
1790 2740 1850 2768 cet.
1875 2736 2048 2777 Duplicem

1194 2792 1273 2823 haec
1296 2792 1394 2823 verba
1418 2791 1610 2831 permittunt
1632 2789 1943 2830 interpretationem,
1973 2797 2048 2827 qua-

1196 2850 1292 2876 tenus
1316 2850 1440 2875 statuas
1463 2843 1656 2875 Ciceronem
1672 2848 1746 2873 ante
1761 2842 1938 2872 discessum
1956 2849 2049 2871 suum

1196 2908 1233 2928 ea
1266 2897 1399 2938 praedia
1427 2896 1480 2927 vel
1511 2895 1627 2926 emisse
1656 2895 1709 2925 vel
1745 2894 1940 2925 vendidisse.
1976 2892 2050 2922 Hoc

1198 2950 1349 2991 placebat
1371 2958 1500 2979 summo
1523 2947 1614 2984 ICto,
1637 2947 1702 2977 Iac.
1726 2946 1869 2983 Cuiacio,
1899 2944 1956 2985 qui
1986 2943 2049 2976 Ob-

1198 3016 1280 3037 serv.
1311 3004 1411 3035 XXI.
1446 3004 1483 3034 15
1513 3004 1608 3034 docet
1634 3001 1858 3032 satisdationes
1885 2999 2049 3031 secundnm

1198 3058 1384 3099 mancipium
1411 3057 1485 3094 dici,
1519 3066 1622 3097 quum
1658 3055 1810 3087 venditor
1843 3054 2050 3094 praediorum

1199 3111 1315 3143 emtori
1337 3114 1448 3142 caveat
1479 3118 1514 3141 56
1537 3108 1710 3141 dominum
1733 3116 1813 3140 6556.
1835 3107 1932 3147 Quod
1953 3106 2050 3138 fiebat
