2117 3533
750 157 856 197 LIB.
892 157 942 197 V.
976 157 1060 197 ΕΡ.
1098 159 1169 198 21.
1751 160 1833 199 ¹:247

82 295 299 351 pantheris.
334 293 512 334 Multum
556 297 595 333 te
631 306 734 341 amo,
769 290 876 344 quod
912 290 1155 346 respondisti
1190 292 1248 332 M.
1284 293 1452 332 Octavio
1486 297 1524 332 te
1557 307 1637 332 non
1682 296 1837 347 putare.

83 368 159 410 Sed
192 366 358 422 posthac
390 365 537 415 omnia,
573 378 673 418 quae
707 367 814 404 certa
847 379 928 404 non
961 368 1095 414 erunt,
1130 380 1202 420 pro
1244 370 1351 406 certo
1395 370 1555 420 negato,
1599 367 1639 406 N
1643 382 1686 406 os
1731 367 1837 407 enim

81 445 121 481 et
151 444 286 481 nostra
319 441 459 493 sponte
492 436 592 477 bene
626 435 729 476 firmi
762 440 802 476 et
836 437 1060 477 mehercule
1095 437 1334 478 auctoritate
1368 442 1439 478 tua
1471 438 1707 480 inflammati
1742 440 1838 481 vici-

82 529 172 556 mus
206 527 344 554 omnes
378 535 435 541 —
471 510 545 550 1100
579 515 625 551 tu
658 510 716 550 ita
748 509 919 564 reperies
955 535 1011 538 —
1049 525 1174 564 quum
1198 510 1458 561 abstinentia,
1478 516 1565 551 tum
1592 513 1762 563 iustitia,
1783 513 1838 554 fa-

82 586 246 635 cilitate,
291 582 517 625 clementia.
563 582 668 623 Cave
712 586 829 636 putes
876 582 1095 637 quidquam
1140 582 1321 623 homines
1362 584 1489 638 magis
1532 599 1710 638 unquam
1755 601 1838 626 esse

81 659 244 700 miratos
278 671 397 710 quam
428 654 584 696 nullum
617 653 846 695 teruncium
881 669 943 695 me
979 653 1189 695 obtinente
1212 655 1459 710 provinciam
1483 662 1665 711 sumptus
1688 657 1839 699 factum

82 748 165 773 esse
198 745 272 772 1100
304 730 348 770 111
380 744 463 770 10111
495 727 699 783 publicam
750 742 822 768 nec
866 727 910 767 in
955 743 1195 782 quemquam
1238 743 1431 779 meorum,
1477 734 1754 783 praeterquam
1796 731 1839 771 in

82 805 130 846 L.
163 803 341 846 Tullium
388 801 579 855 legatum.
630 800 684 851 Is,
736 800 939 854 ceteroqui
974 799 1195 850 abstinens,
1231 800 1300 841 sed
1344 800 1450 842 Iulia
1491 802 1578 856 lege
1622 803 1840 844 transitans

81 876 203 918 semel
234 879 392 916 tantum
426 874 468 914 in
502 872 622 923 diem,
656 888 751 923 non,
786 878 833 913 ut
867 872 934 913 alii
968 872 1164 923 solebant,
1201 872 1388 915 omnibus
1420 873 1517 915 vicis
1553 876 1726 930 [praeter
1749 891 1840 917 eum

82 948 203 990 semel
235 948 371 1001 nemo]
408 946 581 1001 accepit:
618 945 715 986 facit
748 949 795 986 ut
828 944 928 985 mihi
963 944 1224 1000 excipiendus
1248 946 1313 997 sit,
1341 961 1464 1000 quum
1488 948 1715 989 teruncium
1738 965 1840 1004 nego

82 1026 265 1077 sumptus
299 1021 465 1063 factum.
524 1021 687 1062 Praeter
720 1035 813 1060 eum
847 1019 1001 1074 accepit
1043 1034 1175 1061 nemo.
1227 1021 1314 1061 Has
1361 1036 1383 1061 a
1426 1026 1561 1062 nostro
1605 1022 1656 1073 Q.
1690 1023 1841 1066 Titinio

561 1097 602 1134 6.
638 1094 725 1148 Ego
767 1093 928 1133 aestivis
972 1092 1164 1134 confectis
1214 1094 1410 1145 Quintum
1458 1094 1619 1136 fratrem
1663 1096 1842 1138 hibernis

82 1172 122 1208 et
155 1166 318 1207 Ciliciae
351 1166 522 1221 praefeci
533 1184 544 1217 3
580 1166 631 1217 Q.
667 1165 895 1215 Volusium,
931 1165 992 1205 tui
1025 1164 1175 1206 Tiberii
1208 1181 1413 1220 generum,
1447 1173 1600 1209 certum
1624 1169 1841 1222 hominem,

81 1094 215 1136 sordes
249 1095 490 1149 accepimus.

83 1239 152 1280 sed
185 1239 349 1279 mirifice
383 1239 503 1280 etiam
548 1237 832 1288 abstinentem,
874 1238 966 1278 misi
1008 1237 1052 1278 in
1097 1237 1287 1293 Cyprum,
1333 1243 1380 1280 ut
1419 1239 1478 1280 ibi
1520 1242 1713 1295 pauculos
1758 1243 1843 1285 dies

83 1318 199 1363 esset,
233 1328 283 1354 ne
317 1312 422 1353 cives
456 1312 627 1352 Romani
660 1311 793 1366 pauci,
829 1311 898 1364 qui
931 1310 1015 1351 illic
1049 1311 1322 1364 negotiantur,
1368 1312 1432 1352 ius
1466 1311 1543 1353 sibi
1588 1314 1743 1356 dictum
1775 1332 1843 1358 ne-

82 1391 243 1441 garent,
279 1400 372 1426 nam
405 1385 561 1425 evocari
593 1399 642 1425 ex
674 1383 807 1424 insula
841 1383 1007 1438 Cyprios
1040 1398 1123 1424 non
1154 1383 1263 1425 licet.
1311 1385 1349 1425 7.
1383 1385 1475 1440 Ipse
1507 1385 1551 1426 in
1584 1388 1722 1428 Asiam
1756 1405 1844 1444 pro-

83 1460 210 1501 fectus
244 1473 332 1499 sum
365 1459 487 1499 Tarso
521 1456 652 1498 Nonis
686 1456 899 1506 Ianuariis,
942 1471 1024 1497 non
1073 1456 1299 1497 mehercule
1345 1456 1425 1498 dici
1466 1462 1611 1514 potest,
1657 1476 1735 1515 qua
1778 1462 1845 1503 ad-

83 1532 294 1573 miratione
328 1531 493 1572 Ciliciae
536 1530 746 1571 civitatum
787 1529 1038 1583 maximeque
1080 1529 1350 1571 Tarsensium.
1406 1531 1550 1572 Postea
1594 1548 1685 1574 vero
1727 1550 1847 1590 quam

83 1607 260 1647 Taurum
300 1609 569 1658 transgressus
613 1617 716 1650 sum,
759 1601 925 1642 mirifica
972 1602 1217 1656 exspectatio
1261 1602 1382 1643 Asiae
1424 1608 1651 1646 nostrarum
1696 1607 1849 1649 dioece-

86 1679 204 1729 sium,
239 1692 340 1733 quae
374 1691 442 1717 sex
474 1674 681 1717 mensibus
714 1674 875 1729 imperii
907 1675 986 1715 mei
1019 1675 1150 1716 nullas
1183 1690 1291 1716 meas
1325 1681 1532 1731 acceperat
1564 1678 1712 1730 literas,
1747 1695 1851 1721 nun-

89 1767 207 1805 quam
244 1751 443 1805 hospitem
476 1749 642 1790 viderat.
677 1747 785 1789 fflud
821 1752 955 1790 autem
988 1753 1146 1803 tempus
1181 1749 1398 1803 quotannis
1433 1754 1524 1791 ante
1558 1766 1620 1791 me
1655 1752 1785 1794 fuerat
1808 1755 1851 1795 in

85 1824 162 1864 hoc
197 1827 389 1878 quaestu:
426 1823 608 1864 civitates
641 1823 874 1878 locupletes,
909 1838 959 1863 ne
992 1822 1035 1862 in
1062 1821 1230 1863 hiberna
1254 1823 1401 1863 milites
1424 1823 1660 1879 reciperent,
1688 1842 1852 1881 magnas

85 1897 276 1952 pecunias
310 1895 474 1945 dabant,
529 1896 665 1951 Cyprii
698 1896 849 1937 talenta
883 1896 1019 1936 Attica
1054 1910 1129 1946 ce„
1163 1911 1241 1950 qua
1273 1911 1323 1937 ex
1353 1896 1487 1938 insula
1521 1925 1578 1929 -—
1612 1914 1690 1940 non
1721 1896 1853 1960 ὑπερ-

87 1967 328 2027 βολικῶς,
365 1969 434 2010 sed
480 1969 683 2010 verissime
726 1970 867 2024 loquor
917 1994 974 1999 ——
1023 1985 1171 2010 numus
1214 1969 1350 2010 nullus
1391 1984 1453 2010 me
1499 1970 1722 2023 obtinente,
1769 1989 1852 2015 ero-

88 2043 265 2098 gabitur.
306 2042 370 2084 Ob
403 2043 501 2084 haec
537 2042 743 2093 beneficia,
778 2043 926 2098 quibus
960 2043 1020 2084 illi
1053 2042 1358 2098 obstupescunt,
1393 2043 1526 2085 nullos
1560 2044 1729 2086 honores
1753 2046 1906 2088 „111le

139 2233 157 2262 9
182 2231 267 2268 vicis,
292 2249 332 2254 —
346 2234 479 2271 praeter
501 2242 567 2262 eum
590 2231 695 2269 semel,
718 2240 804 2260 nemo
828 2229 946 2269 aceepit
969 2248 1010 2252 —
1022 2229 1110 2270 facil
1133 2248 1174 2252 —

90 2404 183 2434 Fam.
206 2403 306 2433 VIII.
330 2403 357 2439 2,
382 2403 409 2432 2.
434 2404 463 2439 4,
488 2404 515 2432 5.
541 2403 568 2438 6,
583 2405 611 2432 5.
628 2403 656 2438 9,
674 2404 702 2432 3.
726 2402 806 2432 Eius
820 2401 947 2437 collega

91 2457 138 2487 M.
148 2455 303 2487 Octavius
317 2456 356 2486 de
365 2465 402 2485 ea
413 2465 447 2486 re
456 2455 652 2486 certiorfieri
662 2455 702 2485 ab
712 2455 740 2485 A
746 2455 824 2485 ttico
834 2454 947 2484 voluit.

132 2509 174 2545 Is,
198 2508 353 2548 ceteroqui
374 2507 543 2544 abstinens,
567 2514 628 2538 cet.
665 2508 775 2538 Locus
806 2517 822 2538 e
855 2507 947 2537 bonis

91 2562 183 2592 libris
206 2562 399 2592 emendatus
433 2566 490 2597 est,
521 2561 670 2591 nondum
701 2565 844 2591 sanatus.
881 2560 948 2590 Ad-

91 2615 233 2645 scribam
254 2614 362 2649 verba,
385 2614 550 2653 quomodo
573 2613 692 2653 partim
716 2614 756 2643 ab
779 2613 862 2650 aliis,
880 2622 949 2653 par-

92 2668 153 2698 tim
175 2677 192 2697 a
216 2676 268 2696 me
290 2672 435 2696 correcta
457 2671 547 2696 sunt:
573 2665 607 2695 Is
622 2665 776 2706 ceteroqui
791 2665 950 2695 abstinens

94 2729 163 2757 EST,
192 2720 248 2750 sed
277 2719 364 2749 Iulia
392 2719 460 2759 Zeye
489 2719 665 2749 transilans
693 2719 790 2749 semel
828 2721 950 2749 tamtum

94 2774 127 2804 in
159 2773 249 2809 diem,
280 2782 340 2802 non
369 2774 403 2801 ut
431 2772 490 2802 alia·
518 2772 659 2802 solebant
692 2772 829 2803 omnibus
865 2771 951 2809 υἱοῖς,

93 2826 232 2867 aceepit:
255 2835 309 2856 ΙΤΑ
324 2825 412 2865 saci?
436 2827 469 2855 at
494 2825 568 2855 mihi
592 2825 792 2864 excipiendus
814 2825 866 2862 sit,
890 2832 952 2856 cet.

94 2879 144 2910 De
167 2879 240 2918 lege
262 2878 348 2909 Iulia
372 2878 486 2908 monui
513 2878 553 2907 ad
577 2887 626 2917 ep.
651 2878 699 2914 10,
723 2879 742 2908 2
758 2878 789 2909 h.
808 2879 828 2908 l.
856 2878 952 2908 Trau-

96 2932 206 2968 sitare,
239 2931 326 2970 quod
357 2939 399 2960 ex
430 2930 493 2960 hoc
521 2940 588 2960 uno
617 2930 690 2960 loco
729 2935 869 2967 notatur,
906 2936 953 2962 est

96 2995 163 3015 uno
186 2985 238 3014 die
262 2983 364 3013 multa
388 2983 459 3013 loca
482 2983 584 3013 obire.

140 3036 210 3066 Has
239 3054 279 3058 --
309 3035 415 3066 sordes
450 3035 623 3074 accepimus
653 3046 685 3066 o:
716 3036 777 3067 hoc
806 3037 954 3074 dedecus,

101 3089 185 3119 hanc
201 3088 439 3129 turpitudinem
462 3088 565 3118 debeo
589 3089 631 3126 Q.
647 3089 781 3125 Titinio,
803 3090 859 3129 qui
874 3090 955 3120 mihi

102 3142 189 3173 hunc
212 3143 381 3174 hominem
405 3142 550 3182 legat-um
572 3143 825 3176 commendavit.

1038 2398 1055 2437 ξ
1080 2398 1108 2428 6.
1136 2398 1255 2428 Certum
1281 2398 1442 2436 hominem,
1465 2399 1523 2428 sed
1544 2398 1672 2439 mirifice
1694 2399 1787 2430 etiam
1807 2402 1856 2431 (d)-

993 2451 1160 2482 slinenlem
1184 2463 1217 2482 o:
1242 2463 1308 2482 non
1334 2454 1432 2483 modo
1455 2453 1625 2483 hominem
1640 2459 1855 2494 constantem,

995 2506 1052 2536 sed
1075 2505 1174 2536 etiam
1199 2505 1430 2537 abstinentem.
1468 2506 1529 2537 Cff.
1559 2516 1641 2547 quae
1672 2508 1787 2538 monui
1816 2510 1857 2540 ad

995 2559 1059 2589 III.
1085 2560 1133 2595 15,
1159 2561 1187 2589 5.

1042 2614 1060 2653 ξ
1091 2612 1119 2645 7.
1152 2612 1250 2642 Asiae
1280 2613 1457 2642 nostrarum
1488 2611 1683 2644 dioecesim.
1725 2613 1773 2645 Cf.
1807 2625 1856 2655 ep.

997 2669 1046 2704 15,
1071 2668 1100 2696 8.
1124 2665 1161 2697 Si
1184 2666 1283 2696 verba
1307 2667 1485 2696 noslrarmn
1516 2666 1701 2697 dioecesium
1731 2667 1858 2699 Cicero-

998 2722 1048 2752 nis
1071 2724 1156 2756 sunt,
1185 2719 1373 2760 explicandi
1396 2729 1492 2749 causa
1516 2720 1664 2759 genitivo
1686 2720 1782 2752 Asiae
1805 2723 1857 2752 ad-

998 2774 1066 2804 dita
1089 2778 1174 2803 sunt.
1217 2772 1253 2803 Si
1277 2773 1418 2803 alterum
1448 2773 1629 2803 delendum
1658 2778 1715 2811 est,
1743 2775 1857 2805 malim

998 2828 1095 2858 Asiae
1119 2827 1259 2858 abiicere
1283 2832 1315 2858 et
1333 2827 1368 2857 in
1386 2836 1476 2867 seqq.
1492 2827 1600 2858 verbis
1617 2830 1804 2866 acceperant
1819 2847 1858 2852 —

997 2883 1146 2913 viderant
1169 2883 1344 2922 corrigere.

1043 2936 1159 2966 Nullas
1182 2946 1265 2967 mea-s·
1288 2954 1329 2958 —
1351 2935 1464 2966 literas
1489 2936 1631 2976 aquibus
1661 2935 1800 2976 pecunia
1829 2937 1859 2968 ei

1001 2989 1250 3029 iniperaretur.”
1273 2988 1352 3018 ΕΓΗ.
1854 2989 1858 2994 ’

1042 3042 1206 3081 Hospitem
1248 3052 1281 3072 o:
1327 3041 1471 3081 aliquem
1507 3051 1524 3071 0
1568 3041 1649 3072 meis
1685 3042 1860 3073 comitibus

1002 3095 1087 3135 apud
1120 3104 1153 3125 se
1191 3094 1414 3125 diversantem
1450 3097 1479 3123 et
1518 3093 1659 3133 hospitio
1696 3094 1859 3135 excipien—

1001 3149 1091 3179 dum.

1865 965 1899 992 10

1867 1336 1900 1361 15

1872 1702 1907 1727 20
