2117 3533
230 159 311 198 136

832 342 933 383 XII.

627 157 711 199 ΕΡ.
746 158 821 198 AD
854 158 900 198 T.
935 156 1283 198 POMPONIUM
1316 156 1579 197 ATTICLM.

1002 341 1066 394 (A.
1109 342 1153 382 U.
1191 341 1232 381 0.
1268 341 1387 395 696.)

293 460 332 498 1.
367 457 427 497 Tu
460 456 624 510 quidem
657 456 795 497 sedulo
829 454 1136 511 argumentaris,
1172 454 1269 508 quid
1303 455 1356 495 sit
1390 454 1630 509 sperandum
1665 460 1704 494 et
1726 454 1897 495 maxime
1920 467 1988 507 per

229 535 425 579 senatum,
460 528 646 583 idemque
682 534 803 584 caput
836 528 1056 582 rogationis
1090 527 1259 582 proponi
1293 526 1448 576 scribis,
1485 541 1604 580 quare
1638 526 1681 566 in
1725 530 1866 567 senatu
1910 524 1990 565 dici

227 603 329 644 nihil
362 602 481 642 liceat
490 619 501 652 3
535 601 671 656 itaque
706 601 858 642 siletur.
895 601 975 641 Hic
1008 606 1054 640 tu
1088 615 1149 640 me
1184 615 1360 650 accusas,
1395 600 1501 655 quod
1540 615 1601 640 me
1634 599 1832 650 afflictem,
1866 614 1991 653 quum

196 684 209 708 5
227 676 283 717 ita
317 675 392 715 sim
425 673 610 722 afflictus,
654 678 700 714 ut
733 688 849 713 nemo
883 686 1083 727 unquam,
1126 672 1232 726 quod
1272 676 1359 712 tute
1399 671 1607 726 intelligis.
1653 671 1771 726 Spem
1815 669 1993 712 ostendis

228 746 449 788 secundum
483 744 658 785 comitia.
709 744 821 795 Quae
854 744 932 784 ista
965 748 1025 784 est
1068 742 1205 783 eodem
1250 741 1415 783 tribuno
1449 742 1503 797 pl.
1545 748 1584 782 et
1624 741 1787 782 inimico
1831 740 1992 782 consule

228 819 463 874 designato?
500 821 540 859 2.
575 817 814 859 Percussisti
853 818 1023 871 [autem]
1060 830 1122 856 me
1157 816 1278 856 etiam
1313 815 1361 856 de
1395 815 1573 855 oratione
1608 813 1775 869 prolata.
1809 813 1994 855 (31111111-

227 893 325 939 neri,
356 896 403 932 ut
436 889 590 941 scribis,
624 889 796 940 medere,
832 890 865 930 si
899 889 997 943 quid
1030 893 1158 943 potes.

1215 888 1364 942 Scripsi
1406 887 1591 942 equidem
1636 887 1730 927 olim
1775 888 1811 928 ei
1853 887 1993 936 iratus,

228 964 334 1018 quod
368 964 434 1004 ille
468 964 574 1019 prior
608 964 820 1018 scripserat
830 982 840 1014 3
878 962 946 1003 sed
980 963 1037 1003 ita
1072 976 1395 1017 compresseram,
1420 966 1466 1001 ut
1488 975 1698 1015 nunquam
1721 963 1994 1001 emanaturam

176 1053 210 1079 10
226 1041 423 1091 putarem.
459 1036 550 1087 Quo
584 1036 702 1076 modo
736 1036 944 1086 exciderit,
979 1035 1130 1076 nescio.
1166 1034 1243 1076 Sed
1279 1035 1373 1088 quia
1405 1049 1612 1088 nunquam
1649 1033 1808 1082 accidit,
1835 1036 1882 1072 ut
1904 1045 1994 1071 cum

228 1124 273 1149 eo
307 1108 428 1149 verbo
461 1123 543 1148 uno
577 1113 847 1148 concertarem
881 1113 921 1148 et
954 1107 1049 1162 quia
1083 1107 1230 1161 scripta
1264 1105 1364 1147 1111111
1397 1106 1557 1146 videtur
1580 1104 1852 1160 negligentius
1875 1118 1994 1158 quam

228 1187 394 1231 ceterae,
430 1185 529 1236 puto
562 1197 677 1237 posse
710 1180 886 1236 probari,
921 1196 1002 1221 non
1036 1195 1119 1220 esse
1153 1195 1296 1221 meam.
1331 1179 1394 1230 Id,
1431 1179 1464 1220 si
1486 1184 1603 1234 putas
1626 1194 1688 1219 me
1710 1192 1826 1233 posse
1850 1177 1994 1225 sanari,

229 1270 341 1295 cures
375 1254 496 1295 velim
506 1272 517 1306 3
553 1255 616 1295 sin
649 1256 766 1311 plane
800 1255 914 1310 perii,
949 1254 1084 1295 minus
1128 1252 1280 1294 laboro.
1328 1255 1368 1293 3.
1411 1254 1498 1307 Ego
1544 1253 1663 1293 etiam
1708 1266 1817 1292 nunc
1858 1249 1994 1290 eodem

227 1329 270 1368 in
303 1327 390 1367 loco
424 1327 547 1378 iaceo,
584 1327 668 1369 51110
704 1343 882 1369 sermone
916 1327 1013 1376 11110,
1049 1326 1134 1366 51110
1169 1326 1412 1380 cogitatione
1447 1325 1542 1365 ulla.
1578 1324 1693 1365 Licet
1721 1323 1812 1374 tibi,
1836 1328 1884 1364 ut
1903 1322 1996 1364 scri-

177 1416 211 1443 15
228 1401 303 1451 bis,
338 1399 609 1454 significarim,
643 1405 690 1441 ut
724 1400 772 1441 ad
806 1415 869 1440 me
904 1399 1058 1440 venires
1093 1399 1117 1440 †
1151 1398 1282 1449 Dona,
1317 1403 1452 1439 tamen
1496 1397 1693 1452 intelligo,
1736 1403 1775 1438 te
1820 1412 1860 1437 re
1904 1395 1996 1436 istic

275 1554 293 1587 7
317 1552 508 1586 Percussisti
530 1554 634 1583 autem
657 1562 703 1583 me
724 1570 765 1573 -—-

276 1700 293 1739 ξ
318 1700 345 1729 1.
369 1698 516 1739 Idemque
534 1707 568 1728 o:
592 1698 648 1728 sed
663 1696 773 1727 simul.
797 1696 986 1727 Pronomen
1012 1696 1091 1726 idem

235 1753 267 1783 in
282 1752 486 1793 oppositione
499 1750 577 1791 poni
590 1750 705 1780 monui
718 1750 757 1779 ad
772 1750 799 1779 Ι.
817 1750 864 1786 11,
885 1750 912 1779 1.
934 1749 999 1780 Hic
1015 1758 1092 1779 vero

235 1816 307 1837 00111
329 1806 397 1836 vim
421 1815 487 1835 non
511 1804 622 1834 minus
643 1803 677 1833 in
701 1803 817 1843 copula
841 1813 898 1843 que
912 1803 1007 1833 sitam
1023 1811 1092 1833 esse

235 1860 439 1896 crediderim,
463 1864 559 1900 atque
582 1859 629 1890 ita
660 1858 794 1899 quidem
826 1864 862 1888 ut
891 1858 993 1889 altera
1023 1867 1093 1888 5011-

237 1914 357 1944 tentiae
380 1922 454 1953 pars
477 1911 603 1952 aliquid
626 1911 759 1951 gravius
776 1916 930 1950 opponat.
952 1910 1008 1941 Ad
1024 1919 1094 1940 rem

236 1967 276 1997 cf.
299 1967 332 1997 11.
354 1967 376 1996 1.
400 1967 448 2003 15,
474 1966 508 1996 6:
543 1964 626 2005 Quid
648 1964 734 1995 vides
756 1964 809 2005 aqi
824 1973 918 2004 posse
951 1966 1006 1994 aul
1035 1974 1093 2004 quo

237 2020 352 2051 modo?
388 2019 447 2049 Per
468 2019 679 2049 senatumne?
715 2019 757 2048 A!
788 2020 854 2047 tale
877 2017 1095 2058 perscripsisti

237 2073 281 2103 ad
303 2084 348 2102 me
369 2071 520 2113 quondam
544 2073 636 2112 caput
659 2070 736 2112 leqis
760 2070 777 2099 (
780 2070 896 2100 'lodium
926 2070 959 2099 in
989 2069 1096 2099 curiae

232 2125 450 2166 poslefi.rz'.9se
472 2134 511 2153 ne
533 2123 649 2163 referri
671 2134 746 2153 nere
768 2122 831 2152 dici
854 2122 973 2152 liceret.

280 2181 392 2221 Itaque
414 2180 538 2210 siletur.
577 2179 654 2209 Non
678 2178 764 2208 male
786 2177 972 2217 Malaspina
995 2177 1096 2217 suspi-

240 2239 332 2263 catur
354 2233 449 2263 scrib.
472 2241 541 2262 esse
563 2232 669 2271 itaque
690 2230 789 2266 sileri,
813 2235 850 2260 ut
871 2230 951 2260 11000
967 2239 1097 2269 quoque

242 2295 283 2315 ex
306 2284 411 2315 Attici
436 2284 538 2315 literis
560 2284 677 2313 hausta
691 2283 766 2312 sint.
790 2282 911 2313 Contra
936 2282 1029 2311 codd.
1054 2287 1097 2311 ta-

242 2348 318 2368 men
341 2342 468 2368 mutare
489 2337 590 2373 nolui,
613 2336 701 2376 quod
732 2335 889 2375 explicari
913 2339 1028 2375 potest.

284 2389 396 2420 Eodem
419 2389 541 2420 tribuno
556 2388 668 2428 plebis.
709 2388 851 2418 Putabat
881 2387 996 2418 Cicero
1027 2386 1098 2417 Clo-

243 2444 334 2474 dium
358 2443 456 2474 etiam
478 2443 512 2473 in
537 2446 726 2482 sequentem
750 2451 875 2471 0111111111
890 2441 1099 2480 designatum

244 2497 292 2533 iri,
317 2498 372 2527 scd
395 2497 483 2536 quod
506 2496 673 2526 metuebat
695 2505 762 2525 non
795 2499 843 2525 est
865 2493 996 2524 factum.
1021 2493 1099 2524 Vid.

246 2550 285 2588 Q.
311 2550 346 2579 fr.
371 2550 397 2579 1.
420 2550 448 2585 4,
473 2550 500 2579 3.

286 2602 417 2633 Inimico
439 2601 565 2632 consule
579 2601 752 2642 desiyncclo.
776 2602 841 2631 Int.
861 2601 901 2638 Q.
919 2600 1101 2632 Caecilium

245 2658 419 2689 Metellum
450 2657 622 2696 Nepotem,
651 2656 708 2696 qui
737 2666 838 2695 quum
869 2655 901 2685 in
934 2656 1101 2685 tribunatu

246 2710 397 2741 Ciceroni
421 2709 595 2745 restiterat,
617 2708 731 2737 consul
756 2718 831 2737 cum
855 2717 893 2738 eo
913 2707 946 2737 in
963 2707 1102 2744 ⁴<gratiam

246 2764 341 2794 rediit
364 2769 395 2794 et
426 2761 615 2793 iuimicitias
644 2761 691 2791 rei
720 2761 870 2800 publicae
901 2760 1100 2799 temporibus

246 2816 402 2857 permisit.
425 2815 502 2845 Vid.
527 2813 611 2845 Sest.
635 2813 682 2849 72,
706 2814 745 2843 de
768 2824 857 2853 prov.
881 2823 970 2843 cons.
1001 2814 1040 2843 22
1070 2819 1101 2843 et

246 2870 383 2910 saepius.

289 2927 305 2965 ξ
330 2927 357 2955 ἱ).
382 2922 570 2954 Percussisti
591 2924 693 2952 aulem
717 2932 762 2951 me
785 2921 889 2951 etiam.
917 2921 1000 2951 Cum
1023 2921 1099 2951 edit.

247 2979 341 3009 Rom.
371 2977 489 3008 seclusi
518 2978 630 3012 mrtem,
675 2975 763 3015 quod
799 2980 907 3004 ortum
941 2980 1020 3013 puto
1058 2983 1099 3003 ex

247 3032 355 3070 aliquo
379 3029 521 3065 nomine,
546 3039 564 3058 0.
585 3038 650 3068 quo
672 3028 816 3068 pendent
838 3027 937 3057 verba
965 3026 1003 3056 de
1032 3036 1099 3056 ora—

247 3083 331 3113 tione
351 3083 488 3122 prolata.
517 3082 604 3111 Nam
625 3086 794 3121 pereutere
817 3079 958 3119 aliquem
983 3080 1023 3109 de
1045 3078 1099 3108 ali<

247 3147 310 3180 «11ιο
334 3147 367 3168 re
391 3136 488 3166 nimis
510 3136 628 3167 durum
651 3140 707 3170 est,
732 3140 761 3164 et
786 3143 900 3174 parum
924 3133 1025 3173 placet
1060 3131 1099 3161 (le

1118 1697 1120 1738 J
1139 1695 1192 1725 hic
1229 1694 1394 1733 explicare
1429 1694 1511 1734 quod
1547 1694 1662 1724 attinet
1698 1694 1750 1722 ad.
1795 1692 1908 1723 Velim
1942 1701 2000 1732 pro

1118 1744 1120 1758 '
1141 1749 1245 1778 aulem
1268 1757 1425 1787 reponere
1449 1748 1559 1777 nuntio
1582 1754 1638 1778 aut
1651 1747 1746 1786 sicma
1769 1751 1826 1776 aut
1848 1755 1980 1776 rumore.

1183 1801 1230 1831 De
1252 1801 1396 1831 oratione
1412 1801 1555 1841 prolata.
1578 1802 1617 1832 In
1642 1800 1832 1836 Curionem,
1856 1804 1892 1830 ut
1914 1803 2001 1839 patet

1141 1863 1184 1885 ex
1206 1863 1254 1894 ep.
1280 1853 1327 1890 15,
1352 1855 1386 1884 3:
1411 1853 1473 1883 Sed
1494 1853 1570 1894 qnid
1593 1852 1715 1884 Curio?
1744 1862 1785 1882 an
1814 1851 1903 1882 illam
1933 1862 2002 1881 ora-

1141 1907 1254 1938 tionem
1276 1917 1337 1937 non
1360 1906 1463 1948 levit?
1487 1917 1565 1948 quae
1581 1907 1663 1937 unde
1677 1906 1719 1937 sit
1728 1906 1872 1946 prolata,
1889 1905 2001 1936 nescio.

1142 1961 1308 1993 Orationis
1332 1961 1517 2001 fragmenta
1540 1971 1556 1991 e
1580 1960 1799 2002 palimpsestis
1829 1960 1938 1990 Maius
1969 1966 2002 1990 et

1142 2017 1303 2049 Peironus
1327 2017 1509 2048 ediderunt.
1532 2017 1579 2048 Ea
1604 2017 1636 2047 in
1661 2022 1775 2047 senatu
1798 2016 1870 2046 loco
1892 2015 2002 2046 habita

1142 2078 1191 2103 est
1207 2072 1398 2108 sententiae,
1415 2076 1496 2102 teste
1512 2071 1733 2110 Quintiliano,
1751 2071 1778 2101 I.
1794 2069 1832 2102 O.
1849 2070 1914 2100 III.
1930 2069 1957 2106 7,
1974 2070 2002 2099 2.

1185 2125 1299 2155 Samari
1322 2135 1355 2155 o:
1379 2125 1518 2155 restitui.
1546 2124 1722 2165 Perperam
1747 2123 1930 2153 Lambinus
1942 2123 2003 2153 sol-

1142 2174 1291 2215 licitavit,
1321 2179 1408 2219 quod
1441 2178 1556 2209 Cicero
1596 2178 1717 2218 tropice
1753 2186 1873 2217 ponere
1907 2181 2003 2213 amat,

1144 2231 1377 2270 substituitque
1400 2230 1533 2261 serrari.

1185 2284 1203 2322 ξ
1227 2284 1255 2313 3.
1289 2283 1375 2312 Licet
1405 2282 1470 2320 tibi,
1500 2285 1533 2311 ut
1562 2281 1682 2318 scribis,
1712 2280 1914 2322 siymTJ‘icarim
1945 2286 2004 2311 eet.

1144 2338 1287 2368 Molesta
1309 2343 1386 2368 sunt
1408 2337 1507 2368 verba
1521 2339 1556 2366 ut
1571 2335 1690 2367 scribis.
1714 2335 1889 2367 Sehutzius
1903 2340 2005 2365 trans-

1144 2391 1222 2432 poni
1245 2390 1339 2421 iussit
1361 2396 1434 2430 post
1455 2389 1599 2430 inlelliyo
1623 2391 1662 2419 le.
1686 2388 1830 2421 Orellius
1846 2388 2002 2419 coniecit:

1145 2446 1180 2474 ut
1202 2443 1272 2480 seis,
1295 2444 1394 2484 idque
1417 2443 1534 2483 placet.

1188 2499 1204 2531 †
1226 2496 1329 2527 Dona.
1366 2496 1526 2534 Quamvis
1548 2496 1704 2527 facilitate
1727 2505 1760 2526 se
1793 2496 2000 2526 commendet

1148 2550 1334 2581 emendatio
1356 2550 1562 2589 Malaspinae
1587 2549 1728 2586 Dodona,
1755 2559 1822 2580 non
1845 2550 1942 2580 debet
1961 2557 2003 2580 10-

1147 2613 1224 2634 111011
1248 2603 1386 2633 admitti.
1419 2602 1556 2643 Saepius
1580 2602 1693 2633 Cicero
1716 2602 1749 2632 in
1774 2602 1920 2642 epistolis
1942 2602 2003 2632 hoe

1148 2660 1294 2695 tempore
1309 2655 1436 2695 scriptis
1453 2655 1628 2685 eonsilium
1645 2654 1678 2684 in
1694 2654 1832 2695 Epirum
1848 2654 2003 2685 redeundi

1148 2710 1287 2746 nuntiat,
1318 2714 1353 2739 ut
1388 2710 1435 2745 14,
1467 2711 1493 2740 2.
1525 2711 1572 2746 123,
1604 2710 1631 2746 l,
1662 2719 1824 2750 nusquam
1847 2709 2004 2740 Dodonae

1147 2763 1351 2793 mentionem
1380 2762 1465 2799 facit,
1506 2772 1612 2802 neque
1648 2763 1835 2793 verosimile
1870 2763 1909 2793 de
1946 2762 2004 2792 illo

1148 2815 1220 2845 1000
1244 2815 1360 2855 potius,
1384 2825 1482 2855 quam
1506 2816 1545 2846 de
1562 2816 1726 2846 Buthroto
1743 2825 1817 2846 eum
1833 2815 2002 2853 cogitasse.

1148 2867 1183 2898 Si
1207 2878 1327 2899 nomen
1350 2869 1515 2908 proprium
1539 2869 1571 2898 in
1598 2869 1690 2898 codd.
1714 2868 1894 2908 corruptela
1928 2868 2002 2898 late—

1147 2928 1195 2951 ret
1218 2932 1293 2951 cum
1315 2922 1397 2952 Α115.
1422 2921 1545 2961 Popma
1577 2922 1673 2952 scribi
1702 2926 1810 2961 posset
1838 2921 1870 2950 in
1900 2920 2002 2951 Maee-

1145 2972 1279 3011 dom'am,
1303 2974 1354 3005 cui
1377 2975 1553 3014 suspicioni
1576 2974 1662 3004 favet
1685 2975 1757 3004 adv.
1777 2973 1836 3009 hie,
1856 2974 2002 3013 (1110(150-

1147 3026 1266 3065 quitur.
1280 3025 1345 3056 Sed
1358 3027 1433 3066 quia
1449 3026 1586 3056 minime
1600 3026 1779 3056 necessaria
1793 3030 1840 3056 est
1852 3025 2000 3061 adiectio,

1149 3079 1337 3109 Manutium
1360 3080 1449 3120 sequi
1474 3081 1585 3110 malim
1610 3080 1846 3117 corrigentem:
1862 3098 1902 3102 —
1915 3081 1999 3108 mmi-

1145 3141 1212 3161 res:
1236 3132 1314 3162 idem
1345 3134 1446 3163 lamen
1478 3133 1629 3171 intelliyc),
1661 3143 1758 3173 quam
1790 3134 2001 3165 Tuustallum
