2117 3533
687 175 794 216 LIB.
830 175 905 216 IV.
942 176 1025 216 ΕΡ.
1065 178 1259 216 11-13.

86 311 184 353 Inde
218 310 378 350 domum
413 316 616 361 coenatus,
651 314 698 350 ut
731 310 804 350 sim
839 325 953 351 mane
988 315 1143 365 praesto
1177 310 1337 351 Miloni.
1372 310 1436 351 Ibi
1469 317 1507 351 te
1540 310 1664 364 igItur
1712 308 1858 351 videbo

85 389 125 425 et
156 381 411 438 promonebo.
446 383 598 423 Domus
631 387 670 423 te
703 387 839 422 nostra
872 387 956 424 tota

126 546 145 576 2
161 544 343 585 promovebo
366 563 405 566 —

1770 176 1851 215 187

991 383 1138 424 salutat
1145 416 1152 423 .

130 685 167 716 Ut
191 685 246 715 sim
270 695 360 715 mane
376 687 506 725 praes-lo
538 685 652 716 Miloni
682 698 747 716 non
778 691 818 718 de
846 698 944 727 opera
965 686 969 722 l
993 693 1178 716 coenatum.
1202 686 1361 716 Ernestus
1386 686 1417 715 id
1440 684 1601 724 probavit.
1625 684 1748 714 Melius
1772 685 1796 714 I.
1816 683 1853 713 F.

86 752 119 772 111
144 741 264 771 iudicio
286 750 343 780 pro
366 740 494 771 Milone
520 742 672 781 ponenda
701 742 825 772 dictum
856 747 943 782 puto.

85 797 215 827 Praesto
244 805 310 826 esse
341 796 374 826 111
406 796 497 825 0111111
527 806 561 826 16
595 796 658 826 dici
697 806 739 826 cx
774 796 825 826 his
863 797 943 826 locis

85 848 285 890 perspicitur,
316 848 377 878 IV.
409 849 435 883 1,
466 849 495 878 4.
527 848 575 884 13,
600 848 628 877 1.
652 848 695 878 V.
720 849 768 885 13,
792 850 821 879 1.
844 849 942 879 VIII.

85 903 133 939 15,
157 902 185 932 2.
208 900 271 931 IX.
289 901 343 937 -16,
367 902 396 931 3.
420 900 463 931 X.
488 902 515 937 8,
541 902 568 931 3.

127 954 307 985 Promovebo
343 965 361 984 a
397 955 573 985 Tunstallo
602 964 632 995 p.
671 954 710 986 97
741 955 940 994 explicatur:

992 739 1194 771 Gronovius:
1224 740 1339 780 uLege
1362 741 1392 769 et
1419 738 1625 778 promerebor,
1656 739 1853 768 satisfaciam

993 793 1051 823 tibi
1075 793 1127 823 vel
1151 792 1262 822 omnia
1292 791 1410 822 faciam
1439 796 1473 821 ut
1502 791 1649 831 placeam
1681 790 1741 820 tibi
1771 790 1854 820 irato

991 846 1034 875 ol)
1056 845 1249 875 Macronem
1271 844 1497 874 destitutum.''
1522 842 1637 873 Cicero
1655 843 1855 881 promerendi

991 899 1092 930 verbo
1115 898 1263 928 absolute
1286 898 1391 928 utitur
1412 907 1442 937 p.
1467 897 1553 927 Mur.
1579 895 1627 928 70.
1651 895 1715 927 Off.
1738 896 1783 926 ΙΙ.
1805 897 1854 926 53.

990 953 1029 983 Id
1052 962 1168 982 verum
1191 958 1279 991 puto.
1303 951 1426 991 Scripsi
1450 956 1560 981 tamen
1585 959 1601 980 e
1617 950 1718 980 Torn.
1737 950 1854 981 Lamb.

87 1008 188 1039 vinde
210 1017 244 1037 o:
270 1016 287 1038 e
309 1007 447 1037 Milonis
470 1007 568 1037 domo
591 1012 623 1038 te
645 1007 804 1037 deducam
827 1008 867 1037 ad
890 1016 943 1037 1116
984 1005 1181 1046 promovebo.
1216 1005 1264 1035 De
1287 1005 1376 1036 Med.
1398 1015 1466 1035 11011
1490 1004 1567 1035 satis
1590 1008 1727 1034 constat.

677 1113 806 1153 XIII.

150 1230 188 1269 I.
224 1228 310 1269 Nos
343 1226 385 1267 111
419 1227 692 1268 Tusculanum
734 1226 888 1267 venisse
934 1242 969 1267 a.

874 1113 938 1165 (Α.
981 1111 1025 1151 U.
1065 1112 1106 1151 o.
1142 1112 1261 1165 699.)

1011 1225 1050 1265 d.
1088 1237 1200 1266 XVII.
1247 1226 1341 1266 Kal.
1388 1224 1600 1265 Dccembr.
1651 1223 1768 1264 video
1812 1230 1850 1265 te

86 1301 199 1342 scire.
233 1299 299 1340 Ibi
331 1299 550 1354 Dionysius
583 1299 700 1340 nobis
733 1303 891 1354 praesto
924 1299 1016 1339 fuit.
1059 1298 1208 1338 Romae
1243 1313 1278 1338 a.
1314 1297 1353 1338 d.
1390 1310 1490 1339 XIII.
1526 1296 1697 1339 Kalend.
1743 1298 1856 1338 volu-

87 1389 175 1415 mus
209 1388 307 1414 esse.
358 1372 468 1423 Quid
510 1373 613 1423 dieo,
658 1372 868 1413 volumus?
909 1372 1038 1413 Immo
1079 1386 1171 1411 vero
1216 1371 1410 1425 cogimur.
1464 1370 1631 1411 Milonis
1671 1371 1853 1425 nuptiae.

88 1446 352 1487 Comitiorum
385 1445 580 1485 nonnulla
614 1444 750 1499 opinio
785 1448 865 1495 est,
901 1444 927 1487 †
960 1459 1067 1498 ergo,
1103 1447 1148 1483 ut
1182 1443 1234 1484 sit
1265 1447 1365 1484 rata.
1401 1443 1561 1484 Afuisse
1585 1457 1647 1483 me
1672 1443 1715 1484 in
1742 1443 1857 1484 alter-

85 1517 326 1568 nationibus,
362 1532 460 1571 quas
493 1517 536 1558 in
571 1522 715 1558 senatu
749 1516 873 1558 factas
908 1516 1043 1567 audio,
1079 1516 1160 1557 fero
1192 1531 1275 1557 11011
1307 1516 1494 1567 moleste,
1536 1531 1629 1556 nam
1675 1520 1745 1556 aut
1790 1515 1856 1556 dc-

85 1591 313 1641 fendissem,
348 1590 455 1644 quod
487 1606 568 1631 non
600 1590 787 1645 placeret,
830 1594 900 1630 aut
934 1588 1164 1640 defuissem,
1201 1588 1266 1629 oui
1301 1604 1383 1629 non
1417 1593 1632 1643 oporteret.
1667 1589 1745 1630 Sed
1776 1605 1856 1630 me-

89 1662 249 1703 hercule
283 1662 402 1703 Velim
435 1678 497 1704 res
530 1663 627 1704 istas
661 1667 700 1703 et
732 1667 981 1718 praesentem
1017 1667 1165 1703 statum
1199 1662 1256 1702 rei
1289 1661 1473 1717 publicae
1519 1666 1558 1702 et
1600 1677 1678 1717 quo
1723 1662 1856 1703 animo

86 1734 267 1775 6011511165
300 1734 430 1776 ferant
462 1735 570 1776 hune
605 1731 830 1792 σκυλμόν
864 1734 1013 1776 scribas
1048 1735 1098 1776 ad
1132 1750 1208 1786 me,
1241 1739 1439 1789 quantum
1473 1739 1579 1789 pote.
1615 1735 1743 1776 Valde
1767 1750 1854 1775 sum

1898 1461 1912 1485 5

88 1804 360 1863 ὀξύπεινος,
396 1813 448 1860 et,
485 1809 518 1850 si
552 1809 723 1864 quaeris,
759 1809 893 1850 onmia
925 1808 1026 1850 milii
1061 1813 1155 1850 sunt
1179 1814 1377 1864 suspecta.
1416 1812 1455 1850 2.
1480 1809 1668 1850 Crassum
1692 1809 1854 1864 quidem
1878 1825 1909 1850 10

87 1884 267 1922 nostrum
300 1881 452 1921 minore
487 1881 683 1936 dignitate
719 1881 834 1922 aiunt
866 1881 1090 1936 profectum
1124 1882 1375 1937 paludatum,
1419 1898 1538 1937 quam
1581 1882 1675 1923 olim
1710 1898 1854 1937 aequa-

87 1953 163 1993 lem
198 1953 284 1993 eius
316 1953 365 1994 L.
400 1953 602 2005 Paullum,
637 1954 733 1994 item
768 1954 914 1994 iterum
949 1954 1168 1995 consulem.
1220 1954 1256 1995 O
1300 1954 1503 1995 hommem
1544 1957 1737 2009 nequam!
1795 1956 1855 1996 De

127 2113 147 2141 4
170 2110 316 2151 nuptm,-
341 2110 531 2142 oomz'tz'ormn
556 2110 710 2140 nonnulla
733 2110 836 2150 opinio
859 2111 916 2140 est.
950 2109 1026 2151 Eyo,
1058 2112 1093 2139 vt
1122 2110 1164 2140 sit
1193 2111 1276 2146 rasa,
1307 2109 1426 2150 afuisse
1448 2128 1489 2132 —
1511 2110 1530 2140 9
1553 2108 1709 2140 rescribas
1731 2126 1769 2130 -
1788 2109 1856 2148 pot'

84 2166 130 2195 esc
154 2182 195 2186 —
218 2164 256 2194 12
279 2163 436 2201 Paullum,
459 2162 571 2193 ilerum
594 2162 760 2193 consulem.

128 2305 146 2344 ξ
162 2305 189 2334 1.
209 2302 335 2333 Milonis
351 2301 478 2342 nuptiae
493 2307 554 2332 cet.
570 2301 691 2332 Melius
704 2301 940 2341 distinguendo
965 2299 968 2315 ¹

86 2357 196 2387 locum
217 2355 336 2396 partim
358 2353 482 2385 sanavi.
506 2353 668 2394 Pleraque
685 2358 795 2384 autem
813 2363 873 2384 1166
890 2353 947 2384 alii

87 2412 335 2453 expediverunt,
365 2420 426 2441 1166
455 2409 604 2440 Κο6111115
634 2409 809 2440 scribendo
839 2409 885 2440 l.l.
916 2420 946 2450 p.

89 2468 142 2498 12:
166 2466 230 2506 Eyo
252 2485 294 2489 —-
314 2468 349 2495 at
371 2467 490 2496 secreto
512 2483 553 2487 —-
573 2464 696 2504 aficisse
724 2470 785 2496 cet.
823 2466 948 2496 Intelli-

87 2529 199 2560 gerem
221 2519 266 2550 sic
289 2519 423 2559 scripta:
448 2517 544 2547 Immo
567 2527 639 2547 vero
663 2517 798 2558 ooqz'mm·
816 2517 949 2549 Milonis

88 2571 216 2612 nuptiis,
238 2570 435 2601 Comitiorma
451 2569 604 2600 nonnulla
621 2569 725 2609 opinio
739 2572 796 2600 est.
827 2569 948 2607 Vereor,

88 2628 122 2657 ut
144 2627 187 2656 sit
209 2628 293 2656 rata.
316 2625 463 2665 Abfuisse
486 2635 532 2654 me
554 2629 614 2655 cet.

132 2674 280 2722 σκυλμόν
305 2688 338 2708 o:
363 2672 482 2721 ὄχλον,
507 2676 797 2717 perturbationem.
820 2676 860 2705 In
883 2675 948 2706 He-

89 2732 193 2773 sychii
206 2731 334 2763 Lexico
349 2731 499 2761 invenies
513 2725 682 2767 σκύλλειν,
703 2723 741 2760 τὸ
763 2729 833 2764 τοῖς
854 2722 948 2766 ὄνυξι

88 2783 178 2828 σπᾴν
200 2799 251 2803 -—
275 2778 439 2814 σκύλλου.
468 2778 611 2826 ἐνοχλοῠ
631 2796 680 2801 —-
706 2777 845 2817 σκύλσις
862 2805 869 2812 .
887 2806 893 2813 .
914 2806 920 2813 .
939 2802 947 2810 .

87 2835 245 2881 ταραχὴ.

132 2893 288 2933 Quantum
304 2894 380 2932 pote
405 2892 437 2922 in
462 2891 617 2922 familiari
640 2900 793 2922 sermone
823 2890 948 2921 diceba-

87 2951 143 2977 tur
170 2955 229 2986 pro
259 2946 406 2986 quantum
434 2946 546 2984 potest,
581 2944 679 2983 idque
712 2953 769 2983 pro
801 2945 948 2983 quantum

78 2997 158 3038 fieri
172 3000 288 3038 potest,
311 3002 346 3028 ut
368 3007 436 3027 11011
459 3006 532 3026 raro
548 2998 653 3036 potest
678 3006 735 3036 pro
741 2995 819 3036 fieri
843 2997 949 3034 potest

90 3051 232 3091 ponitur.
263 3050 312 3082 Cf.
335 3050 447 3081 Madv.
470 3050 509 3079 ad
533 3048 607 3079 Fin.
631 3059 660 3089 p.
684 3047 753 3084 767,
784 3048 841 3087 qui
871 3047 949 3078 citat

91 3114 132 3135 cx
154 3105 205 3134 his
227 3104 334 3145 epistt.
359 3104 400 3133 V.
427 3103 473 3139 17,
498 3104 526 3133 4.
553 3102 633 3132 XII.
658 3104 706 3139 223,
734 3103 747 3131 I
778 3107 811 3132 ct
840 3103 889 3137 40,
919 3102 946 3132 2.

89 3158 199 3188 Etiam
224 3158 264 3188 V.
290 3159 336 3194 13,
362 3159 379 3187 3
404 3168 470 3187 non
494 3157 602 3187 miuus
626 3163 711 3186 recte
736 3166 751 3185 e
770 3155 858 3186 Med.
874 3155 947 3185 scri-

993 2303 1079 2334 bitur
1108 2304 1136 2333 δι’
1165 2303 1240 2344 quid
1262 2306 1375 2345 potest,
1407 2315 1505 2346 quam
1536 2315 1552 2336 6
1583 2315 1687 2344 marg.
1718 2306 1804 2338 Crat.
1828 2307 1856 2336 δι’

991 2355 1067 2396 quid,
1081 2359 1181 2396 pote&

1035 2411 1053 2450 ξ
1077 2412 1105 2441 2.
1128 2410 1329 2442 Paludatmn.
1355 2411 1491 2443 Crassus
1514 2412 1548 2443 111
1572 2417 1721 2444 extremo
1742 2424 1856 2445 consu-

995 2465 1064 2495 latu
1087 2465 1189 2496 altero
1217 2465 1352 2496 indutus
1381 2467 1616 2506 paludamento
1646 2466 1856 2507 imperatorio

995 2517 1029 2547 in
1052 2518 1255 2558 provincia-m
1278 2518 1366 2555 abiit,
1390 2518 1436 2549 ita
1458 2519 1648 2558 sigmficans
1671 2528 1705 2550 56
1730 2519 1855 2550 bellum

995 2570 1149 2601 adversus
1163 2570 1302 2602 Parthos
1316 2576 1484 2611 gesturum
1499 2581 1578 2603 esse.
1604 2571 1653 2603 Cf.
1666 2572 1740 2603 Liv.
1754 2572 1854 2603 XXI.

996 2622 1045 2652 63.
1062 2622 1233 2654 Profectus
1248 2628 1295 2654 est
1311 2630 1420 2655 autem
1436 2625 1563 2655 minore
1578 2625 1740 2665 dignitate
1756 2635 1855 2665 quam

996 2677 1076 2706 olim
1098 2676 1137 2706 L.
1161 2676 1327 2708 Aemilius
1351 2677 1497 2715 Paullus,
1524 2678 1617 2709 cuius
1641 2679 1674 2709 111
1703 2679 1854 2709 Macedo-

995 2730 1085 2761 niam
1115 2730 1177 2761 iter
1205 2731 1310 2761 maior
1339 2741 1439 2772 quam
1467 2732 1561 2762 solita
1592 2732 1765 2762 hominum
1796 2732 1854 2763 sre-

996 2785 1131 2825 quentia
1159 2785 1347 2822 celebravit,
1376 2786 1451 2816 Liv.
1485 2786 1596 2816 XLV.
1630 2787 1669 2817 22
1699 2792 1790 2817 extr:
1823 2792 1855 2817 at

996 2836 1131 2868 Crassus
1155 2837 1235 2868 abiit
1256 2838 1404 2868 dirarum
1428 2837 1464 2869 C.
1486 2838 1580 2869 Ateii
1597 2837 1765 2878 Capitonis
1781 2838 1855 2868 trib.

995 2889 1038 2929 pl.
1069 2889 1322 2921 obnuntiatione
1352 2890 1512 2931 neglecta,
1546 2890 1648 2920 nullis
1684 2890 1855 2920 hominum

996 2942 1111 2979 studiis
1134 2943 1317 2974 comitatus.
1342 2943 1409 2974 Cic.
1432 2945 1472 2974 de
1495 2943 1607 2974 DiVin.
1630 2944 1657 2974 I.
1680 2944 1729 2974 29.

1039 2994 1118 3025 Item
1143 2995 1255 3025 iterum
1279 2996 1445 3026 consulem.
1482 2996 1555 3026 Hoc
1579 2996 1679 3026 latere
1703 2996 1737 3026 in
1761 2996 1857 3037 scrip-

998 3056 1071 3080 tura
1095 3049 1171 3079 libri
1194 3049 1337 3080 Medicci
1358 3048 1430 3079 item
1458 3049 1490 3079 T.
1514 3051 1613 3079 terum
1635 3059 1717 3080 cons.
1733 3059 1758 3080 s.
1776 3050 1857 3080 vidit

999 3101 1203 3131 Bru-helerus
1226 3102 1312 3131 Mus.
1346 3102 1449 3132 Rhen.
1481 3101 1545 3131 XI.
1575 3112 1604 3141 p.
1635 3102 1704 3131 5:30.
1743 3102 1857 3141 Vulgo

997 3154 1154 3185 omittunt
1194 3154 1274 3190 ilem,
1311 3156 1397 3195 quod
1434 3155 1565 3185 additur
1601 3155 1758 3194 quoniam
1798 3156 1857 3185 hav
