2117 3533
735 166 843 206 LIB.
878 167 977 207 VII.
1010 165 1095 207 ΕΡ.
1131 167 1205 210 20.
1241 168 1313 208 21.
1829 167 1911 206 227

139 298 214 340 etsi
247 303 286 339 te
320 298 453 353 ipsum
486 299 579 339 istic
629 314 692 339 am
727 314 857 339 carere
890 305 1003 354 puto,
1046 299 1115 340 sed
1149 305 1283 341 tamen
1334 303 1532 354 quantum
1566 298 1728 353 poteris.
1763 299 1850 353 Ego
1885 299 1916 339 si

140 369 241 425 quid
274 369 341 411 hic
375 370 494 412 hodie
528 370 622 412 novi
656 385 845 424 cognoro,
880 371 992 413 scies.
1035 371 1124 413 Iam
1156 372 1265 413 enim
1299 370 1472 412 aderunt
1505 370 1690 412 consules
1723 370 1775 412 ad
1820 386 1914 412 suas

141 443 298 485 Nonas.
346 443 453 484 Tuas
487 441 668 497 quotidie
701 442 839 483 literas
871 441 1127 498 exspectabo.
1174 443 1241 484 Ad
1273 442 1346 484 has
1380 447 1531 493 autem,
1581 457 1707 497 quum
1752 441 1916 498 poteris,

140 514 349 558 rescribes.
383 514 580 556 Mulieres
615 520 655 556 et
688 515 902 556 Cicerones
935 516 979 556 111
1014 516 1229 558 Formiano
1263 516 1424 570 reliqui.

184 677 201 708 1
225 677 332 708 calere
353 695 394 700 —

139 813 234 846 libris
256 813 393 846 affertur
416 813 532 852 calere,
556 815 644 855 quod
666 815 834 846 1111101000
850 825 917 846 non
931 824 1008 846 con-
1030 824 1033 848 i
1053 824 1144 855 qnam
1167 824 1219 845 vos
1241 824 1324 846 nunc
1346 815 1419 846 istie
1441 815 1523 846 satis
1546 815 1653 846 calere
1675 813 1780 845 audio.
1816 813 1920 845 Vides

138 867 254 899 venire
291 871 414 898 statuet
442 876 584 905 mecum,
621 867 680 908 qui
710 867 889 907 diligenter
918 868 1009 899 locos
1054 867 1259 898 contrarium
1281 876 1351 898 esse
1366 866 1527 908 friyeozdz'.
1551 866 1660 907 Igitur
1674 866 1733 907 qui
1746 865 1810 897 iam
1824 866 1918 903 calet,

139 920 330 958 excusserit,
359 920 419 951 ubi
460 920 566 951 calere
602 921 828 961 metaphorice
864 920 1009 961 ponitur.
1057 917 1085 949 is
1107 922 1205 950 antea
1228 918 1370 959 frigebat
1378 932 1386 956 ;
1411 919 1499 959 quod
1528 918 1569 949 ab
1599 918 1631 949 h.
1662 918 1684 948 l.
1713 917 1813 959 plane
1842 918 1922 964 alie-v

139 973 257 1005 Unum
279 972 424 1010 afferam,
448 981 491 1004 ex
513 982 579 1013 quo
601 972 653 1004 vis
675 973 769 1004 verbi
799 973 877 1003 satis
907 972 1010 1013 perei-
1056 982 1147 1004 num.
1177 973 1247 1012 Qui
1269 974 1411 1014 agitatur
1434 978 1466 1006 et
1487 973 1574 1005 curis
1596 973 1822 1014 molestiisque
1844 982 1920 1004 con-

138 1025 257 1067 pitur.·
281 1023 383 1056 Valde
404 1025 517 1062 metuo,
541 1025 655 1056 scribit
678 1024 795 1056 Cicero
818 1026 859 1056 ad
889 1025 1010 1056 Treba·
1055 1025 1175 1063 ficitur,
1199 1032 1287 1058 reete
1302 1029 1454 1058 aestuare
1471 1033 1504 1058 et
1520 1026 1638 1058 sudare
1653 1026 1790 1064 dicetur,
1813 1026 1920 1057 calere

139 1077 225 1111 tium
248 1077 329 1108 VH.
352 1077 402 1115 10,
426 1076 456 1115 2,
479 1087 518 1108 ne
532 1077 664 1118 friqea-s·
685 1077 720 1108 in
741 1077 891 1115 hibernis,
907 1087 1010 1118 quam·
1055 1088 1123 1110 non
1147 1080 1254 1120 magis
1276 1090 1376 1121 quam
1398 1080 1522 1111 ardere.

139 1130 240 1164 obrem
280 1130 400 1162 camino
413 1130 575 1162 luculento
588 1129 737 1162 utendum
751 1139 872 1162 censeo.
899 1130 1010 1171 Quam-

740 1262 858 1303 ΧΧΙ.
924 1263 991 1314 (Α.
1034 1261 1080 1301 [s.
1115 1260 1158 1302 C.
1198 1262 1315 1316 705.)

206 1389 245 1428 1.
277 1387 339 1428 De
373 1386 490 1429 malis
523 1388 672 1428 nostris
705 1392 752 1428 tu
785 1387 899 1442 prius
932 1387 1049 1428 audis
1083 1402 1204 1442 quam
1249 1402 1338 1442 ego.
1388 1388 1516 1429 Istinc
1562 1389 1669 1429 enim
1715 1394 1918 1430 emanant.

141 1459 247 1501 Boni
291 1464 427 1501 autem
470 1459 567 1501 hinc
613 1458 722 1514 quod
768 1464 987 1515 exspectes,
1031 1459 1136 1501 nihil
1181 1465 1256 1501 est.
1305 1460 1412 1500 Veni
1457 1460 1637 1516 Capuam
1683 1460 1733 1501 ad
1778 1462 1919 1503 Nonas

142 1532 276 1584 Febr„
310 1532 368 1574 ita
399 1538 448 1574 ut
479 1533 681 1575 iusserant
714 1533 913 1574 consules.
973 1534 1033 1574 Eo
1067 1532 1132 1574 die
1165 1533 1367 1574 Lentulus
1401 1533 1514 1575 venit
1548 1549 1650 1585 sero,
1694 1534 1794 1576 alter
1827 1550 1920 1577 con-

141 1606 204 1647 sul
237 1606 401 1647 omnino
435 1621 518 1647 non
552 1610 715 1647 venerat
750 1619 831 1647 vn.
865 1605 981 1647 Idus.
1030 1607 1091 1647 Eo
1124 1606 1232 1647 enim
1266 1606 1331 1647 die
1365 1620 1438 1661 ego
1488 1606 1627 1662 Capua
1672 1606 1839 1649 discessi
1880 1614 1920 1649 et
1959 1629 1973 1653 ς,

140 1678 271 1721 mansi
304 1677 488 1720 Calibus.
522 1677 625 1719 Inde
658 1677 731 1719 has
764 1678 901 1720 literas
933 1678 1128 1734 postridie
1163 1683 1256 1720 ante
1289 1678 1420 1720 lucem
1455 1678 1565 1721 dedi.
1599 1680 1727 1732 Haec,
1757 1681 1917 1737 Capuae

139 1752 238 1794 dum
272 1751 348 1804 fui,
383 1752 577 1807 cognovi:
613 1751 717 1793 nihil
761 1752 804 1793 in
849 1751 1099 1804 consulibus,
1140 1752 1298 1794 nullum
1344 1767 1514 1808 usquam
1560 1752 1775 1794 delectum.
1829 1754 1917 1794 Nec

139 1825 249 1867 enim
284 1825 580 1880 conquisitores
614 1828 1055 1884 φαινοπροσωπεῖν
1089 1824 1253 1876 audent,
1289 1840 1414 1880 quum
1447 1825 1514 1866 ille
1549 1826 1669 1877 adsit,
1700 1830 1917 1881 contraque>

139 1902 275 1940 noster
308 1897 392 1939 dux
423 1912 625 1951 nusquam
660 1897 726 1948 sit,
760 1897 865 1938 nihil
898 1903 991 1952 agat
1001 1915 1012 1948 3
1048 1912 1122 1939 nec
1151 1897 1316 1938 nomina
1350 1897 1462 1940 dant.
1516 1898 1663 1939 Deficit
1696 1898 1804 1939 enim
1838 1913 1920 1939 non

140 1971 326 2012 voluntas
360 1969 430 2011 sed
465 1984 570 2025 spes.
605 1969 765 2011 Gnaeus
800 1974 934 2011 autem
967 1974 1104 2011 noster
1139 1994 1196 2001 —
1231 1985 1254 2010 o
1288 1985 1371 2011 rem
1406 1971 1591 2012 miseram
1625 1976 1665 2012 et
1700 1970 1971 2014 111010(111)1-1ῡ

140 2043 239 2085 lem!
277 2069 333 2075 --
369 2048 415 2083 ut
445 2046 557 2083 totus
590 2042 717 2083 iacet!
754 2043 850 2083 Non
885 2042 1043 2083 animus
1075 2047 1149 2093 est,
1185 2058 1267 2084 non
1301 2043 1531 2094 consilium,
1556 2059 1637 2085 non
1661 2044 1812 2098 copiae,
1837 2059 1920 2084 non

142 2116 370 2171 diligentia.
400 2115 567 2157 Mittam
599 2114 683 2165 illa,
719 2114 856 2170 fugam
890 2114 940 2156 ab
974 2114 1074 2156 urbe
1108 2116 1399 2170 turpissimam,
1433 2115 1712 2158 timidissimas
1740 2117 1784 2157 in
1807 2116 1921 2171 oppi—

142 2188 204 2230 dis
238 2188 461 2240 contiones,
496 2187 792 2243 ignorationem
826 2203 908 2229 non
944 2188 1074 2229 solum
1110 2187 1328 2230 adversarii
1368 2188 1437 2229 sed
1482 2190 1603 2230 etiam
1649 2204 1812 2230 suarum
1857 2203 1921 2229 co-

142 2262 321 2318 piarum:
356 2261 434 2302 hoc
468 2259 695 2302 cuiusmodi
730 2261 817 2303 est?
853 2263 893 2302 2.
928 2274 1010 2303 vn.
1045 2261 1110 2304 Id.
1145 2260 1265 2304 Febr.
1299 2262 1479 2317 Capuam
1513 2262 1560 2303 C.
1594 2262 1757 2304 Cassius
1790 2260 1921 2303 tribu-

143 2350 222 2377 nus
254 2334 309 2390 pl.
341 2334 469 2385 venit,
505 2333 643 2375 attulit
676 2333 867 2375 mandata
902 2333 952 2375 ad
988 2334 1187 2384 consules,
1221 2339 1268 2376 ut
1290 2335 1459 2376 Romam
1486 2335 1681 2386 venirent,
1706 2334 1921 2390 pecuniam
1942 2352 1969 2377 tf>

145 2407 194 2449 de
228 2407 427 2448 sanctiore
461 2406 613 2447 aerario
647 2405 864 2456 auferrent,
900 2407 1036 2448 statim
1072 2407 1240 2449 exirent.
1282 2407 1391 2449 Urbe
1426 2408 1565 2449 relicta
1609 2407 1796 2449 redeant:
1841 2424 1919 2462 quo

187 2569 206 2600 2
227 2568 312 2601 istim
334 2588 375 2593 -
399 2570 418 2601 8
439 2570 497 2601 ille
518 2569 606 2601 adsit
630 2572 753 2607 contra,
778 2572 884 2601 noster
908 2589 947 2593 —
974 2572 1012 2602 13
1036 2573 1206 2612 copiarum.
1231 2574 1260 2603 2.
1284 2572 1355 2604 Hoc
1378 2574 1549 2605 exulusmods:
1573 2593 1610 2597 —

189 2714 209 2754 ξ
232 2714 261 2744 1.
285 2713 518 2755 Conquisz'tores
546 2719 633 2751 sunt,
662 2716 719 2755 qui
749 2716 926 2747 mittuntur
957 2718 1008 2748 de-
1031 2735 1033 2763 4
1100 2718 1227 2749 Mittam
1251 2719 1321 2755 illa,
1336 2719 1448 2758 fuglam
1476 2738 1514 2742 Q
1537 2721 1709 2761 eoplarnm:
1741 2724 1796 2753 hoe
1825 2724 1924 2754 cuias-

146 2768 252 2799 lectus
283 2768 430 2799 habendi
462 2778 570 2799 causa.
604 2769 678 2799 Mil.
716 2770 766 2802 67.
790 2771 877 2802 Hirt.
899 2772 940 2803 de
970 2773 1008 2803 B.
1059 2771 1142 2802 modi
1163 2772 1239 2802 est?
1262 2772 1313 2802 Ita
1334 2772 1415 2803 haec
1438 2773 1672 2813 distinguenda
1695 2785 1825 2807 censeo.

147 2821 252 2852 Alex.
274 2821 304 2852 2.
1033 2816 1035 2842 Ῑ
1100 2823 1336 2864 Iynorationem
1360 2835 1427 2855 11011
1450 2825 1664 2866 ‘lyam-matiam
1688 2829 1803 2860 Cicero
1833 2830 1923 2866 dicis,

191 2873 284 2904 Adsit
307 2883 342 2905 οι
365 2874 488 2914 ubique
511 2874 563 2911 sit,
587 2882 622 2906 ut
645 2881 778 2916 apparet
799 2887 841 2908 ex
863 2877 1012 2918 opposito
1033 2845 1036 2883 ¹
1060 2876 1123 2907 nisi
1147 2886 1213 2907 uno
1236 2876 1309 2907 loco
1331 2877 1437 2907 Aead.
1461 2878 1488 2908 1.
1511 2879 1562 2909 42.
1599 2879 1686 2909 Nam
1711 2880 1745 2910 in
1768 2881 1860 2911 Lael.
1886 2881 1925 2912 70

149 2935 300 2967 nusquam
322 2925 365 2956 sit
388 2936 422 2957 o:
447 2927 570 2966 ubique
593 2927 807 2959 desideretur.
829 2929 920 2969 Ergo
942 2896 1037 2975 con-«l¹
1061 2931 1141 2961 boni
1162 2931 1239 2961 libri
1263 2931 1347 2961 illud
1369 2936 1512 2969 tuentur,
1528 2939 1560 2963 et
1575 2943 1605 2973 p.
1620 2933 1751 2971 Flacco,
1768 2934 1808 2966 47
1824 2937 1925 2966 verba

149 2981 203 3010 tra
232 2989 299 3010 non
328 2980 427 3011 debet
455 2980 616 3020 coniungi
644 2990 720 3012 cum
754 2982 852 3013 adsit.
889 2982 1013 3023 Scripsi
1035 2987 1037 3041 1
1059 2984 1272 3026 iynorantiam
1295 2984 1461 3015 literarum
1485 2996 1552 3016 non
1576 2997 1646 3018 esse
1671 2988 1850 3026 Ciceronis,
1867 2991 1925 3020 sed

150 3038 261 3064 autem
295 3035 476 3075 contraque,
507 3044 613 3074 quum
640 3034 674 3065 in
705 3035 795 3066 Med.
824 3036 867 3067 sit
902 3038 1013 3067 eontra
1036 3045 1037 3048 ’
1060 3036 1164 3077 inepti
1188 3036 1381 3077 glossatoris
1404 3047 1494 3068 1111110
1516 3039 1594 3070 satis
1616 3045 1754 3072 constat.

149 3095 246 3127 quem.
269 3085 433 3118 Similiter
454 3097 485 3127 p.
507 3087 611 3118 Marc.
633 3087 675 3118 20
688 3097 751 3119 non
766 3091 822 3120 tua
836 3089 907 3120 ulla
923 3089 1014 3130 culpa
1035 3050 1038 3113 l
1103 3090 1121 3130 ξ
1144 3090 1174 3121 2.
1196 3089 1354 3120 Mandata
1379 3090 1440 3122 Cn.
1464 3091 1625 3132 Pompeii.
1647 3093 1731 3124 Mox
1770 3095 1863 3124 onsvl
1877 3100 1924 3125 est

152 3141 199 3170 est
220 3158 271 3178 —,
293 3142 463 3182 contraque
487 3150 602 3172 summa
624 3141 708 3173 laus.
1035 3114 1039 3156 1
1061 3144 1242 3181 Lentulus3
1268 3154 1344 3175 nam
1368 3145 1549 3177 Marcellus
1572 3157 1637 3177 11011
1664 3152 1807 3178 venera?⁴
1831 3148 1833 3151 ’
