2117 3533
238 979 271 1005 10

291 177 376 216 232
687 171 770 211 EP.
805 168 880 209 AD
913 167 958 207 Τ.
993 165 1341 208 POMPONIUM
1375 164 1638 206 ATTICUM.

288 309 423 351 diceae
456 322 517 348 me
559 305 703 355 dicere,
748 317 871 357 quum
916 303 1065 343 Romae
1112 302 1162 342 A.
1197 301 1352 342 Plotius
1396 300 1530 341 dicat?
1574 303 1614 340 et
1659 314 1782 354 quum
1823 300 2041 342 exercitum

290 387 422 424 noster
455 380 606 421 amicus
638 376 786 418 habeat
819 380 991 427 tantum,
1034 390 1096 415 me
1129 389 1275 416 nomen
1316 373 1461 415 habere
1507 372 1677 414 duarum
1718 372 1922 428 legionum
1963 374 2043 414 exi-

289 455 414 496 lium?
456 451 639 505 Denique
673 449 770 490 haec
803 463 884 490 non
918 448 1120 499 desider03
1166 447 1310 497 lucem,
1357 447 1500 497 forum,
1550 445 1704 496 urbem,
1750 445 1927 498 domum,
1977 462 2045 488 vos

290 527 485 569 desidero.
531 523 607 566 Sed
644 523 781 573 feram,
815 526 863 563 ut
894 525 1047 576 potero,
1083 521 1136 561 sit
1167 519 1285 560 modo
1320 534 1513 560 annuum.
1559 518 1600 559 Si
1630 523 1880 573 prorogatur,
1915 524 2047 562 actum

287 605 360 641 est.
395 599 545 638 Verum
577 596 763 652 perfacile
797 595 928 636 resisti
962 598 1108 649 potest,
1142 598 1189 634 tu
1224 592 1340 633 modo
1374 593 1522 633 Romae
1558 591 1624 632 sis.
1683 594 1722 631 2.
1757 591 1926 642 Quaeris
1949 593 2046 648 quid

286 673 352 713 1110
387 671 529 726 agam?
580 671 645 711 Ita
678 669 823 718 vivam,
858 672 905 708 ut
937 667 1131 708 maximos
1168 670 1351 720 sumptus
1386 664 1501 706 facio.
1552 664 1721 705 Mirifice
1756 663 1929 705 delector
1972 665 2048 707 1100

286 745 487 787 instituto.
531 742 793 785 Admirabilis
826 740 1070 782 abstinentia
1104 755 1152 780 ex
1185 738 1409 794 praeceptis
1442 738 1539 788 tuis,
1588 742 1635 777 ut
1667 751 1816 786 verear,
1849 751 1900 777 ne
1932 736 2047 788 illud,

284 817 390 873 quod
422 821 556 858 tecum
588 814 824 870 permutavi,
859 827 1020 853 versura
1053 810 1152 852 mihi
1186 809 1421 851 solvendum
1466 809 1531 849 sit.
1589 808 1711 863 Appii
1754 809 1922 850 Vulnera
1963 825 2047 852 non

288 890 442 940 refrico,
478 888 547 930 sed
580 891 772 943 apparent
804 901 878 927 nec
912 885 1040 926 occuli
1073 888 1254 939 possunt.
1307 885 1347 923 3.
1381 883 1464 924 Iter
1497 881 1694 923 Laodicea
1727 878 1921 922 faciebam
1949 895 1985 921 a.
2009 879 2050 921 d.

289 977 357 1006 111.
391 963 487 1004 Νο11
522 962 645 1011 Sext„
682 974 806 1014 quum
840 958 912 999 has
944 957 1080 998 literas
1115 955 1274 1006 dabam,
1308 955 1351 995 in
1385 959 1514 995 castra
1557 955 1600 995 in
1645 952 1889 1008 Lycaoniam
1900 970 1910 1002 ;
1955 951 2050 992 inde

290 1037 339 1078 ad
372 1036 546 1076 Taurum
581 1031 821 1087 cogitabam,
855 1035 901 1071 ut
934 1045 1025 1071 011111
1058 1029 1299 1083 Moeragene
1334 1026 1460 1081 signis
1494 1026 1663 1076 collatis,
1709 1025 1743 1066 si
1789 1040 1958 1080 possem,
2002 1023 2051 1064 de

290 1124 402 1151 servo
434 1112 505 1148 tuo
539 1104 778 1147 deciderem.

1165 1211 1221 1216 —
1260 1209 1315 1215 ——
1356 1183 1540 1225 Clitellae
1574 1183 1657 1224 bovi

601 1268 699 1306 Sunt
735 1264 948 1317 impositae,
983 1262 1158 1309 cillane;
1190 1274 1265 1301 non
1297 1262 1355 1300 est
1388 1261 1560 1299 nostrum
1594 1271 1699 1297 onus.

289 1450 359 1480 lum
382 1448 492 1488 aliqua
514 1445 675 1478 sententia
698 1443 847 1480 causalis,
864 1442 1057 1483 plerumque
1071 1450 1146 1471 011111

290 1501 450 1542 particula
479 1499 569 1536 enim,
594 1504 630 1528 ut
653 1498 722 1528 Att.
746 1497 810 1527 VI.
833 1497 861 1532 3,
886 1496 913 1532 1,
944 1496 984 1525 de
1013 1493 1069 1526 Or.
1099 1493 1145 1523 ΙΙ.

290 1555 360 1590 218,
384 1553 458 1584 Fiu.
482 1552 542 1583 IV.
575 1551 602 1588 7,
633 1561 663 1591 p.
698 1549 791 1581 Caec.
823 1550 878 1585 553
911 1547 1013 1578 rarius
1043 1546 1146 1576 oratio

291 1607 396 1649 pergit
419 1616 456 1638 ea
478 1606 591 1642 forma,
618 1614 681 1645 qua
704 1604 736 1633 h.
760 1603 781 1633 l.
795 1603 897 1633 utitur
912 1600 1037 1632 Cicero.
1061 1600 1148 1630 Nam

291 1660 443 1700 exempla
478 1658 629 1694 Liviana,
660 1666 743 1697 quae
773 1655 883 1686 attulit
912 1655 1084 1694 Krugerus
1114 1653 1147 1683 111

292 1713 441 1751 Quaestt.
476 1720 614 1750 gramm.
644 1709 717 1740 Lat.
748 1709 774 1738 Ι.
806 1719 835 1748 1).
871 1708 910 1738 52
940 1717 985 1747 sq.
1028 1705 1149 1736 diversi

291 1770 366 1797 sunt
388 1763 528 1805 generiS,
552 1762 586 1793 in
609 1762 728 1803 quibus
750 1759 860 1802 quippe
883 1760 971 1790 idem
993 1758 1060 1789 fere
1091 1763 1148 1795 est,

291 1820 378 1861 quod
401 1817 491 1849 enim.
514 1818 554 1848 In
578 1815 785 1857 praecedenti
808 1814 971 1845 sententia
989 1813 1079 1844 Med.
1095 1813 1151 1844 dat

295 1874 408 1905 habeat
432 1891 472 1895 —
494 1873 599 1909 cesset,
625 1880 706 1911 quos
729 1869 956 1901 coniunctivos
979 1867 1152 1898 0011111010-

295 1926 484 1968 terrogandi
506 1930 584 1956 nota
613 1924 744 1956 defendi
774 1932 868 1963 posse
896 1922 1051 1953 Concedo.
1085 1920 1152 1951 Sed

296 1982 402 2014 multo
424 1980 557 2021 gravius
580 1984 611 2010 et
632 1987 789 2019 personae
805 1976 943 2008 dicentis
960 1975 1066 2016 aptius
1082 1983 1152 2005 esse

296 2037 376 2067 haec
398 2033 584 2066 indicativis
608 2032 762 2070 affirmari
792 2030 937 2072 plerique
966 2029 1048 2060 mihi
1078 2038 1152 2059 con-

296 2091 422 2121 cedent.

339 2142 453 2174 Noster
475 2140 603 2171 amicus.
640 2139 813 2180 Significat
837 2138 873 2169 C.
905 2137 1063 2173 Cassium,
1095 2135 1152 2177 qui

298 2207 356 2238 pro
379 2200 551 2236 quaestore
573 2204 648 2224 cum
670 2194 717 2224 M.
742 2192 860 2224 Crasso
879 2191 913 2221 in
936 2190 1067 2230 Syriam
1083 2199 1152 2229 pro-

298 2251 401 2282 fectus
424 2253 492 2280 erat
517 2253 548 2279 et
569 2252 642 2288 post
664 2246 763 2277 huius
785 2246 923 2281 cladem,
947 2248 1022 2274 ante
1040 2241 1153 2273 Bibuli

299 2305 487 2339 adveutum,
511 2301 710 2332 Parthorum
728 2298 837 2338 copias
859 2296 943 2327 fudit
959 2295 1155 2336 Syriamque

300 2365 413 2388 eorum
437 2355 561 2394 impetu
583 2352 745 2383 liberavit.
769 2350 913 2390 Philipp.
932 2348 995 2379 XI.
1011 2349 1061 2377 35.
1083 2347 1154 2377 Mo-

299 2411 380 2441 leste
418 2413 527 2438 autem
568 2406 692 2437 ferebat
728 2403 852 2440 Cicero,
891 2401 1042 2433 Cassium
1084 2409 1154 2440 pro-

300 2468 506 2505 quaestorem
534 2459 713 2491 maioribus
746 2457 849 2497 copiis
876 2463 1024 2494 praeesse
1055 2463 1154 2494 quam

300 2526 334 2547 se
357 2513 595 2555 proconsulem.
630 2512 680 2542 De
704 2510 841 2541 Caesare
870 2507 1015 2547 cogitare
1044 2506 1154 2536 absur-

300 2569 378 2599 dum
402 2571 467 2602 est3
496 2566 535 2596 de
564 2564 697 2600 Bibulo,
728 2562 782 2602 qui
812 2561 963 2591 nondum
994 2559 1027 2589 in
1058 2557 1155 2598 Syria

301 2625 369 2651 erat
392 2619 438 2657 (h.
461 2618 482 2648 l.
508 2617 554 2653 16,
578 2618 607 2646 4.
632 2616 679 2651 IS,
704 2615 736 2655 1)
759 2614 890 2644 falsum.

345 2672 398 2703 Me
420 2681 527 2701 women
551 2669 662 2699 habere
685 2669 817 2698 duarum
840 2665 994 2706 leyionum
1016 2663 1154 2695 erilium.

300 2726 397 2761 Nam,
423 2729 459 2754 ut
482 2721 593 2753 scribit
615 2720 734 2761 Appio,
757 2719 851 2749 Fam.
875 2718 940 2748 III.
965 2717 992 2754 6,
1018 2718 1045 2753 5,
1070 2715 1154 2746 illud

301 2788 377 2809 eum
411 2776 573 2810 movebat,
619 2774 652 2803 111
688 2778 779 2802 tanta
814 2771 959 2801 militum
994 2768 1155 2809 paucitate

302 2831 414 2861 abesse
437 2834 501 2859 tres
523 2827 671 2857 cohortes
693 2824 912 2865 plenissimas.

343 2883 453 2913 Lucem
475 2892 509 2911 o:
533 2881 643 2910 10011111
664 2878 812 2909 omnium
836 2876 938 2906 oculis
958 2875 1153 2916 expositum.

301 2935 410 2967 Simili
433 2934 467 2965 vi
491 2933 606 2964 Cicero
635 2931 721 2962 dixit
748 2929 781 2959 iti
809 2928 906 2958 Asiae
937 2928 1006 2957 luce
1035 2926 1156 2957 versari

301 2991 339 3021 de
363 2990 441 3029 imp.
467 2988 593 3027 Pomp„
618 2986 645 3018 7.
669 2986 709 3015 ad
733 2984 773 3022 Q.
797 2983 834 3013 fr.
857 2984 883 3012 I.
907 2983 934 3019 l,
959 2982 987 3012 9.

342 3042 451 3071 Acium
474 3042 530 3070 est.
564 3037 721 3069 Formula
742 3035 942 3076 desperantis
965 3035 1004 3064 de
1028 3043 1085 3064 sua
1108 3043 1154 3063 sa-

302 3095 379 3124 lute.
402 3093 479 3123 Vid.
502 3091 636 3123 Ruhnk.
660 3090 700 3119 ad
723 3089 798 3119 Ter.
820 3088 926 3118 Andr.
951 3088 1015 3117 III.
1039 3087 1067 3123 1,
1091 3085 1119 3118 7.

343 3147 361 3186 ἓ
385 3147 413 3177 2.
436 3145 491 3176 Ita
514 3144 624 3182 vivam,
647 3145 681 3174 ‘ut
704 3153 741 3173 m.
764 3152 787 3172 s.
801 3140 904 3182 facio.
928 3139 1086 3172 Solemne
1101 3149 1154 3170 vo-

1195 1442 1273 1467 tum.
1312 1434 1361 1466 Cf.
1384 1433 1476 1465 Fam.
1501 1433 1542 1464 V.
1565 1433 1614 1470 21,
1639 1434 1654 1463 1
1679 1443 1749 1463 nam
1773 1435 1869 1463 {eelim
1901 1441 1977 1469 esse,
2006 1431 2053 1461 z'ta

1196 1489 1271 1521 mihi
1293 1489 1396 1520 omnia
1418 1498 1497 1530 quae
1520 1490 1591 1528 opto
1615 1488 1811 1528 confirmant,
1834 1488 1867 1516 uc
1897 1487 2055 1517 vehemeti-

1196 1545 1244 1573 ter
1266 1541 1367 1572 velim.
1390 1541 1434 1571 X.
1459 1542 1507 1578 12,
1532 1541 1547 1570 1
1573 1541 1619 1569 ita
1643 1543 1673 1570 le
1695 1539 1840 1569 victorem
1859 1538 2055 1578 complectar,

1196 1597 1230 1625 ut
1254 1604 1396 1635 maqnam
1412 1595 1536 1633 partem
1561 1592 1636 1622 mihi
1659 1590 1808 1622 laetitiae
1830 1593 1885 1620 tua
1915 1589 2057 1631 diqizilas

1197 1651 1303 1691 affert.
1327 1648 1424 1680 Catil.
1446 1647 1508 1678 IV.
1534 1648 1581 1678 11.
1606 1647 1646 1685 Q.
1683 1646 1751 1678 Cic.
1775 1647 1814 1676 ad
1840 1645 1931 1676 Fam.
1957 1644 2055 1675 XVI.

1198 1702 1247 1739 16,
1272 1702 1300 1731 1.
1325 1701 1374 1732 Cf.
1398 1700 1588 1731 Brissonius
1612 1700 1652 1730 de
1673 1698 1785 1729 Form.
1802 1708 1832 1738 p.
1849 1697 1919 1728 684.
1942 1697 2055 1727 Hand.

1199 1754 1342 1785 Turscll.
1365 1754 1430 1784 III.
1454 1763 1484 1793 p.
1507 1753 1577 1782 494.
1601 1751 1760 1792 Sumptus
1782 1755 1892 1781 autem
1915 1749 2054 1780 faciebat

1197 1809 1237 1839 de
1261 1818 1328 1845 suo,
1351 1812 1387 1837 ut
1410 1806 1581 1847 sequentia
1604 1805 1784 1837 declarant.

1242 1861 1331 1903 Quod
1351 1864 1450 1892 tecum
1470 1860 1660 1901 permutavi.
1683 1859 1732 1890 Cf.
1756 1868 1806 1899 ep.
1830 1859 1878 1895 13,
1902 1858 1930 1888 2.

1238 1915 1332 1956 Appii
1355 1915 1487 1946 vulnera
1510 1925 1543 1945 o:
1568 1915 1608 1945 ab
1637 1913 1749 1954 Appio
1779 1911 1969 1953 provinciae
1999 1911 2056 1942 im-

1197 1969 1303 2009 posita
1324 1968 1472 1999 vulnera.
1502 1967 1552 1997 De
1574 1966 1625 1996 his
1648 1966 1714 1996 vid.
1737 1975 1787 2006 ep.
1810 1964 1861 2001 16,
1884 1964 1911 1994 1.

1240 2022 1257 2061 ξ
1280 2023 1308 2052 3.
1332 2020 1401 2051 Iler
1423 2020 1457 2050 L.
1472 2019 1633 2060 faciebam
1658 2028 1690 2049 o:
1715 2018 1857 2049 facturus
1881 2026 1979 2048 eram.
2004 2015 2055 2048 Cf.

1198 2075 1239 2104 ad
1261 2074 1342 2104 VII.
1365 2073 1413 2110 23,
1438 2073 1466 2103 2.
1491 2071 1653 2103 Similiter
1675 2071 1737 2101 IV.
1768 2071 1816 2107 10,
1847 2070 1883 2100 2ε
1917 2068 1962 2099 ad
1991 2078 2057 2099 eum

1195 2124 1349 2166 postridie
1384 2134 1474 2155 mane
1516 2123 1675 2154 vadebam.
1702 2122 1734 2153 h.
1767 2122 1788 2152 l.
1819 2120 1867 2158 17,
1900 2121 1916 2151 1
1942 2119 2057 2160 paucis

1199 2178 1306 2209 diebus
1329 2177 1485 2208 habebam.

1243 2231 1314 2261 Cum
1338 2231 1537 2271 Moerayene.
1560 2229 1680 2259 Postea
1701 2228 1790 2258 hunc
1812 2233 1900 2259 certe
1922 2227 2056 2268 periisse

1199 2286 1335 2326 scripsit.
1358 2285 1437 2315 Erat
1459 2285 1528 2315 (lux
1555 2284 1729 2320 latronum,
1760 2283 1800 2313 ad
1825 2292 1923 2322 quem
1944 2291 2055 2313 servus

1198 2340 1304 2370 Attici
1333 2339 1469 2379 fugerat,
1500 2338 1553 2368 0111
1583 2337 1778 2368 Terentium
1808 2336 1908 2367 fuisse
1931 2344 2051 2367 nomen

1200 2401 1241 2423 ex
1265 2401 1313 2431 ep.
1338 2392 1365 2428 1,
1390 2391 1445 2421 lib.
1469 2390 1530 2420 VI.
1556 2390 1573 2429 ξ
1598 2390 1635 2419 13
1659 2388 1849 2419 0011110111111.

1242 2443 1388 2473 Clitellae
1424 2444 1484 2473 cet.
1523 2456 1535 2467 υ
1548 2442 1661 2472 Verba
1697 2446 1773 2471 sunt
1810 2440 1981 2471 cuiusdam
2022 2448 2055 2470 se

1200 2497 1318 2527 bovem
1340 2505 1409 2527 esse
1432 2494 1587 2535 fingentis
1610 2500 1642 2525 et
1675 2494 1833 2524 cillanum
1863 2492 2054 2529 accusantis,

1199 2549 1286 2589 quod
1308 2549 1335 2578 is
1358 2547 1421 2578 sibi
1444 2547 1583 2577 clitellas
1607 2546 1821 2586 imposuisset,
1853 2554 1935 2586 quae
1964 2544 2055 2575 asino

1199 2606 1291 2633 erant
1312 2601 1541 2641 imponendae.
1564 2599 1651 2629 Nam
1677 2599 1809 2630 clitellis
1839 2598 1959 2635 asinus,
1989 2607 2054 2628 non

1200 2656 1257 2686 bos
1286 2654 1403 2685 instrui
1431 2654 1549 2685 50101.”
1601 2653 1729 2683 Bosius.
1768 2653 1863 2683 Idem
1900 2662 1969 2682 voe.
2003 2651 2056 2682 cil·

1199 2709 1272 2738 lane
1295 2706 1446 2744 restituit,
1463 2712 1612 2747 repetens
1630 2705 1713 2735 illud
1728 2715 1746 2735 a
1761 2704 1881 2735 Dorico
1897 2700 2009 2739 κίλλος
2021 2715 2054 2736 o:

1199 2766 1270 2808 ὄνος
1309 2764 1442 2812 (κίλλον
1476 2766 1545 2814 ’γὰρ
1574 2765 1630 2801 τὸν
1660 2764 1734 2801 ὄνον
1765 2766 1795 2801 οἱ
1825 2761 1974 2813 Δωριεῖς,
2000 2761 2057 2797 καὶ

1199 2821 1413 2866 κιλλακτὴρα
1442 2819 1498 2855 τὸν
1527 2819 1698 2858 ὀνηλάτην
1730 2818 1899 2865 λέγουσιν,
1934 2819 2056 2850 Pollux

1201 2880 1280 2910 VH.
1291 2879 1355 2919 56),
1370 2879 1636 2919 comparavitque
1650 2878 1853 2908 1101111011111111
1868 2887 1902 2907 o:
1918 2874 2056 2921 ἡμίονον

1200 2945 1242 2966 ex
1265 2945 1314 2976 ep.
1337 2935 1387 2965 51.
1409 2935 1448 2965 L.
1472 2934 1572 2965 XIII.
1602 2933 1652 2964 De
1674 2933 1806 2964 clitellis
1829 2932 1894 2963 vid.
1917 2931 2057 2963 Phaechi

1200 2988 1264 3018 fab.
1292 2988 1318 3018 I.
1349 2988 1397 3017 15.
1428 3005 1469 3009 —-
1499 2986 1642 3017 Caecilio
1676 2985 1781 3016 Statio
1805 2994 1916 3015 versus
1946 2983 2058 3014 tribuit

1200 3040 1407 3081 Spengelius,
1442 3039 1476 3070 in
1506 3039 1604 3069 huius
1637 3038 1752 3077 fragm.
1794 3048 1823 3077 p.
1847 3037 1874 3067 9.
1916 3036 2058 3074 Quintil.

1201 3093 1244 3122 V.
1268 3093 1316 3129 11,
1340 3093 1388 3129 22,
1422 3091 1618 3122 Ammianus
1640 3090 1743 3120 Marc.
1765 3088 1864 3119 XVI.
1888 3089 1915 3125 5,
1947 3087 2057 3118 multis

1200 3156 1255 3179 005
1277 3155 1372 3188 saepe
1396 3146 1429 3177 111
1448 3155 1503 3179 ore
1520 3144 1619 3175 fuisse
1635 3144 1824 3174 ostendunt.
1847 3141 2057 3175 Hofmannus
