2117 3533
750 154 857 196 LIB.
891 155 949 196 ΙΙ.
983 155 1068 196 EP.
1105 156 1145 195 1.

1776 154 1828 194 73

78 292 143 343 sit,
178 290 284 345 quod
315 295 355 331 te
389 306 596 341 arcessam,
631 305 676 330 ac
710 289 828 330 simul
860 289 1098 345 impeditum
1131 294 1170 331 te
1203 290 1374 344 negotiis
1407 306 1490 331 esse
1524 288 1724 343 significas
1764 304 1831 330 ne-

78 379 153 419 que
186 378 355 414 recusas,
391 363 502 417 quin,
537 378 617 403 non
651 361 768 402 modo
803 362 835 402 si
869 378 968 417 opus
1002 364 1066 414 sit,
1102 363 1170 403 sed
1212 363 1331 404 etiam
1373 363 1406 403 si
1449 363 1582 412 velim,
1624 377 1829 404 accurras:

77 436 177 477 nihil
210 450 303 476 sane
337 440 396 477 est
428 450 608 486 necesse3
644 438 915 475 verumtamen
948 435 1134 476 videbare
1168 434 1267 476 mihi
1297 440 1475 490 tempora
1501 436 1832 490 peregrinationis

78 507 321 550 commodius
354 523 468 563 posse
502 508 731 548 discribere.
765 507 899 548 Nimis
933 508 1026 549 abes
1060 508 1144 559 diu,
1179 509 1410 563 praesertim
1446 524 1569 563 quum
1604 509 1657 549 sis
1679 509 1721 549 in
1745 523 1833 563 pro-

77 580 236 637 pinquis
269 580 366 621 locis
376 599 387 631 3
421 595 550 634 neque
584 595 656 620 nos
690 584 729 620 te
763 579 933 620 fruimur
966 585 1006 621 et
1038 585 1085 620 tu
1117 580 1233 621 nobis
1268 596 1389 621 cares.
1435 582 1495 621 Ac
1528 596 1637 621 nunc
1671 580 1834 635 quidem

77 653 203 694 otium
236 656 295 692 est
305 670 315 703 5
351 652 432 703 sed,
469 652 502 693 si
535 651 669 707 paullo
702 652 793 707 plus
828 652 937 693 furor
969 653 1168 694 Pulchelli
1201 654 1387 709 progredi
1419 659 1567 709 posset,
1614 655 1727 695 valde
1761 670 1833 709 ego

75 732 114 768 te
145 724 254 767 istim
287 725 514 766 excitarem.
559 725 709 764 Verum
743 725 941 779 praeclare
976 726 1165 767 Metellus
1198 726 1368 782 impedit
1401 732 1441 767 et
1473 727 1678 781 impediet.
1724 728 1834 780 Quid

77 798 257 853 quaeris?
290 798 364 838 Est
397 797 536 838 consul
570 794 873 856 φιλόπατρις
906 802 959 849 et,
1006 802 1052 839 ut
1085 815 1238 855 semper
1270 800 1461 850 iudicavi,
1503 805 1646 841 natura
1690 801 1834 844 bonus.

79 873 119 912 5.
153 871 226 912 Ille
260 874 392 911 autem
425 885 506 911 non
540 871 714 921 simulat,
750 870 819 912 sed
852 871 968 926 plane
1001 871 1189 914 tribunus
1223 873 1277 928 pl.
1310 874 1395 914 fieri
1428 874 1554 929 cupit.
1589 875 1679 925 Qua
1712 875 1760 916 de
1795 892 1834 917 re

78 959 201 999 quum
233 943 276 984 in
309 948 451 984 senatu
484 948 680 998 ageretur,
715 944 816 998 fregi
848 944 1051 985 hominem
1077 950 1117 985 et
1139 945 1452 987 inconstantiam
1473 947 1559 987 eius
1582 947 1834 1002 reprehendi,
1854 965 1887 990 10

77 1017 145 1072 qui
178 1017 325 1057 Romae
358 1016 611 1058 tribunatum
642 1017 697 1072 pl.
731 1021 896 1072 peteret,
943 1033 1067 1072 quum
1099 1018 1143 1059 in
1177 1019 1312 1061 Sicilia
1345 1021 1370 1064 †
1414 1021 1546 1062 Herae
1591 1021 1835 1064 aedilitatem

77 1105 117 1131 50
149 1094 281 1145 petere
315 1089 551 1140 dictitasset,
586 1105 714 1144 neque
748 1105 892 1145 magno
926 1106 1042 1146 opere
1073 1091 1157 1133 dixi
1180 1108 1264 1134 esse
1286 1092 1402 1135 nobis
1425 1093 1702 1146 laborandum,
1729 1095 1837 1149 quod

75 1162 201 1205 nihilo
233 1162 360 1217 magis
393 1162 429 1202 ei
462 1162 668 1203 liciturum
702 1167 804 1204 esset
836 1162 992 1218 plebeio
1026 1180 1108 1205 rem
1152 1164 1356 1220 publicam
1400 1166 1578 1221 perdere,
1623 1182 1742 1221 quam
1786 1167 1835 1208 si-

76 1234 237 1276 milibus
271 1235 370 1285 eius,
404 1250 467 1275 me
502 1235 677 1285 consule,
712 1235 891 1290 patriciis
925 1241 1028 1277 esset
1059 1237 1230 1278 licitum.
1266 1238 1367 1289 Iam,
1403 1254 1527 1293 quum
1561 1255 1600 1280 se
1644 1239 1710 1280 ille
1752 1255 1836 1295 sep-

75 1307 173 1348 timo
206 1307 269 1348 die
303 1308 457 1349 venisse
491 1323 513 1348 a
546 1307 646 1349 freto
680 1323 809 1363 neque
844 1308 920 1349 sibi
954 1309 1112 1350 obviam
1146 1326 1386 1365 quemquam
1417 1311 1574 1366 prodire
1598 1312 1775 1367 potuisse
1799 1317 1838 1353 et
1856 1326 1888 1352 15

76 1384 198 1422 noctu
230 1395 271 1421 se
303 1380 489 1421 introisse
523 1380 689 1421 dixisset
720 1381 763 1421 in
796 1396 921 1436 eoque
956 1397 995 1422 se
1029 1382 1072 1422 in
1106 1383 1291 1423 contione
1325 1383 1525 1434 iactasset,
1560 1384 1663 1425 nihil
1686 1384 1723 1425 ei
1745 1386 1839 1426 novi

116 1567 136 1596 4
157 1565 330 1598 describere
351 1585 393 1589 ——
415 1568 452 1598 11
477 1567 585 1599 Herae
607 1568 678 1600 sine
700 1568 884 1609 suspicione
908 1568 989 1599 vitii.
1012 1587 1053 1592 -—
1076 1569 1115 1600 12
1131 1568 1325 1610 plantasset.
1348 1570 1411 1602 Sed
1431 1581 1530 1613 neque
1551 1590 1592 1594 —

74 1758 171 1790 disses
192 1758 283 1800 idque
304 1757 446 1798 Pompeio
461 1756 663 1788 contendenti
678 1755 830 1787 dedisse-9.
853 1754 931 1786 Cae-

75 1817 180 1844 terum
202 1813 271 1853 ipsa
293 1812 327 1843 in
350 1812 562 1853 sequentibus
584 1811 760 1842 verborum
793 1809 931 1840 colloca-

75 1865 120 1896 tio
148 1865 307 1906 prohibet,
338 1865 513 1905 quominus
542 1863 598 1894 libi
631 1873 706 1894 cum
740 1862 774 1893 vi
809 1862 932 1892 dictum

76 1918 125 1955 sit,
146 1918 233 1958 quod
255 1928 322 1948 non
352 1917 478 1948 nemini
507 1917 635 1957 placere
668 1916 773 1946 video.
816 1915 932 1955 Neque

76 1971 131 2002 tibi
153 1982 198 2002 me
219 1982 280 2002 non
303 1971 469 2014 offerebam
490 1971 544 2002 hic
573 1971 753 2011 quidquam
782 1969 932 2000 offensio-

77 2028 126 2058 nis
148 2028 255 2059 habet.
279 2026 329 2059 Cf.
352 2038 382 2068 p.
406 2027 500 2058 Rosc.
522 2027 600 2058 Am.
626 2026 685 2056 112
715 2036 770 2055 em·
798 2024 872 2055 milei
902 2026 933 2055 le

76 2081 197 2122 offers?

118 2134 136 2173 ξ
158 2135 187 2165 4.
213 2132 399 2164 Discribere.
422 2133 519 2172 Quod
542 2133 575 2163 in
599 2132 769 2163 nonnullis
782 2132 874 2162 codd.
890 2131 933 2162 10-

78 2187 164 2226 gitur
184 2186 372 2217 distribuere
401 2191 448 2217 est
477 2186 627 2226 germani
655 2186 747 2216 verbi
778 2185 932 2225 interpre-

77 2239 163 2276 tatio,
180 2240 267 2280 quod
282 2250 299 2271 e
316 2240 416 2270 Torn.
426 2239 582 2270 Lambini
596 2238 805 2269 restituimus.
819 2238 932 2277 Vulgo

78 2292 259 2324 describere.
290 2293 340 2324 De
363 2293 532 2333 utriusque
555 2293 647 2324 verbi
664 2292 852 2323 discrimine
867 2292 931 2322 vid.

79 2345 280 2377 Buchelerus
309 2346 343 2377 in
383 2346 468 2376 Nov.
504 2346 590 2376 Mus.
626 2346 732 2377 Rhen.
770 2345 870 2376 XIII.
901 2355 931 2385 p.

80 2397 138 2428 598
160 2407 249 2439 seqq.

118 2450 271 2491 Proqredi
295 2453 412 2491 posset.
452 2451 528 2481 Non
569 2455 695 2492 poterat
734 2450 933 2491 impediente

77 2503 223 2535 Metello.

120 2556 270 2588 Metellus
297 2557 435 2598 impedit,
465 2568 518 2598 np.
554 2557 735 2589 resistendo
771 2557 935 2597 rogationi

78 2608 320 2647 Herennianae,
343 2611 383 2641 de
407 2620 470 2650 qua
492 2610 556 2640 vid.
580 2610 606 2640 I.
630 2610 678 2647 18,
702 2611 731 2640 4.
763 2609 811 2640 Cf.
842 2609 932 2640 Coel.

80 2663 128 2694 60.
154 2663 217 2694 Dio
240 2663 328 2695 Cass.
352 2663 504 2694 XXVII.
529 2664 577 2693 50.

122 2717 139 2756 ξ
162 2718 190 2747 5.
214 2717 276 2747 Ille
298 2735 339 2739 —
360 2728 420 2748 non
443 2717 581 2747 simulat.
610 2718 808 2757 Interpretes
831 2717 932 2758 expli-

81 2774 163 2806 cant,
186 2770 278 2810 quasi
300 2770 455 2810 scriptum
484 2774 568 2801 esset
600 2769 791 2800 dissimulat.
815 2770 931 2811 Perpe-

81 2831 159 2852 ram.
183 2821 317 2853 Clodius
339 2832 406 2853 non
429 2822 605 2853 simulabat
627 2832 661 2853 se
677 2823 845 2853 tribunum
861 2823 932 2854 fieri

81 2875 174 2912 velle,
197 2876 254 2906 sed
275 2876 372 2916 plane
393 2877 533 2907 volebat.

121 2926 161 2957 In
196 2927 306 2958 Sicilia
341 2928 495 2967 †Herae
530 2927 725 2958 aedilitatem
761 2938 794 2958 se
822 2930 933 2967 pelere

81 2979 270 3011 dictitasset.
305 2981 360 3012 Sic
400 2986 472 3021 post
501 2981 638 3012 Bosium
671 2982 702 3011 h.
726 2982 747 3012 1.
777 2981 932 3012 scribunt.

82 3033 206 3065 Orellio
227 3040 374 3076 suspecta
395 3040 470 3066 sunt
490 3036 589 3066 verba
602 3035 632 3065 in
652 3034 760 3066 Sicilia
767 3048 777 3071 ;
794 3044 847 3066 me
862 3045 932 3075 gra-

82 3090 234 3122 vissimae
267 3101 381 3123 causae
414 3096 598 3128 moverunt,
627 3095 663 3122 ut
698 3091 765 3122 illis
798 3092 933 3122 servatis

85 3143 189 3175 Herae
208 3144 328 3178 falsum
355 3155 425 3177 esse
458 3146 686 3187 significarem.
731 3145 836 3177 Docet
865 3144 932 3178 Ste-

977 1754 1104 1794 phanus
1127 1754 1167 1784 de
1190 1753 1271 1783 Urb.
1294 1763 1324 1793 p.
1348 1752 1408 1785 724
1430 1752 1579 1793 Hyblam
1600 1753 1765 1785 minorem
1781 1754 1837 1785 ali-

978 1808 1110 1849 quando
1133 1807 1331 1848 appellatam
1355 1816 1424 1838 esse
1446 1807 1580 1844 Heram,
1605 1808 1661 1839 sed
1677 1817 1741 1848 quo
1758 1812 1836 1839 tem-

979 1870 1056 1901 pore
1086 1861 1147 1891 hoc
1177 1870 1298 1891 nomen
1332 1860 1366 1890 in
1395 1870 1456 1891 usu
1486 1870 1555 1891 esse
1584 1861 1735 1901 coeperit,
1770 1871 1836 1892 11011

979 1920 1117 1946 constat.
1140 1915 1206 1945 Fac
1229 1915 1294 1945 iam
1318 1915 1500 1945 obtinuisse
1524 1914 1693 1946 Ciceronis
1714 1920 1835 1952 aetate;

982 1971 1172 2002 dicemusne
1196 1970 1350 2002 Clodium
1373 1981 1536 2011 nusquam
1566 1971 1601 2001 in
1632 1970 1746 2002 Sicilia
1774 1971 1838 2001 nisi

982 2025 1016 2055 in
1039 2025 1098 2055 illo
1121 2025 1276 2065 oppidulo
1298 2023 1461 2054 dictitasse
1486 2034 1519 2055 se
1540 2025 1666 2056 Romae
1694 2024 1838 2056 aedilita-

982 2083 1049 2109 tem
1071 2077 1205 2118 petere?
1234 2078 1308 2108 Hoc
1331 2078 1389 2108 vix
1412 2077 1521 2108 minus
1550 2078 1709 2118 ineptum,
1739 2088 1838 2118 quam

981 2131 1007 2161 si
1031 2132 1131 2162 verba
1153 2131 1199 2162 ita
1220 2131 1483 2172 interpretamur,
1516 2136 1554 2162 ut
1583 2130 1738 2162 Clodium
1768 2136 1838 2162 tum

980 2185 1090 2216 Herae
1120 2185 1259 2216 aedilem
1288 2186 1358 2216 fieri
1392 2185 1537 2216 voluisse
1566 2185 1722 2222 dicamus,
1752 2186 1840 2226 quod

980 2238 1099 2268 merito
1121 2237 1264 2277 explosit
1285 2238 1347 2267 Ev.
1370 2236 1457 2274 Otto,
1480 2238 1520 2268 de
1544 2237 1639 2268 aedil.
1672 2237 1779 2267 colon.
1809 2247 1839 2277 p.

981 2292 1019 2322 93
1043 2301 1131 2331 seqq.
1154 2291 1193 2321 In
1217 2291 1306 2322 Med.
1329 2301 1432 2331 quum
1454 2291 1611 2331 scriptum
1642 2296 1725 2322 esset
1754 2291 1839 2321 liere-

980 2343 1120 2381 ditatem,
1144 2344 1177 2374 id
1206 2344 1239 2374 111
1269 2343 1468 2374 aedilitatem
1498 2344 1562 2374 alia
1590 2353 1708 2374 manus
1736 2350 1839 2375 muta-

981 2398 1038 2430 vit.
1061 2399 1134 2438 Ego
1158 2399 1191 2428 in
1215 2398 1318 2429 tribus
1348 2398 1451 2429 literis
1480 2398 1575 2429 ΗΕΒ
1597 2398 1775 2438 vestigium
1795 2399 1839 2429 di-

982 2452 1150 2493 prehendo
1172 2452 1261 2482 vocis
1284 2451 1449 2489 NVPER,
1474 2452 1566 2482 cuius
1584 2452 1716 2482 initium
1732 2452 1766 2483 in
1789 2463 1839 2484 co-

983 2506 1055 2537 dice
1078 2506 1254 2546 archetypo
1277 2505 1414 2537 fortasse
1444 2511 1631 2537 evanuerat.
1668 2507 1840 2548 Temporis

983 2559 1093 2598 aliqua
1121 2557 1318 2597 significatio
1347 2567 1450 2598 paene
1486 2559 1670 2589 necessaria
1710 2565 1767 2597 est,
1803 2566 1841 2590 ut

982 2612 1098 2642 Iunius
1127 2611 1263 2642 viderat.
1307 2610 1373 2642 Sed
1402 2612 1489 2652 quod
1522 2612 1731 2643 commendat
1766 2612 1840 2643 here

982 2664 1034 2695 vel
1063 2663 1139 2699 lteri,
1170 2663 1209 2694 de
1238 2668 1383 2704 tempore
1418 2664 1594 2704 praeterito
1631 2665 1716 2704 apud
1751 2665 1838 2695 solos

981 2723 1093 2758 poetas
1115 2717 1293 2748 invenitur.
1328 2716 1377 2748 Cf.
1400 2718 1510 2748 Hand.
1535 2718 1630 2748 Turs.
1653 2718 1718 2748 ΙΙΙ.
1740 2728 1771 2758 p.
1786 2718 1836 2749 63.

1020 2770 1125 2811 Neque
1148 2781 1185 2800 m.
1195 2780 1222 2800 ο.
1237 2769 1314 2800 dia-i.
1324 2770 1441 2801 Delevi
1457 2776 1532 2801 ante
1548 2771 1627 2802 haec
1640 2771 1740 2802 verba
1754 2776 1836 2811 part.

979 2824 1043 2860 sed,
1067 2832 1151 2863 quae
1173 2823 1312 2854 molesta
1340 2828 1388 2854 est
1417 2823 1450 2853 in
1481 2823 1626 2854 eiusdem
1656 2824 1836 2855 sententiae

979 2877 1237 2908 continuatione.
1280 2877 1381 2908 Recte
1403 2877 1523 2914 omisit,
1547 2877 1603 2918 qui
1633 2878 1703 2907 eod.
1732 2878 1836 2909 Medi-

980 2943 1075 2964 ceum
1096 2933 1254 2963 exaravit.
1299 2932 1349 2963 Cf.
1372 2933 1483 2963 Madv.
1507 2933 1546 2963 de
1569 2932 1643 2963 Fin.
1667 2943 1696 2972 p.
1720 2933 1780 2963 819
1804 2938 1836 2965 et

980 2985 1136 3017 IVesenb.
1159 2985 1299 3016 Emend.
1322 2985 1438 3025 Epistt.
1461 2995 1491 3025 p.
1515 2984 1564 3017 97.

1023 3037 1051 3066 A
1064 3036 1166 3077 freto.
1191 3051 1204 3061 v
1216 3046 1281 3076 quo
1304 3036 1417 3067 Sicilia
1439 3037 1479 3067 ab
1507 3036 1604 3067 Italia
1637 3038 1836 3077 separatur.''

981 3090 1091 3121 Schol.
1113 3090 1269 3121 Ambros.
1292 3090 1332 3120 ad
1354 3095 1434 3121 orat.
1457 3090 1490 3120 111
1515 3088 1608 3121 Clod.
1631 3101 1660 3131 p.
1691 3091 1750 3121 333
1779 3090 1835 3123 Or.

982 3145 1029 3178 Cf.
1046 3145 1167 3177 Duker.
1184 3145 1224 3176 ad
1238 3144 1327 3176 Flor.
1342 3145 1368 3176 Ι.
1384 3145 1423 3175 26
1439 3149 1520 3177 extr.
1538 3151 1569 3176 et
1587 3145 1660 3176 Liv.
1673 3145 1771 3177 XXI.
1783 3146 1834 3177 49.
