2117 3533
696 173 804 215 LIB.
839 173 889 213 V.
923 172 1009 214 ΕΡ.
1046 173 1241 213 16-18,
1767 170 1850 210 235

96 313 158 353 lus
190 310 395 351 teruncius
427 309 653 350 insumatur
685 308 728 348 in
763 322 1018 362 quemquam.
1063 306 1112 348 Id
1145 307 1190 347 fit
1222 306 1343 346 etiam
1376 309 1416 346 et
1448 304 1672 359 legatorum
1705 307 1745 344 et
1784 303 1854 344 tri-

95 386 294 426 hunorum
311 388 351 424 et
372 382 663 438 praefectorum
681 381 906 436 diligentia.
929 381 1036 422 Nam
1054 395 1191 421 omnes
1208 379 1374 420 mirifice
1393 371 1855 435 σύιιιφιλοδοξοῦσιν

92 457 241 513 gloriae
273 470 397 497 meae.
442 456 569 510 Lepta
601 459 736 495 noster
768 454 959 494 mirificus
992 459 1063 495 est.
1109 453 1185 495 Sed
1219 467 1327 493 nunc
1375 466 1541 507 propero
1555 469 1566 502 ς
1610 449 1853 505 perscribam

93 530 143 572 ad
175 535 214 571 te
247 529 385 585 paucis
419 527 562 569 diebus
595 527 742 568 onmia.
788 529 828 568 3.
864 527 1076 568 Cicerones
1109 530 1267 567 nostros
1300 524 1514 565 Deiotarus
1548 524 1667 571 filius,
1693 523 1762 577 qui
1785 538 1854 563 rex

94 603 144 645 ab
178 606 319 644 senatu
353 602 574 657 appellatus
608 606 682 652 est,
717 616 853 641 secum
886 601 929 641 111
961 614 1144 654 reguum.
1199 599 1307 639 Dum
1347 598 1390 638 in
1435 597 1596 638 aestivis
1636 611 1708 637 nos
1752 611 1854 636 esse·
1893 609 1908 634 5

93 691 195 727 mus,
228 676 343 717 illum
376 675 511 730 pueris
543 674 677 716 locum
721 689 805 715 esse
847 673 1111 714 bellissimum
1156 671 1359 712 duximus.
1418 671 1458 709 4.
1501 669 1653 710 Sestius
1698 668 1746 710 ad
1792 684 1855 709 me

93 749 264 805 scripsit,
300 764 401 803 quae
435 753 567 789 tecum
602 752 706 789 esset
739 747 787 788 de
822 762 909 788 mea
943 745 1162 787 domestica
1195 748 1235 785 et
1267 742 1442 784 maxima
1476 756 1570 782 cura
1612 741 1772 782 locutus
1816 746 1856 782 et

94 822 192 877 quid
224 821 302 863 tibi
335 825 439 862 esset
472 820 617 861 visum.
652 819 809 861 Amabo
842 823 897 869 te,
931 817 1119 859 incumbe
1152 817 1195 857 111
1229 830 1315 857 eam
1348 829 1432 856 rem
1464 818 1504 854 et
1537 813 1586 854 ad
1631 828 1692 854 me
1727 813 1854 854 scribe

93 895 189 950 quid
223 899 263 935 et
294 893 420 949 possit
453 898 494 934 et
525 898 571 934 tu
605 907 781 934 censeas.
818 893 859 932 5.
894 891 1007 932 Idem
1041 890 1201 945 scripsit
1234 888 1497 929 Hortensium
1533 887 1581 927 de
1605 885 1855 941 proroganda

92 973 228 1010 nostra
260 967 466 1023 provincia
499 966 647 1007 dixisse
680 965 816 1006 nescio
851 964 964 1019 quid.
1020 963 1126 1005 Mihi
1159 963 1203 1003 in
1236 961 1417 1002 Cumano
1451 959 1757 1014 diligentissime
1799 974 1853 1009 se,
1876 979 1911 1004 10

92 1047 138 1083 ut
171 1042 295 1083 annui
329 1056 517 1091 essemus,
553 1040 812 1081 defensurum
845 1042 1063 1093 receperat.
1118 1036 1160 1078 Si
1205 1035 1426 1090 quidquam
1471 1048 1533 1074 me
1578 1047 1700 1082 amas,
1747 1031 1855 1072 hunc

92 1115 224 1156 locum
257 1115 386 1155 muni.
420 1115 512 1156 Dici
545 1129 627 1155 non
660 1118 793 1169 potest
826 1127 945 1167 quam
978 1111 1131 1153 invitus
1165 1125 1188 1150 a
1220 1108 1334 1149 vobis
1358 1108 1501 1149 absim.
1535 1108 1590 1149 Et
1609 1106 1728 1147 simul
1751 1105 1856 1146 hanc

92 1188 261 1242 gloriam
292 1187 470 1228 iustitiae
504 1192 545 1228 et
578 1186 845 1228 abstinentiae
879 1186 961 1226 fore
995 1184 1254 1226 illustriorem
1288 1196 1415 1236 spem,
1462 1181 1494 1221 si
1528 1180 1609 1221 cito
1642 1178 1855 1219 decesseri-

92 1275 194 1309 mus,
228 1260 271 1301 id
304 1259 411 1314 quod
446 1259 656 1301 Scaevolae
691 1258 876 1313 contigit,
912 1257 982 1312 qui
1015 1257 1118 1297 solos
1152 1269 1297 1296 novem
1331 1268 1486 1294 menses
1518 1251 1636 1293 Asiae
1668 1251 1856 1306 praefuit.

91 1335 133 1373 6.
168 1333 324 1388 Appius
357 1337 504 1384 noster,
540 1347 664 1387 quum
698 1347 760 1373 me
794 1331 1009 1372 adventare
1043 1329 1210 1378 videret,
1257 1326 1460 1382 profectus
1494 1329 1555 1366 est
1587 1325 1755 1365 Tarsum
1789 1339 1855 1365 us·
1878 1342 1910 1367 15

91 1420 168 1460 que
200 1405 412 1448 Laodicea.
458 1405 523 1447 Ibi
556 1406 686 1447 forum
721 1405 817 1460 agit,
854 1419 979 1458 quum
1011 1417 1084 1457 ego
1126 1402 1201 1443 sim
1241 1401 1284 1442 in
1325 1399 1531 1455 provincia
1544 1416 1556 1449 3
1604 1413 1724 1453 quam
1769 1397 1856 1438 eius

91 1478 280 1519 iniuriam
314 1492 395 1519 non
427 1479 616 1519 insector.
663 1478 768 1520 Satis
802 1478 910 1518 enim
944 1476 1072 1518 habeo
1106 1475 1260 1530 negotii
1292 1475 1335 1515 111
1370 1472 1559 1514 sanandis
1606 1470 1855 1521 vulneribus,

93 1566 193 1605 quae
228 1556 323 1592 sunt
355 1552 544 1607 imposita
575 1551 817 1607 provinciae.
852 1550 972 1602 Quod
1007 1549 1057 1590 do
1093 1563 1251 1604 operam
1288 1552 1335 1588 ut
1368 1546 1512 1587 faciam
1546 1560 1666 1600 quam
1690 1544 1853 1585 minima

91 1640 183 1666 cum
216 1624 326 1666 illius
359 1625 616 1666 contumelia.
667 1624 743 1665 Sed
773 1624 849 1665 hoc
884 1625 1012 1665 Bruto
1057 1627 1193 1664 nostro
1238 1621 1357 1662 velim
1402 1619 1511 1660 dicas
1555 1618 1670 1659 illum
1715 1616 1853 1657 fecisse

92 1712 173 1739 non
206 1696 321 1748 belle,
356 1698 427 1752 qui
460 1697 635 1738 adventu
668 1712 755 1737 meo
788 1712 907 1751 quam
941 1695 1172 1751 longissime
1206 1692 1382 1749 potuerit
1416 1691 1655 1732 discesserit.
1878 1704 1914 1729 20

136 1859 175 1890 18
197 1859 324 1891 minima
347 1860 435 1891 illim
456 1879 497 1883 --

135 2005 231 2045 Lepta
254 2005 436 2046 praefectus
459 2006 589 2037 fabrum
614 2007 647 2037 iu
672 2007 777 2038 Tullii
796 2007 952 2044 exercitu,
1002 2008 1042 2038 ad
1064 2007 1139 2038 Div.
1162 2008 1197 2038 in
1221 2007 1316 2039 Caec.
1339 2008 1388 2045 57,
1412 2018 1511 2049 quem
1540 2009 1686 2040 laudavit
1717 2009 1861 2041 Orellius

94 2059 135 2089 ad
156 2058 250 2089 Fam.
274 2059 340 2089 ΙΙΙ.
364 2059 391 2096 7,
415 2061 445 2090 4.
468 2060 775 2100 Martyni-Laguna
790 2061 831 2091 ad
846 2061 953 2101 epistt.
1002 2061 1035 2092 in
1059 2061 1180 2093 Onom.
1202 2062 1291 2092 Tull.
1314 2073 1344 2103 p.
1370 2064 1429 2093 518
1452 2074 1482 2094 a.

95 2123 124 2152 p.
148 2112 210 2142 364
238 2113 376 2152 probare
406 2113 530 2143 studuit
560 2113 698 2153 plenum
725 2114 869 2144 hominis
900 2124 954 2144 110-
1043 2115 1060 2154 ξ
1085 2115 1113 2145 6.
1145 2115 1242 2155 Quam
1264 2116 1390 2146 minima
1413 2126 1477 2147 elem
1501 2117 1589 2147 illius
1610 2117 1796 2148 contumelia
1828 2127 1861 2147 a:

95 2176 171 2198 men
195 2167 294 2198 fuisse
316 2168 364 2198 M.
387 2168 539 2198 Tullium
562 2168 714 2209 Leptam.
1004 2170 1074 2200 sine
1090 2170 1159 2200 11113
1175 2170 1410 2202 imminutione
1425 2172 1595 2211 dignitatis
1612 2172 1724 2212 Appii,
1741 2177 1776 2202 ut
1788 2172 1863 2202 seri·

137 2221 155 2260 ξ
179 2222 207 2251 5.
233 2219 411 2258 Scaevolae,
435 2221 592 2252 Pontifici
615 2222 777 2258 Maximo,
802 2222 858 2262 qui
881 2232 908 2252 3.
924 2232 955 2252 11.
1006 2222 1052 2252 bit
1074 2222 1166 2253 Fam.
1184 2223 1249 2253 ΠΙ.
1267 2223 1294 2259 8,
1309 2224 1337 2253 2.
1355 2233 1422 2253 eum
1438 2224 1574 2254 accessit
1586 2234 1603 2255 e
1622 2225 1711 2255 Med.
1729 2225 1755 2260 1,
1773 2235 1863 2265 quam

95 2274 154 2304 655
178 2285 236 2315 pro
259 2275 393 2306 consule
416 2275 449 2305 in
473 2275 591 2306 Asiam
624 2275 786 2316 profectus
816 2276 954 2312 videtur,
1004 2274 1160 2305 inimicum
1184 2285 1217 2306 οι
1242 2285 1342 2315 quam
1363 2276 1502 2307 minima
1524 2286 1609 2307 011111.
1633 2275 1681 2308 Cf.
1699 2276 1785 2307 infra
1801 2277 1863 2307 VI.

95 2336 233 2367 eamque
264 2332 338 2363 ante
368 2332 495 2368 tempus
525 2328 698 2368 reliquisse
734 2328 874 2359 Romam
915 2328 955 2358 ad
1006 2328 1033 2365 1,
1057 2329 1092 2358 2:
1117 2328 1200 2359 nihil
1220 2340 1240 2359 a.
1264 2339 1309 2359 me
1320 2329 1365 2369 fit
1388 2340 1455 2360 cnm
1479 2330 1547 2361 ulla
1563 2329 1653 2360 illins
1664 2329 1864 2361 contumelia.

95 2383 274 2423 petendum
296 2383 506 2415 consulatum
528 2382 698 2415 festinans.
724 2383 801 2414 Vid.
825 2384 955 2424 Zumpt.
1048 2380 1151 2413 Bruto
1174 2384 1291 2420 nostro,
1314 2383 1417 2424 Appii
1440 2392 1573 2424 genero.
1595 2383 1690 2415 Fam.
1710 2384 1774 2415 111.
1790 2384 1819 2420 4,
1835 2384 1863 2414 2.

673 2490 846 2532 XVIII.
912 2489 962 2542 (A
1005 2488 1050 2529 U.
1088 2487 1132 2529 0.
1170 2487 1288 2542 700.)

159 2604 196 2643 1.
228 2601 361 2653 Quam
394 2603 537 2645 vellem
570 2605 720 2646 Romae
753 2619 873 2654 esses,
909 2602 942 2644 si
975 2602 1077 2643 forte
1114 2616 1195 2644 non
1232 2617 1288 2643 es.
1332 2603 1449 2644 Nihil
1482 2603 1588 2646 enim
1625 2605 1723 2646 certi
1745 2604 1866 2646 habe-

99 2675 241 2717 bamus
273 2676 354 2717 nisi
388 2678 679 2732 accepissemus
724 2682 814 2719 tuas
856 2677 992 2717 literas
1038 2690 1074 2716 a.
1117 2674 1158 2716 d.
1192 2688 1314 2717 x1111.
1357 2676 1451 2718 Kal.
1495 2678 1604 2718 Sext.
1650 2677 1777 2728 datas,
1823 2678 1866 2719 in

98 2749 245 2805 quibus
280 2749 475 2804 scriptum
512 2755 616 2792 esset
648 2755 688 2792 te
721 2750 764 2792 in
798 2749 967 2805 Epirum
1015 2748 1167 2789 iturum
1209 2748 1366 2790 circiter
1410 2749 1504 2790 Kal.
1547 2750 1731 2791 Sextiles.
1773 2750 1865 2801 Sed,

140 2919 158 2950 3
180 2918 337 2960 accepisse
361 2928 417 2950 nos
438 2936 479 2941 —-

140 3065 210 3105 §L
233 3065 324 3096 Nihil
356 3066 438 3097 certi
468 3066 655 3096 habebamus
683 3067 723 3097 de
758 3075 796 3097 ea
825 3076 869 3104 re,
897 3066 960 3097 Ro·
981 3070 984 3123 1
1007 3066 1142 3096 haerere
1173 3074 1247 3096 cum
1283 3065 1351 3096 illis
1389 3066 1530 3098 Ernesto
1565 3066 1787 3098 concedimus.
1822 3068 1870 3099 At

102 3126 219 3149 macne
242 3128 328 3149 esses
352 3129 393 3149 an
417 3118 451 3149 in
467 3118 579 3158 Epiro.
601 3118 695 3157 Quae
710 3118 744 3148 in
761 3119 855 3149 codd.
873 3128 960 3159 seqq.
983 3157 984 3161 Ἰ
1009 3119 1128 3150 melius
1150 3129 1250 3159 quam
1279 3119 1378 3150 litura
1406 3119 1483 3150 huic
1513 3120 1561 3151 rei
1589 3121 1772 3152 occurritur
1802 3121 1869 3153 leni

99 3169 162 3200 m‘si
184 3171 338 3212 accepisse
371 3181 428 3203 nos
457 3173 528 3202 tuas
559 3171 674 3203 literas
703 3182 770 3203 non
800 3172 884 3204 bene
911 3182 962 3203 co-
983 3162 985 3185 l
1010 3174 1192 3205 mutatione
1215 3174 1374 3212 Schutzii‚
1398 3174 1453 3216 qui
1479 3175 1582 3206 dedit:
1608 3174 1670 3205 nisi
1700 3175 1869 3216 accepisse-
