2117 3533
241 964 271 987 ll)

289 164 373 202 292

685 159 767 200 ΕΡ.
805 157 877 197 ΛΠ
910 157 955 196 Τ,
991 155 1339 198 ΡΟΜΡΟΝΙΓΜ
1373 159 1635 200 A's'rlcvffl.

288 311 392 336 mam
426 295 662 335 Ciceronum
697 291 821 345 signis
855 290 1110 343 obsignatum
1144 290 1397 345 cohortisque
1433 293 1649 346 praetoriae
1665 311 1674 343 3
1709 293 1804 333 fecit
1837 293 1965 348 palam
1997 301 2035 335 te

287 385 332 409 ex
366 367 513 416 libella,
547 380 608 406 me
642 379 689 405 ex
721 363 916 403 teruncio.
966 362 1013 402 In
1048 362 1165 402 Actio
1199 362 1390 418 Corcyrae
1427 364 1566 404 Alexio
1601 379 1660 405 me
1695 364 1854 419 opipare
1898 379 2035 405 mune-

288 446 396 481 ratus
429 445 501 480 est.
536 438 586 488 Q.
622 437 804 478 Ciceroni
838 435 979 476 obsisti
1013 450 1092 475 non
1136 436 1282 490 potuit,
1329 452 1406 490 (1110
1446 437 1578 477 111111115
1621 436 1830 491 Thyamim
1874 436 2036 478 videret.

291 516 330 553 1.
366 511 508 552 Filiola
541 516 611 551 tua
642 515 682 550 te
716 509 904 549 delectari
938 508 1062 548 laetor
1096 514 1135 548 et
1167 508 1325 563 probari
1358 509 1435 550 tibi
1458 509 1676 564 φυσικὴν
1698 524 1782 550 6556
1806 509 1894 562 τὴν
1918 507 2037 567 πρὸς

290 583 350 626 τά
386 584 549 626 Τέκνα.
591 582 766 632 Etenim,
802 582 834 622 si
868 581 965 621 haec
1000 596 1081 621 non
1114 586 1187 631 est,
1222 582 1332 622 nulla
1365 587 1496 637 potest
1529 582 1679 623 homini
1715 597 1797 622 esse
1833 583 1881 623 ad
1916 582 2038 622 homi-

289 674 379 698 nem
412 662 576 698 naturae
608 655 827 704 adiunctio,
854 669 928 707 qua
953 652 1111 693 sublata
1135 654 1237 694 vitae
1261 655 1428 695 societas
1456 654 1624 695 tollitur.
1666 682 1685 704 n
1699 655 1806 694 Bene
1831 654 2038 695 eveniat!”

292 732 421 785 inquit
454 728 699 779 Carneades,
747 743 901 782 spurce,
938 726 1004 767 5611
1040 732 1174 767 tamen
1206 727 1445 781 prudentius
1480 743 1599 782 quam
1636 728 1787 768 Lucius
1829 731 1962 767 noster
2004 733 2042 767 et

290 804 423 854 Patro,
461 803 543 857 qui,
589 815 711 855 quum
755 799 887 840 omnia
931 798 980 839 ad
1025 814 1064 838 se
1110 798 1294 848 referant,
1339 801 1574 854 (nunquam)
1621 799 1838 853 quidquam
1882 798 2042 839 alterius

290 891 408 916 causa
440 875 523 915 fieri
558 878 714 928 putent,
749 878 789 912 et
821 887 945 926 quum
980 886 1025 911 ea
1058 887 1097 911 16
1132 871 1279 912 bonum
1316 873 1441 913 virum
1479 878 1657 926 oportere
1691 888 1775 912 esse
1810 871 1961 921 dicant,
1992 886 2039 911 ne

290 949 437 990 malum
473 947 629 997 habeat,
664 961 744 986 non
780 961 857 999 quo
890 945 930 985 id
965 950 1108 985 natura
1141 950 1294 986 rectum
1329 946 1394 996 sit,
1440 961 1521 986 non
1554 946 1783 999 intelligant
1814 960 1853 985 se
1888 944 1935 984 de
1969 944 2044 984 cal-

291 1022 371 1062 lido
405 1022 563 1061 homine
596 1020 720 1073 loqui,
755 1034 835 1059 non
869 1019 916 1058 de
952 1018 1055 1058 bono
1093 1019 1188 1058 viro.
1224 1019 1300 1059 Sed
1336 1020 1446 1068 haec,
1483 1020 1636 1073 opinor,
1665 1024 1759 1059 sunt
1781 1020 1823 1059 in
1846 1018 1895 1058 iis
1918 1016 2042 1067 libris,

291 1110 389 1148 quos
423 1099 466 1134 tu
500 1092 700 1133 laudando
734 1091 887 1132 animos
922 1091 1019 1130 1111111
1055 1090 1261 1131 addidisti.
1310 1095 1350 1132 ἴ).
1386 1091 1520 1132 Redeo
1555 1092 1602 1132 ad
1637 1106 1732 1131 rem.
1779 1090 2041 1131 Commodum

334 1268 351 1301 7
368 1266 540 1307 pudentius
563 1285 602 1290 -—
626 1267 644 1297 8
666 1266 860 1307 7·esbrant‚**
883 1266 1045 1307 quidquam
1071 1285 1109 1289 —
1134 1266 1172 1296 10
1194 1266 1378 1309 intelli-qamt
1398 1287 1439 1291 —

295 1425 391 1456 fratre
414 1425 548 1464 eiusque
571 1424 649 1454 filio.
673 1423 760 1454 Nam
776 1424 823 1454 M.
841 1424 918 1464 ipse,
937 1434 1039 1464 quum
1054 1423 1148 1453 heres

295 1483 388 1514 esset,
426 1487 491 1507 non
522 1480 648 1516 poterat
678 1485 746 1506 esse
780 1476 880 1506 testis.
926 1476 1059 1506 Praeter
1095 1485 1149 1506 eos

295 1532 440 1572 quinque
463 1531 519 1561 alii
543 1540 586 1561 ex
615 1530 749 1560 cohorte
778 1531 941 1570 praetoria
970 1530 1059 1561 cives
1088 1530 1152 1560 Ro-

296 1585 387 1615 mani
415 1584 543 1614 tabulas
572 1584 795 1623 obsignarunt,
826 1594 907 1624 quas
941 1583 1056 1614 Cicero
1091 1583 1153 1613 Ro-

297 1648 385 1668 mam
407 1637 607 1677 deportabat,
631 1641 666 1666 ut
689 1637 734 1666 ibi
757 1637 791 1667 in
815 1637 894 1667 aede
926 1646 1015 1666 sacra
1045 1636 1153 1666 aliove

298 1690 331 1720 in
360 1690 433 1720 loco
461 1690 713 1729 deponerentur.
750 1688 798 1719 Cf.
829 1688 1002 1720 Heineccii
1036 1688 1153 1727 Antiq.

297 1744 391 1774 Rom.
415 1743 460 1773 ΙΙ.
484 1743 532 1779 10,
558 1743 575 1781 ξ
606 1742 653 1772 11.
690 1742 783 1778 Rein,
817 1743 873 1772 das
902 1742 998 1773 Riim.
1030 1741 1154 1771 Privat-

298 1797 389 1827 recht
410 1807 440 1837 p.
464 1796 523 1827 376
547 1796 622 1826 adn.

341 1849 428 1880 Fecit
444 1849 553 1889 palam
583 1851 613 1879 te
641 1858 681 1879 ea·
710 1848 830 1885 libella,
860 1859 905 1879 me
934 1859 973 1879 ea·
1002 1848 1153 1878 let‘uncz'o.

301 1905 378 1935 Cod.
400 1904 496 1943 Hisp.
520 1903 553 1933 in
585 1903 618 1933 h.
649 1903 670 1932 1.
700 1902 799 1932 habet
822 1920 862 1924 —
885 1913 923 1932 ea·
953 1902 1075 1938 liberta,
1111 1911 1156 1931 me

299 1959 485 1986 emm-meua
515 1961 551 1985 ut
584 1955 650 1986 fere
681 1960 749 1985 erat
779 1954 811 1984 in
843 1955 912 1985 cod.
954 1955 1041 1985 Med.
1077 1965 1157 1984 non-

300 2010 379 2038 dum
411 2012 565 2038 correcto.
621 2007 719 2045 Quod
752 2007 858 2038 editur
890 2008 1009 2048 partim
1035 2017 1156 2038 eorrec-

302 2063 363 2093 tori
385 2063 455 2092 cod.
485 2062 572 2093 Med.
603 2061 746 2098 debetur,
776 2061 895 2101 partim
925 2062 1078 2092 Iensono.
1115 2061 1157 2091 Et

301 2117 340 2146 de
363 2115 498 2146 veritate
528 2115 765 2146 emendationis
797 2115 946 2146 dubitare
975 2126 1041 2146 non
1072 2115 1157 2145 licet.

303 2170 483 2200 Continent
505 2174 614 2199 autem
636 2168 716 2198 haec
740 2168 838 2198 verba
868 2169 1032 2209 specimen
1062 2168 1157 2198 urba-

303 2222 415 2252 nitatis
438 2221 610 2252 Curianae.
640 2220 728 2251 Fecit
750 2221 860 2261 palam
892 2230 925 2251 o:
957 2220 1160 2261 nuncupavit

304 2286 412 2306 coram
446 2275 582 2305 testibus
624 2273 690 2314 (Cf.
725 2273 801 2313 Dig.
834 2274 1009 2304 XXVIII.
1041 2275 1068 2311 2,
1103 2274 1158 2315 21>

305 2329 455 2359 Atticum
477 2328 631 2358 heredem
653 2337 692 2357 esc
715 2326 821 2357 libella
837 2338 870 2357 o:
888 2327 1159 2368 esestertiiparte

306 2382 441 2418 decima,
465 2381 614 2411 Tullium
644 2391 682 2410 ea·
715 2380 854 2410 darancio
883 2391 916 2410 o:
949 2390 992 2411 ex
1026 2380 1159 2420 quadra-

309 2434 431 2473 gesima
454 2433 593 2463 sestertii
615 2438 715 2473 parte.
751 2432 799 2462 Cf.
834 2432 965 2462 Volusii
994 2432 1160 2463 Maeuiani

308 2487 366 2516 lib.
395 2487 435 2516 de
464 2486 543 2516 assis
572 2485 802 2516 distributione
831 2485 848 2524 ξ
878 2486 915 2515 65
945 2496 993 2526 511.
1016 2486 1049 2515 111
1074 2496 1161 2526 corp.

310 2539 389 2568 iuris
413 2543 487 2568 ante
509 2538 589 2568 Iust.
612 2537 790 2576 Bisckingii
814 2537 889 2567 fase.
916 2538 942 2568 Ι.
965 2548 996 2578 p.
1020 2539 1089 2568 188.

353 2591 390 2620 In
415 2591 507 2620 Aetio
532 2592 694 2631 Corcyrae.
717 2590 790 2620 Hoc
813 2591 951 2628 additur,
972 2601 1012 2621 ne
1032 2592 1163 2622 Atticus

312 2645 351 2674 de
374 2644 474 2674 Actio
495 2643 704 2674 Acarnaniae
726 2643 815 2680 urbe,
838 2654 935 2683 quam
956 2645 1164 2684 Thucydides

313 2697 390 2726 dicit
411 2688 544 2727 Ἀκτίον
573 2697 635 2732 τῆς
661 2688 880 2738 Ἀνακτορίας
907 2698 985 2740 γῆς,
1010 2698 1037 2727 1.
1051 2698 1098 2734 29,
1116 2708 1165 2727 co-

314 2753 441 2792 gitaret.
465 2752 607 2792 Thyamis
623 2758 689 2783 erat
704 2752 824 2782 fluvius
840 2753 999 2792 Epirotes,
1016 2754 1055 2784 ad
1069 2763 1166 2793 quem

313 2807 419 2836 Attici
441 2807 610 2846 praedium
633 2806 731 2836 fuisse
754 2816 796 2836 ex
826 2807 992 2837 mentione
1022 2808 1168 2838 eiusdem

315 2860 396 2899 Leg.
418 2860 462 2889 II.
487 2859 504 2890 7
528 2864 668 2898 apparet.

358 2912 375 2950 ξ
398 2913 426 2941 4.
450 2910 583 2941 Probarz'
606 2910 661 2940 liba¹
693 2908 831 2954 φυσικὴν
863 2927 909 2931 --
941 2911 1041 2943 τέκνα
1064 2922 1097 2942 0:
1117 2921 1166 2942 ve-

320 2966 394 2996 teris
417 2965 617 2996 Academiae
640 2971 671 2995 ct
693 2965 983 3006 Peripateticorum
998 2967 1166 3007 placitum.

318 3020 402 3048 Nam
432 3019 636 3049 Xenocrates
668 3024 698 3049 et
734 3019 930 3051 Aristoteles
967 3034 980 3045 a
992 3020 1088 3060 primi
1125 3031 1167 3051 ex

318 3072 471 3101 munibus
495 3071 695 3111 philosophis
719 3076 832 3102 natura
854 3073 1013 3103 tributum
1029 3083 1098 3104 esse
1115 3074 1168 3103 do-

319 3131 465 3162 cueruut,
490 3132 525 3154 ut
550 3125 570 3153 ii
595 3125 649 3165 qui
674 3126 830 3163 procreati
855 3130 961 3156 essent
985 3137 1002 3155 a
1024 3136 1168 3165 procrea-

1191 1425 1315 1456 toribus
1339 1428 1559 1456 amarelitur.”
1578 1427 1654 1458 Fin.
1671 1427 1731 1458 IV.
1756 1427 1803 1460 17.
1827 1427 1944 1467 Neque
1959 1427 2052 1458 aliter

1195 1479 1312 1514 Stoici;
1337 1480 1415 1510 ibid.
1440 1481 1503 1511 III.
1529 1481 1577 1511 62.
1601 1481 1761 1521 Epicurus
1784 1482 1845 1512 hoc
1864 1486 2052 1521 negaverat.

1237 1532 1325 1563 Bene
1347 1533 1481 1564 evenias.
1515 1535 1554 1564 In
1578 1535 1628 1565 his
1662 1536 1780 1572 verbis,
1810 1544 1892 1575 quae
1921 1533 2052 1564 Graecis

1195 1579 1231 1616 εὖ
1261 1581 1346 1617 ἔστω
1377 1586 1430 1616 ν61
1458 1580 1494 1618 εὖ
1523 1577 1695 1631 πάθωμεν
1726 1587 1933 1626 respondent,
1970 1585 2052 1616 nihil

1198 1642 1304 1682 spurci
1327 1642 1422 1673 inest.
1460 1642 1525 1673 Sed
1547 1648 1634 1673 recte
1657 1643 1963 1673 animadverterunt
1993 1642 2055 1672 Bo-

1197 1694 1265 1725 sius
1279 1694 1400 1735 aliique
1418 1695 1629 1726 inhonestum
1646 1695 1845 1726 vocabulum
1865 1705 1883 1724 a
1898 1693 2054 1726 Cicerone

1200 1758 1270 1779 esse
1285 1758 1505 1788 suppressum.
1528 1749 1636 1779 Aeute
1651 1748 1865 1779 Casaubonus
1880 1748 1963 1778 vidit
1979 1746 2054 1778 Car-

1200 1800 1337 1830 neadem
1360 1800 1499 1830 dixisse:
1523 1803 1610 1848 τυχῇ
1638 1791 1763 1846 ἀγαθῇ
1788 1796 2056 1844 παιδοποιῶμεν.

1200 1855 1282 1886 Mox
1316 1865 1332 1885 e
1364 1855 1516 1886 Mediceo
1554 1857 1705 1887 revocavi
1731 1855 1932 1896 prudentim,
1970 1856 2056 1896 quod

1200 1909 1383 1939 Lambinus
1421 1914 1453 1940 et
1480 1909 1639 1940 Ernestus
1669 1910 1751 1940 bene
1781 1909 1973 1940 defendunt.
2015 1909 2054 1939 In

1201 1963 1241 1993 iis
1265 1963 1363 1999 enim,
1387 1972 1471 2003 quae
1494 1968 1685 2003 sequuntur,
1709 1963 1802 1993 nulla
1824 1963 1970 1993 cernitur
2001 1962 2057 1992 im-

1201 2016 1373 2056 pudentia3
1409 2016 1474 2052 sed,
1505 2026 1607 2056 quum
1642 2015 1825 2046 Carneades
1855 2015 1970 2046 saltem
1997 2014 2058 2045 sibi

1202 2073 1372 2105 constaret,
1406 2069 1558 2109 Epicurei
1595 2074 1687 2100 erant
1723 2069 1955 2109 imprudentes,
1993 2077 2058 2098 non

1202 2121 1280 2152 satis
1313 2121 1409 2158 acuti,
1443 2121 1500 2161 qui
1530 2132 1595 2151 non
1626 2121 1861 2160 intelligerent,
1901 2130 1934 2151 56
1974 2120 2059 2150 bono

1204 2175 1273 2205 viro
1296 2175 1449 2211 tribuere,
1465 2175 1552 2215 quod
1569 2180 1653 2205 esset
1669 2175 1780 2205 callidi
1798 2175 1953 2211 hominis,
1967 2182 2059 2204 suam

1203 2230 1300 2260 unice
1323 2230 1524 2270 voluptatem
1547 2230 1744 2270 quaerentis.

1246 2283 1360 2313 Lucius
1383 2285 1489 2313 noster
1511 2283 1708 2323 Torquatus,
1732 2284 1786 2313 cui
1810 2283 1867 2313 lib.
1890 2283 1918 2313 I.
1941 2283 1981 2313 de
2009 2281 2061 2312 Fi-

1205 2336 1301 2366 nibus
1323 2335 1457 2375 Epicuri
1480 2336 1519 2366 de
1543 2345 1673 2366 summo
1697 2335 1784 2365 bono
1817 2335 1980 2366 sententia
2008 2344 2062 2366 ex-

1205 2388 1357 2428 plicanda
1380 2389 1562 2418 mandatur.
1596 2388 1645 2418 De
1669 2398 1708 2419 eo
1731 2388 1797 2418 vid.
1820 2387 2007 2427 Madvigius
2029 2387 2062 2417 in

1206 2453 1332 2483 argum.
1355 2443 1411 2473 lib.
1436 2443 1452 2472 Ι
1475 2444 1515 2473 de
1536 2443 1611 2473 Fin.
1635 2453 1665 2483 p.
1689 2444 1718 2473 3.
1753 2443 1833 2473 Ern.
1869 2448 1901 2472 et
1931 2441 2063 2472 Schutz.

1206 2496 1333 2526 Lucium
1356 2496 1445 2526 hunc
1468 2505 1537 2527 esse
1560 2496 1731 2527 Saufeium
1753 2501 1898 2532 monent,
1927 2505 1991 2536 quo
2015 2494 2064 2525 Ci-

1207 2559 1282 2580 cero
1304 2550 1416 2580 minus
1441 2559 1516 2580 usus
1540 2558 1610 2580 esse
1632 2549 1762 2579 videtur
1776 2558 1874 2588 quam
1890 2549 2064 2588 Torquato,

1209 2603 1267 2633 etsi
1291 2613 1366 2633 611111
1389 2613 1520 2643 quoque
1545 2604 1603 2634 VI.
1636 2604 1664 2639 9,
1695 2604 1713 2633 3
1744 2605 1882 2632 nostrum
1915 2601 2063 2642 appellat.

1209 2656 1258 2687 De
1281 2655 1418 2686 Patrone
1439 2657 1601 2697 Epicmeo
1623 2657 1689 2687 vid.
1706 2657 1778 2686 Att.
1796 2655 1838 2686 V.
1857 2655 1905 2691 11,
1923 2654 1952 2685 6.
1973 2654 2065 2685 Fam.

1210 2708 1311 2739 XIII.
1336 2709 1362 2745 1,
1386 2710 1414 2739 2.

1254 2762 1448 2803 (Nunquam)
1489 2762 1663 2804 quidquam.
1702 2761 1908 2793 Adverbium
1945 2758 2066 2791 inserui

1212 2825 1254 2846 ex
1285 2815 1401 2847 Orellii
1430 2817 1627 2853 coniectura,
1670 2816 1803 2856 probata
1832 2823 1961 2855 quoque
1992 2812 2066 2844 We-

1213 2869 1387 2909 senbergio
1408 2869 1546 2899 Emend.
1569 2879 1599 2908 p.
1624 2869 1780 2905 122,611111
1796 2867 1973 2906 eodemque
1988 2873 2066 2895 mox

1214 2922 1343 2961 reposui
1364 2921 1557 2962 intellz'yant,
1588 2925 1623 2950 ut
1648 2925 1716 2951 erat
1744 2920 1777 2950 in
1808 2919 1948 2959 Malasp.
1976 2916 2068 2947 codd.

1216 2979 1247 3005 et
1269 2975 1302 3004 in
1325 2975 1414 3005 Med.
1438 2984 1457 3004 a
1477 2974 1582 3014 prima
1603 2983 1713 3004 manu.
1742 2971 1945 3003 Indicativus
1967 2970 2068 3000 soloe-

1216 3036 1271 3056 cus
1294 3031 1341 3057 est
1363 3031 1434 3066 post
1450 3028 1573 3066 putent,
1603 3036 1706 3067 quum
1734 3030 1907 3065 utrumque
1934 3023 2068 3054 verbum

1216 3080 1357 3119 pendeat
1380 3089 1398 3108 a
1420 3078 1481 3119 qvi,
1505 3078 1627 3109 causali
1650 3078 1683 3108 vi
1711 3077 1828 3118 posito.
1873 3076 1976 3107 Vides
2004 3075 2068 3104 iam

1217 3130 1300 3161 nihil
1324 3140 1402 3168 6556,
1426 3141 1483 3161 cur
1505 3130 1705 3162 coniunctivi
1728 3129 1871 3168 referant
1894 3132 1924 3159 et
1951 3126 2067 3162 dicant,
