2117 3533
447 191 556 234 LIB.
590 191 641 233 V.
675 191 760 233 ΕΡ.
797 192 868 232 21.
905 217 960 221 —
995 191 1103 232 LIB.
1138 191 1213 233 VI.
1247 191 1332 232 ΕΡ.
1369 192 1409 233 1.
1723 192 1807 231 253

54 331 163 379 stria,
199 328 305 383 quod
339 327 500 377 vereris,
535 327 603 368 sed
638 326 838 381 praeclare
872 327 1050 381 ponitur,
1087 326 1283 381 siquidem
1318 326 1359 366 id
1393 326 1525 381 egisti,
1560 331 1607 367 ut
1640 341 1713 381 ego
1744 326 1809 367 de-

52 404 231 445 lectarer.
266 402 373 442 Nam
406 400 517 441 nulla
550 415 590 440 re
625 415 711 441 sum
746 399 966 440 delectatus
999 400 1140 454 magis.
1178 402 1218 440 2.
1247 398 1367 450 Quod
1390 413 1518 439 meam
1535 394 1809 454 βαθύτητα

52 477 95 517 in
128 475 261 530 Appio
293 473 384 524 tibi,
417 472 644 513 libertatem
678 472 798 513 etiam
831 472 874 512 in
908 472 1034 513 Bruto
1067 471 1206 526 probo,
1249 470 1502 512 veliementer
1542 472 1711 526 gaudeo,
1766 487 1811 513 ac

52 552 237 604 putaram
271 561 398 588 secus.
440 547 596 601 Appius
629 546 735 587 enim
770 545 819 586 ad
851 561 913 586 me
947 562 995 586 ex
1028 546 1171 586 itinere
1205 544 1266 585 bis
1299 549 1407 585 terve
1441 541 1810 603 ’ὑπομεμψιμοιέ

54 635 170 680 ρους
202 620 338 661 literas
371 620 548 669 miserat,
584 619 690 673 quod
725 618 919 672 quaedam
954 634 975 659 a
1009 634 1049 659 se
1084 617 1304 658 constituta
1337 617 1617 659 rescinderem.
1673 620 1743 668 st,
1779 619 1811 660 si

52 693 245 744 medicus,
282 707 406 746 quum
442 696 626 746 aegrotus
661 691 728 732 alii
762 690 917 731 medico
950 690 1124 732 traditus
1159 690 1224 740 sit,
1259 689 1376 730 irasci
1416 689 1513 730 velit
1546 690 1582 731 ei
1619 691 1809 746 [medico]

53 768 121 821 qui
155 765 232 808 sibi
266 765 514 815 successerit,
549 765 596 815 si,
632 779 733 819 quae
766 764 851 819 ipse
883 764 925 804 111
960 763 1138 804 curando
1173 762 1441 813 constituerit,
1477 768 1607 804 mutet
1638 764 1720 815 ille,
1756 765 1811 805 sic

52 839 223 893 Appius,
260 853 383 893 quum
428 834 479 888 ἐξ
511 833 824 895 ἀφαιρέσεως
864 837 1111 891 provinciam
1156 835 1318 885 curarit,
1364 836 1600 890 sanguinem
1644 838 1811 888 miserit,

52 910 249 965 quidquid
282 911 416 965 potuit
447 910 677 961 detraxerit,
701 910 801 950 mihi
824 910 1036 951 tradiderit
1058 914 1253 959 enectam,
1277 911 1813 968 προςανατρεφομίιήν

51 998 137 1024 eam
172 998 194 1023 a
227 998 288 1024 me
322 998 404 1024 non
437 982 609 1024 libenter
651 982 774 1033 videt,
820 983 889 1023 sed
933 982 1051 1023 modo
1094 986 1315 1031 succenset,
1361 982 1478 1022 modo
1522 984 1671 1037 gratias
1715 985 1811 1038 agit.

51 1055 167 1097 Nihil
201 1056 308 1096 enim
342 1071 364 1096 a
396 1071 458 1096 me
493 1056 538 1096 fit
570 1071 662 1096 eum
695 1055 777 1096 ulla
810 1055 920 1096 illius
957 1054 1214 1096 contumelia.
1269 1054 1564 1096 Tantummodo
1609 1056 1812 1098 dissimili-

51 1129 149 1170 tudo
182 1144 292 1170 meae
325 1128 492 1169 rationis
527 1128 694 1169 offendit
727 1127 946 1169 hominem.
1003 1127 1113 1179 Quid
1148 1127 1255 1168 enim
1287 1132 1420 1182 potest
1452 1143 1535 1169 esse
1569 1134 1651 1170 tam
1697 1131 1811 1172 dissi-

51 1201 159 1252 mile,
195 1217 314 1255 quain
346 1201 416 1242 illo
450 1201 671 1256 imperante
706 1200 941 1242 exhaustam
975 1216 1059 1241 esse
1094 1199 1321 1255 sumptibus
1363 1204 1402 1240 et
1444 1201 1609 1243 iacturis
1652 1204 1811 1258 provin-

51 1276 167 1325 ciam,
199 1274 315 1316 nobis
349 1290 436 1316 eam
470 1273 748 1315 obtinentibus
782 1290 949 1316 numum
983 1274 1139 1315 nullum
1173 1289 1256 1314 esse
1291 1278 1496 1328 erogatum
1527 1291 1600 1316 nec
1623 1277 1810 1331 privatim

49 1363 122 1388 nec
156 1347 341 1402 publice?
391 1347 501 1399 Quid
535 1347 665 1388 dicam
699 1348 747 1388 de
781 1347 891 1388 illius
932 1346 1155 1403 praefectis,
1201 1346 1430 1397 comitibus,
1476 1348 1645 1403 legatis?
1690 1352 1809 1392 etiam

51 1419 99 1460 de
133 1420 307 1475 rapinis,
354 1420 402 1461 de
436 1419 699 1471 libidinibus,
743 1420 791 1461 de
826 1420 1106 1461 contumeliis?
1151 1420 1274 1460 Nunc
1308 1424 1441 1461 autem
1476 1421 1618 1464 domus
1658 1425 1810 1467 melier-

49 1493 137 1534 61116
171 1494 282 1534 nulla
319 1498 432 1534 tanto
467 1494 633 1534 consilio
668 1499 739 1535 aut
770 1499 884 1535 tanta
918 1493 1131 1548 disciplina
1163 1493 1412 1548 gubernatur
1435 1500 1504 1536 aut
1524 1500 1607 1537 tam
1631 1499 1811 1541 modesta

51 1570 111 1607 est
144 1582 264 1620 quam
297 1571 432 1607 nostra
464 1571 550 1607 tota
582 1567 802 1621 provincia.
838 1567 950 1608 Haec
984 1566 1169 1607 nonnulli
1202 1566 1319 1606 amici
1353 1567 1475 1622 Appii
1498 1568 1666 1611 ridicule
1688 1572 1810 1613 inter-

48 1644 271 1693 pretantur,
307 1640 377 1694 qui
410 1655 472 1680 me
505 1639 655 1680 idcirco
688 1645 834 1695 putant
867 1639 968 1680 bene
1004 1638 1140 1680 audire
1175 1638 1288 1689 velle,
1335 1644 1380 1680 ut
1412 1640 1479 1681 ille
1512 1642 1614 1683 male
1656 1645 1806 1697 audiat,

49 1716 88 1753 ct
120 1717 226 1753 recte
260 1713 388 1754 facere
421 1728 502 1753 non
536 1728 645 1753 meae
679 1712 810 1754 laudis
845 1712 913 1754 sed
947 1712 1057 1753 illius
1081 1711 1348 1753 contumeliae
1372 1728 1506 1755 causa.
1541 1715 1611 1756 Sin
1636 1719 1807 1773 Appius,

48 1792 94 1828 ut
126 1787 243 1828 Bruti
276 1787 429 1838 literae,
465 1802 562 1841 quas
595 1786 645 1828 ad
679 1791 718 1827 te
752 1786 876 1837 misit,
912 1784 1208 1840 significabant,
1243 1786 1391 1840 gratias
1425 1786 1542 1829 nobis
1586 1790 1683 1844 agit,
1729 1807 1806 1832 11011

46 1861 210 1901 moleste
244 1860 348 1911 fer0;
384 1860 451 1901 sed
485 1865 619 1900 tamen
654 1875 699 1900 eo
740 1860 827 1915 ipso
872 1859 951 1910 die,
998 1874 1076 1914 quo
1119 1858 1217 1899 haec
1262 1864 1353 1900 ante
1395 1859 1526 1902 lucem
1571 1862 1808 1915 scribebam,

46 1932 272 1987 cogitabam
306 1933 391 1973 eius
424 1932 552 1973 multa
584 1932 723 1986 inique
757 1932 978 1973 constituta
1021 1936 1061 1972 et
1105 1936 1193 1972 acta
1236 1932 1389 1974 tollere.
1441 1935 1481 1974 3.
1526 1935 1567 1975 N
1571 1951 1649 1976 unc
1694 1937 1810 1978 venio

87 2109 107 2138 4
125 2110 274 2148 putaram
291 2107 405 2147 paullo
427 2116 517 2138 secus
540 2125 581 2129 —
603 2107 621 2137 6
645 2107 760 2137 medico
783 2107 853 2138 sine
875 2107 969 2137 uncis
993 2126 1033 2129 —
1056 2107 1095 2138 19
1111 2109 1226 2148 putent
1248 2126 1288 2130 —

87 2261 105 2301 ξ
129 2263 156 2310 2.
180 2259 386 2306 βαθύτητα.
411 2264 487 2295 Vid.
519 2266 559 2296 ad
587 2266 649 2296 IV.
680 2265 708 2303 (3,
739 2267 768 2296 3.
791 2284 831 2288 —
855 2264 903 2295 Li·
925 2260 927 2282 ³
951 2269 1021 2295 tuin
1044 2270 1120 2296 ante
1142 2274 1239 2303 SeeuS,
1263 2267 1351 2307 quod
1373 2266 1462 2298 Med.
1486 2277 1552 2299 non
1582 2270 1742 2309 agnoseit.

45 2317 205 2356 bertalem,
230 2329 295 2359 qua
317 2319 449 2361 Scaptio
473 2321 587 2362 iniqua
609 2322 733 2363 petenti
755 2327 901 2362 negarat,
992 2316 1031 2346 Ec·
1045 2316 1205 2357 [medico]¹
1229 2318 1282 2359 qm'
1302 2319 1362 2348 sibi
1373 2320 1567 2351 successerit.
1590 2322 1805 2355 Manifestum

46 2371 163 2402 Altera
184 2372 282 2403 lectio
310 2374 381 2404 cod.
412 2374 501 2405 Med.
531 2375 754 2406 liberalitatem
786 2376 903 2406 merito
924 2411 926 2416 ,
950 2371 1115 2402 emblema
1137 2371 1299 2403 indicasse
1321 2373 1399 2403 satis
1423 2374 1494 2405 erit-

45 2424 181 2464 explOSa
203 2431 260 2456 est,
924 2419 926 2436 ³
994 2424 1348 2470 προςανατρεφομένην
1379 2437 1412 2457 o:
1443 2427 1669 2460 refocillatam.
1708 2432 1805 2468 Quod

85 2478 132 2508 Aa
150 2480 298 2517 putaram
320 2489 417 2511 secus.
451 2482 499 2511 Ac
520 2491 690 2522 nunquam
712 2482 812 2513 habet
834 2482 902 2512 vim
948 2478 1063 2510 Graeci
1094 2480 1247 2511 dicebant
1277 2480 1487 2527 ἀνατρέφειν,
1520 2484 1552 2515 111
1580 2486 1739 2517 Romanis
1769 2487 1803 2518 in

44 2531 291 2570 adversativam,
314 2534 371 2564 sed
400 2544 643 2575 nonnunquam
672 2536 814 2575 ponitur,
845 2536 901 2566 ubi
947 2536 1060 2566 eadem
1084 2546 1117 2566 re
1141 2541 1209 2567 erat
1232 2537 1365 2568 »tuerit-e.
1400 2538 1433 2568 V
1436 2539 1478 2569 id.
1501 2540 1528 2570 Ι.
1551 2540 1589 2571 F.
1618 2540 1804 2573 Gronovius

43 2594 82 2615 ae
104 2586 206 2616 tamen
230 2591 359 2617 nostrae
382 2588 614 2619 consuetudini
636 2589 754 2619 melius
770 2599 900 2630 respon·
923 2591 924 2594 ’
946 2588 986 2617 ad
1007 2587 1081 2618 Liv.
1106 2588 1188 2619 VII·
1210 2591 1238 2626 4,
1263 2590 1291 2620 6.

43 2637 144 2668 deret.
167 2637 304 2679 Semper
326 2639 448 2670 indicat
470 2641 550 2671 duas
573 2650 624 2672 res
646 2643 817 2682 aequalem
832 2643 900 2673 vim
988 2640 1082 2671 Modo
1100 2641 1226 2682 qratiam
1248 2643 1328 2684 aqit.
1350 2644 1399 2675 Cf.
1422 2646 1534 2685 paullo
1556 2653 1643 2687 post:
1667 2648 1719 2678 Sin
1743 2650 1804 2689 Ap-

44 2690 174 2722 habere.
219 2692 311 2723 Beue
339 2693 380 2724 de
409 2693 470 2723 hac
499 2703 533 2724 re
561 2695 643 2735 disp.
680 2695 832 2727 Handius
866 2697 900 2728 in
923 2697 925 2716 Ι
939 2694 1014 2734 pius
1036 2713 1076 2717 ——
1093 2695 1221 2735 (statim
1242 2697 1329 2727 nobis
1351 2699 1427 2739 assit,
1451 2710 1493 2730 sc.
1523 2702 1610 2741 quod
1634 2702 1749 2733 Cicero
1773 2703 1801 2733 ei

45 2744 140 2775 Turs.
164 2746 191 2775 I.
214 2756 244 2785 p.
266 2746 327 2775 488
351 2756 449 2787 seqq„
473 2758 491 2777 a
514 2757 578 2788 quo
601 2748 767 2786 dissentio,
801 2761 903 2790 quum
947 2747 1099 2787 parcebat
1121 2752 1152 2778 et
1173 2753 1240 2779 tani
1263 2750 1382 2782 leniter
1402 2753 1530 2792 agebat.

43 2796 77 2826 in
100 2806 147 2827 or.
170 2807 199 2837 p.
223 2798 309 2828 Mur.
333 2798 351 2828 6
373 2809 431 2839 pro
453 2799 499 2830 Ac
521 2799 561 2829 de
583 2800 681 2841 qffiez'o
708 2801 903 2841 defensionis
989 2802 1091 2833 Etiam
1115 2804 1153 2834 cle
1181 2805 1330 2844 rapis-eis?
1362 2808 1473 2839 Verba
1502 2809 1541 2839 de
1569 2811 1690 2850 rapinis
1717 2812 1802 2842 male

45 2861 132 2881 meae
154 2861 191 2880 ac
213 2851 252 2881 de
275 2851 399 2881 ratione
421 2852 633 2883 accusationis
668 2855 741 2884 tuae
771 2861 901 2886 secutus
947 2856 1056 2886 addita
1094 2857 1258 2889 videntur.
1308 2860 1395 2891 Nam
1431 2862 1464 2892 111
1507 2863 1554 2900 iis,
1595 2874 1678 2904 quae
1714 2875 1801 2905 prae-

44 2904 262 2936 Goereuzium
288 2907 329 2934 At
352 2906 391 2936 de
413 2906 511 2945 officio
533 2907 632 2937 scribi
662 2908 760 2939 iubet.
805 2909 901 2941 Prius
946 2910 1065 2939 cedunt
1094 2911 1134 2941 de
1157 2912 1279 2952 rapinis
1308 2914 1413 2944 multa
1441 2916 1580 2946 dixerat.
1616 2918 1716 2948 Recte
1749 2919 1801 2949 ad-

44 2969 82 2990 ae
104 2969 169 2989 11011
194 2959 299 2999 magis
321 2970 420 2999 quam
443 2960 583 2991 alterum
606 2961 776 2992 sollicitari
793 2963 899 2994 debet.
922 2964 924 2976 ³
945 2962 994 2992 dit
1022 2972 1125 2993 nunc:
1166 2964 1258 2995 etiam
1288 2966 1327 2996 cle
1354 2966 1544 3005 malinam,
1582 2969 1620 2999 de
1649 2973 1801 3002 consume-

43 3012 84 3043 111
114 3013 222 3044 verbis
251 3018 359 3044 autem
391 3023 407 3044 e
441 3013 510 3044 Cat.
540 3015 567 3044 I.
603 3015 640 3044 15
675 3015 721 3045 Ac
750 3015 810 3046 iam
840 3016 900 3048 illa
945 3015 1028 3045 liis?

43 3065 149 3097 omitto
172 3066 287 3098 Cicero
310 3078 376 3097 uon
400 3067 442 3096 Ac
465 3067 537 3104 iam,
561 3068 617 3099 sed
646 3068 694 3098 Ae
722 3071 825 3100 tamen
855 3071 924 3108 vi·¹
991 3068 1051 3108 Qui
1079 3088 1118 3091 -—
1144 3073 1270 3109 putant.
1306 3074 1429 3114 Scripsi
1457 3085 1532 3106 cuin
1561 3077 1717 3109 Schutzio
1745 3090 1803 3120 pro

44 3119 138 3150 detur
159 3120 297 3151 dedisse.
329 3120 428 3151 Falso
450 3120 613 3152 Mullerus
635 3122 668 3152 h.
698 3122 719 3153 l.
750 3123 898 3154 volebat:
938 3123 1064 3160 ymlent,
1089 3125 1246 3163 quoniam
1260 3126 1321 3157 hoc
1332 3128 1467 3158 verbum
1479 3139 1545 3160 11011
1556 3140 1597 3161 ex
1611 3131 1711 3172 Appii
1726 3134 1804 3164 mui-

44 3181 102 3203 nec
117 3175 265 3212 putaram
287 3183 386 3205 secus,
410 3174 515 3206 Omisi
530 3175 644 3214 paullo
667 3186 683 3205 a
709 3176 796 3206 erat.
810 3177 896 3207 addi-
921 3208 925 3217 Δ
945 3186 1057 3206 corum
1082 3179 1245 3209 sententia
1268 3181 1431 3220 repetitur.

1833 1004 1867 1029 10

1830 1366 1861 1391 15

1830 1739 1865 1764 20
