2117 3533
692 172 800 214 LIB.
834 172 885 213 V.
919 170 1004 212 ΕΡ.
1041 170 1113 210 18.
1149 169 1221 208 19.
1751 167 1834 207 237

75 317 186 366 tegra
218 309 261 351 111
294 313 436 350 senatu
468 312 603 349 nostra
636 322 756 348 causa
788 305 839 347 ad
875 305 969 346 Kal.
1003 304 1093 346 Ian.
1128 301 1334 352 manserit,
1369 305 1415 342 ut
1448 301 1598 341 Romae
1633 299 1686 340 sis
1706 315 1841 341 mense

78 382 279 425 Ianuario.
314 380 498 422 Profecto
531 379 634 421 nihil
668 378 861 432 accipiam
894 376 1080 427 iniuriae,
1117 376 1149 417 si
1183 380 1229 415 tu
1263 373 1407 415 aderis.
1461 372 1624 414 Amicos
1658 372 1842 413 consules

80 455 287 505 habemus,
321 458 503 495 nostrum
536 452 746 493 tribunum
780 450 835 505 pl.
883 449 1094 490 Furnium.
1129 449 1281 488 Verum
1321 450 1392 486 tua
1432 450 1493 487 est
1533 460 1633 500 opus
1673 445 1842 486 assidui-

81 532 176 579 tate,
211 527 438 583 prudentia,
473 526 615 581 gratia.
649 525 824 578 Tempus
858 527 918 563 est
950 521 1234 563 necessarium.
1269 519 1347 560 Sed
1380 523 1496 573 turpe
1531 523 1591 559 est
1623 535 1685 560 me
1719 519 1843 574 pluri-

81 601 155 642 bus
188 600 318 642 verbis
352 614 466 654 agere
499 603 645 639 tecum.
704 596 990 641 4..Cicerones
1023 594 1152 635 nostri
1185 597 1281 634 sunt
1313 591 1420 647 apud
1465 591 1714 643 Deiotarum,
1758 592 1841 643 sed,

82 674 115 715 si
148 689 248 729 opus
280 673 368 722 erit,
403 672 652 712 deducentur
688 669 891 710 Rhodum.
935 669 1010 719 Tu,
1047 668 1080 709 si
1113 682 1154 708 es
1188 667 1352 716 Romae,
1387 670 1434 705 ut
1467 664 1582 714 soles,
1618 665 1842 719 diligentis-

82 746 193 797 sime,
228 747 261 787 si
293 747 336 786 in
370 746 507 800 Epiro,
542 745 656 785 mitte
689 749 824 784 tamen
858 742 907 783 ad
941 757 1012 783 nos
1047 741 1095 782 de
1140 741 1222 782 tuis
1266 740 1441 793 aliquem
1484 737 1752 790 tabellarium,
1799 744 1844 780 ut

80 823 120 859 et
151 823 211 869 tu,
246 818 344 873 quid
377 833 449 859 1105
483 832 661 872 agamus,
696 822 736 857 et
768 831 855 867 nos,
890 814 988 870 quid
1020 818 1067 855 tu
1101 828 1194 868 agas
1229 811 1406 867 quidque
1441 814 1604 851 acturus
1639 811 1708 862 sis,
1742 812 1842 852 scire

81 892 293 947 possimus.
327 892 414 945 Ego
447 891 509 932 tui
542 890 659 931 Bruti
692 904 774 930 rem
809 888 866 929 sic
900 903 988 942 ago,
1023 892 1070 928 ut
1103 902 1216 928 suam
1249 886 1334 941 ipse
1369 900 1449 926 non
1481 887 1631 938 ageret.
1664 882 1742 924 Sed
1764 883 1844 924 iam

81 964 249 1006 exhibeo
283 964 481 1021 pupfflum
514 978 644 1018 neque
679 961 865 1003 defendo.
933 962 1036 1002 Sunt
1069 960 1176 1001 enim
1210 959 1373 1014 negotia
1405 962 1446 999 et
1479 957 1588 998 lenta
1620 963 1661 999 et
1694 957 1845 999 inania.

82 1036 243 1078 Faciam
274 1042 409 1078 tamen
443 1037 559 1078 satis:
594 1035 670 1077 tibi
705 1035 881 1090 quidem,
916 1035 983 1076 6111
1016 1034 1218 1076 difficilius
1252 1038 1312 1075 est
1346 1048 1465 1088 quam
1499 1032 1592 1088 ipsi.
1628 1029 1706 1073 Sed
1741 1034 1845 1071 certe

82 1110 324 1153 satisfaciam
356 1111 533 1166 utrique.

122 1278 141 1317 ξ
163 1279 193 1307 4.
226 1276 282 1307 Tui
305 1275 402 1307 Bruti
424 1286 495 1314 rem,
526 1283 587 1307 cet.
623 1276 675 1307 Ex
705 1276 755 1313 iis,
784 1284 867 1316 quae
896 1276 936 1306 de

75 1331 190 1361 eadem
212 1339 247 1361 re
269 1330 424 1369 leguntur
446 1330 480 1359 in
504 1338 552 1369 ep.
577 1330 625 1366 20,
650 1329 678 1359 6.
702 1329 765 1360 VI.
790 1329 817 1366 1,
836 1330 854 1359 3
871 1338 934 1368 sq.;

75 1382 103 1420 2,
128 1381 162 1419 ’ῖς
187 1384 215 1419 3,
239 1383 256 1411 5
280 1382 357 1412 satis
380 1386 529 1412 accurate
552 1382 688 1412 definire
712 1381 799 1418 licet,
836 1390 936 1421 quam

74 1435 161 1466 dicat
188 1435 283 1466 Bruti
314 1444 383 1466 rem
413 1440 446 1465 et
477 1435 642 1475 quomodo
673 1435 702 1466 ei
732 1434 935 1467 satisfecerit.

74 1489 118 1519 A.
134 1488 194 1521 702
206 1488 450 1520 Ariobarzanes
473 1485 630 1532 Εὐσεβής
653 1493 685 1519 et
701 1485 935 1532 Φιλορὼμαιος

75 1547 158 1587 patri
180 1547 298 1578 acerbo
320 1556 396 1577 casu
419 1546 585 1577 exstincto
614 1545 649 1575 in
680 1554 783 1585 regno
813 1543 935 1584 Cappa-

75 1601 188 1632 dociae
211 1604 419 1633 successerat.
443 1600 595 1632 Ciceroni
617 1604 726 1630 autem
749 1599 782 1629 in
806 1598 936 1639 provin-

75 1655 160 1685 ciam
189 1654 325 1685 abeunti
355 1658 486 1685 senatus
516 1653 738 1690 mandaverat,
778 1656 813 1682 ut
848 1652 936 1681 hunc

76 1719 189 1749 regem
220 1713 365 1740 tueretur
394 1709 527 1749 eiusque
563 1717 705 1747 regnum
737 1706 936 1738 defenderet.

76 1763 168 1794 Fam.
192 1763 272 1794 XV.
296 1763 323 1800 2,
347 1764 367 1793 4
396 1772 466 1802 sqq.
499 1762 600 1792 Hunc
628 1761 733 1801 igitur
761 1770 857 1791 suum
878 1770 937 1799 pu-

73 1816 186 1856 pillum
208 1820 303 1846 vocat
325 1820 357 1846 et
378 1819 489 1856 postea
519 1814 647 1845 scribit:
681 1814 781 1845 tutela
812 1823 858 1843 me
886 1812 937 1843 ab·

77 1869 185 1900 dicare
221 1869 330 1909 eoyz'to.
369 1869 549 1908 Ingentem
584 1867 743 1908 pecuniae
774 1876 937 1897 summam

77 1933 134 1953 rese
163 1933 342 1963 perpavper
364 1922 504 1953 debebat
541 1931 644 1961 quum
668 1921 740 1951 aliis
768 1920 936 1957 Romanis,

77 1980 147 2006 tum
169 1976 215 2006 M.
240 1976 354 2006 Bruto.
377 1975 443 2005 Hic
467 1974 568 2014 igitur
590 1983 647 2014 per
669 1973 864 2004 Ciceronem
882 1983 937 2003 110-

78 2039 154 2060 men
178 2039 275 2059 suum
296 2038 486 2069 recuperare
510 2027 670 2058 studebat.
694 2027 806 2067 Atque
822 2025 936 2057 Cicero

79 2093 168 2114 nunc
190 2083 325 2123 quidem
347 2084 495 2123 desperat
524 2081 732 2117 solutionem,
763 2085 936 2120 postquam

79 2145 157 2166 vero
185 2145 243 2166 sua
271 2145 369 2175 opera
402 2133 623 2165 Ariobarzani
661 2138 693 2164 et
729 2142 869 2173 regnum
907 2136 940 2162 et

78 2189 146 2220 vita
168 2190 209 2219 ab
231 2189 358 2220 insidiis
381 2188 515 2219 defensa
537 2192 614 2224 erat,
638 2192 767 2218 tantum
791 2185 936 2226 profecit,

79 2247 115 2273 ut
144 2242 248 2273 Bruto
279 2246 365 2272 certe
395 2241 453 2271 illo
483 2250 570 2270 anno
600 2240 724 2270 talenta
752 2238 880 2269 circiter
912 2236 936 2268 C

79 2295 295 2325 solverentur.

122 2347 182 2378 Sed
202 2347 265 2377 iam
288 2347 416 2377 emhibeo
432 2345 587 2386 pupillum
603 2354 698 2386 neque
712 2343 855 2384 defendo.
878 2342 938 2373 Ea:-
961 2335 963 2345 ¹

81 2401 185 2432 hibere
201 2401 355 2441 pupillum
380 2401 494 2432 eadem
517 2399 584 2431 fere
607 2399 734 2430 ratione
756 2398 845 2435 dicit,
874 2408 938 2438 qua

82 2455 206 2486 Paulus
229 2454 327 2488 ICtus
351 2455 384 2486 in
407 2455 429 2485 l.
452 2455 500 2492 28,
526 2455 543 2493 ξ
567 2454 586 2484 2
614 2454 655 2484 (16
678 2453 812 2485 iureiur.
844 2452 936 2492 (Dig.
960 2466 962 2494 3

681 2561 796 2602 XIX.

987 1273 1036 1309 12,
1059 1273 1092 1312 2)
1116 1273 1156 1303 (16
1179 1272 1327 1303 debitore
1351 1271 1384 1301 in
1411 1270 1570 1301 iudicium
1593 1268 1783 1300 exhibendo
1804 1267 1847 1298 lo-

985 1327 1108 1367 quitur.
1132 1326 1284 1357 Conferri
1307 1330 1412 1365 potest
1435 1325 1522 1365 quod
1539 1325 1572 1355 in
1590 1323 1705 1354 eadem
1723 1331 1758 1352 re
1773 1321 1848 1352 scri-

985 1380 1033 1411 bit
1055 1381 1118 1411 VI.
1142 1380 1170 1417 1,
1193 1381 1213 1409 4
1226 1379 1328 1419 fenus
1357 1381 1388 1409 et
1417 1377 1602 1418 impendium
1631 1385 1787 1412 recusare,
1816 1379 1848 1405 et

983 1433 1072 1473 quod
1094 1432 1216 1472 legitur
1238 1432 1279 1462 ad
1301 1431 1394 1462 Fam.
1418 1431 1482 1461 IX.
1507 1430 1555 1468 16,
1574 1429 1592 1461 7
1605 1429 1713 1459 bonam
1729 1427 1845 1468 copiam

983 1485 1120 1516 eiurare.
1144 1485 1256 1524 Quum
1279 1484 1369 1515 enim
1392 1483 1538 1515 exhibere
1554 1482 1683 1523 proprie
1699 1481 1740 1511 sit
1753 1487 1847 1511 extra

984 1544 1147 1569 secretum
1169 1538 1299 1575 habere,
1324 1538 1357 1567 in
1375 1537 1546 1578 publicum
1561 1536 1750 1576 producere,
1765 1538 1846 1564 teste

984 1590 1131 1631 Ulpiano
1155 1590 1189 1621 in
1213 1590 1235 1620 l.
1258 1591 1286 1627 3,
1312 1590 1330 1629 ξ
1353 1591 1372 1619 8
1395 1590 1435 1621 (16
1454 1590 1544 1620 hom.
1556 1588 1614 1619 lib.
1628 1587 1739 1619 exhib.
1754 1586 1845 1625 (Dig.

982 1645 1033 1681 43,
1057 1644 1123 1683 28),
1155 1643 1312 1675 exhibere
1341 1643 1507 1683 pupillum
1537 1642 1727 1672 obaeratum
1760 1639 1845 1670 nihil

985 1698 1075 1729 aliud
1098 1703 1156 1735 est,
1181 1708 1281 1739 quam
1304 1707 1379 1728 eum
1401 1696 1605 1728 deditoribus
1624 1696 1763 1726 tradere.
1786 1694 1844 1724 Er-

985 1756 1106 1789 nestuS,
1131 1752 1187 1792 qui
1211 1752 1245 1782 in
1269 1752 1380 1782 adnot.
1409 1751 1450 1781 ad
1478 1751 1559 1782 haec
1588 1749 1690 1781 verba
1719 1759 1738 1779 a
1768 1747 1845 1779 Cor-

985 1806 1063 1836 rado
1092 1805 1199 1845 decipi
1229 1814 1263 1836 se
1302 1814 1415 1845 passus
1446 1808 1525 1841 erat,
1556 1803 1590 1834 in
1622 1802 1708 1833 clavi
1739 1801 1845 1833 Cicer.

985 1870 1010 1890 s.
1033 1870 1063 1889 v.
1085 1859 1212 1889 exhibeo
1235 1859 1275 1889 ad
1289 1868 1404 1889 sanam
1420 1857 1724 1898 interpretationem
1739 1856 1845 1893 rediit,

987 1924 1091 1954 eoque
1114 1914 1212 1944 tacite
1236 1913 1456 1954 suspicionem
1475 1922 1577 1949 suam,
1593 1921 1690 1952 neque
1704 1911 1738 1941 in
1753 1912 1846 1950 atque

985 1967 1181 1998 mutandum
1203 1975 1282 2003 esse,
1305 1965 1482 1996 revocavit.

1027 2019 1105 2050 Sunt
1127 2021 1208 2050 enim
1231 2019 1356 2058 neyotz'a
1380 2020 1410 2047 et
1433 2018 1521 2048 lenta
1545 2018 1575 2047 et
1596 2016 1719 2046 inania.
1748 2014 1846 2055 Νεμο-

986 2075 1031 2105 tia
1055 2080 1133 2105 sunt
1156 2073 1219 2113 ipsi
1236 2073 1399 2109 homines,
1419 2071 1663 2102 Ariobarzanes
1678 2079 1753 2100 cum
1768 2069 1846 2099 aini-

986 2129 1041 2165 cis,
1065 2138 1206 2168 qnorum
1229 2126 1376 2157 consiliis
1399 2126 1456 2156 ille
1480 2125 1643 2155 utebatur.
1676 2123 1726 2154 Cf.
1751 2123 1791 2152 ad
1816 2123 1842 2152 I.

988 2184 1036 2221 12,
1053 2184 1080 2214 1.
1105 2184 1209 2214 Erant
1227 2183 1325 2219 lenta,
1343 2181 1431 2222 quod
1446 2180 1556 2211 debita
1570 2189 1636 2209 non
1656 2178 1844 2213 solvebant3

985 2237 1107 2274 inania,
1141 2237 1230 2276 quod
1262 2236 1350 2266 unde
1379 2235 1545 2265 solverent
1573 2243 1639 2263 non
1669 2232 1846 2262 habebant.

989 2290 1118 2320 Nullum
1140 2290 1220 2320 enim
1244 2287 1411 2325 aerarimn,
1442 2287 1561 2317 nullum
1590 2286 1726 2326 vecliyal
1755 2285 1845 2315 lutbe-

990 2344 1061 2380 m,-
1085 2343 1168 2374 nihil
1189 2343 1247 2373 illo
1265 2352 1360 2384 reyno
1376 2340 1553 2382 spoliatizas,
1571 2339 1653 2370 wiltzi
1669 2349 1740 2380 reye
1756 2349 1844 2377 essen-

987 2396 1060 2427 tius.
1084 2396 1162 2426 Vid.
1186 2395 1246 2426 VI.
1270 2396 1298 2432 1,
1321 2396 1339 2425 3
1363 2404 1409 2434 sq.

860 2560 921 2612 (A.
962 2559 1006 2599 U.
1046 2559 1087 2599 c,
1126 2557 1243 2609 703.)

148 2679 187 2718 1.
222 2676 489 2731 Obsignaram
529 2676 609 2717 iam
651 2675 860 2731 epistolam
910 2688 1011 2723 eam,
1057 2687 1177 2727 quam
1225 2674 1324 2726 puto
1367 2674 1407 2711 te
1451 2669 1570 2710 modo
1614 2668 1841 2724 perlegisse,

82 2749 271 2804 scriptam
304 2764 391 2790 mea
424 2764 560 2800 manu,
593 2749 637 2789 in
670 2763 749 2802 qua
782 2747 917 2788 omnia
951 2745 1224 2794 continentur,
1260 2757 1385 2797 quum
1414 2741 1549 2782 subito
1573 2741 1697 2796 Appii
1718 2739 1843 2780 tabel-

83 2823 205 2864 larius
239 2838 274 2863 a.
310 2822 350 2862 d.
385 2835 448 2863 XI.
483 2821 576 2862 Kal.
607 2820 774 2863 Octobr.
822 2820 992 2876 septimo
1036 2815 1340 2872 quadragesimo
1386 2814 1450 2856 die
1494 2814 1621 2855 Roma
1664 2811 1845 2853 celeriter

128 2999 146 3038 ξ
172 2998 200 3028 1.
223 2997 395 3037 Epa-talam
419 3007 486 3028 eam
508 3014 549 3019 —-
571 2996 604 3028 z'n
627 3006 687 3038 qua
709 2995 812 3027 omnia
844 2995 941 3026 eonti-
983 3006 1011 3027 a.
1034 2996 1064 3026 d.
1087 2993 1122 3025 X
1146 2994 1223 3025 Kal.
1245 2993 1317 3026 Oct.
1344 2992 1399 3032 (cf.
1422 2991 1495 3023 Att.
1520 2991 1581 3022 VI.
1605 2991 1632 3028 1,
1657 2991 1689 3031 1)
1711 2989 1844 3021 tabella-

85 3052 210 3081 nentur.
247 3051 420 3092 Respicere
450 3050 580 3081 videtur
609 3050 748 3080 eandem
775 3048 868 3079 illam
902 3048 943 3079 ad
983 3049 1040 3080 riis
1062 3047 1289 3089 perferendam
1311 3046 1411 3078 dedit.

85 3108 236 3135 senatum
258 3104 430 3145 epistolam
452 3114 470 3134 a
504 3103 664 3143 Cybistris
693 3104 813 3139 datam,
843 3112 942 3143 quam

1024 3103 1163 3144 Septimo
1195 3100 1433 3144 quadrayesimo
1462 3100 1523 3131 die.
1560 3101 1603 3131 111
1638 3098 1844 3130 ordinalibus

87 3157 242 3197 postridie
265 3159 397 3204 dem-um
419 3167 495 3189 cum
525 3167 574 3198 ep.
604 3156 754 3198 proxime
783 3156 945 3197 superiori
985 3163 1058 3200 post
1082 3157 1255 3189 vicesimum
1277 3166 1351 3188 raro
1373 3165 1531 3188 numerus
1553 3155 1662 3187 minor
1684 3154 1844 3186 maiorem

1867 966 1901 991 10
