2117 3533
715 167 821 207 Lsss.
856 166 914 206 Π.
948 164 1032 205 ΕΡ.
1068 165 1109 204 3.
1147 166 1186 203 4.

676 323 705 361 J
713 322 757 361 V.

1773 163 1827 200 83

825 323 889 373 (Α.
931 322 974 361 U.
1014 323 1055 362 C.
1090 323 1208 374 695.)

1230 394 1247 435 G

131 438 169 476 1.
204 435 351 476 Fecisti
384 435 483 475 mihi
516 439 758 489 pergratum,
794 435 898 487 quod
933 435 1158 490 Serapionis
1190 433 1337 475 librum
1371 433 1421 474 ad
1466 448 1528 474 me
1571 432 1730 483 misisti,
1775 447 1823 473 ex

60 523 143 561 -quo
177 507 337 560 quidem
370 523 443 562 ego
478 532 534 537 —-
570 507 674 561 quod
708 507 812 548 111101
844 523 916 548 1105
955 508 1074 548 liceat
1117 507 1247 548 dicere
1283 531 1339 535 ———
1374 506 1626 547 millesimam
1669 510 1822 560 partem

66 580 130 621 vix
162 579 357 633 intelligo.
402 580 479 620 Pro
512 595 558 620 eo
590 579 666 620 tibi
699 584 946 634 praesentem
980 580 1190 634 pecuniam
1226 579 1325 619 solvi
1356 578 1561 632 imperavi,
1595 594 1645 619 ne
1678 584 1724 618 tu
1756 593 1822 618 ex-

64 668 231 707 pensum
264 652 497 693 muneribus
531 653 665 693 ferres.
700 654 755 693 At
789 652 977 705 quoniam
1010 667 1224 692 numorum
1257 650 1406 691 mentio
1439 650 1544 690 facta
1577 655 1650 701 est,
1680 650 1820 691 amabo

64 730 117 774 te,
152 740 245 765 cura
280 730 323 765 ut
356 740 447 765 cum
479 725 629 765 Titinio
664 739 822 778 (1110(1110
855 724 972 765 1110(10
1006 724 1153 778 poteris
1187 723 1397 777 transigas.
1441 722 1483 764 Si
1524 723 1564 763 in
1608 739 1668 773 eo,
1715 722 1820 776 quod

64 796 303 847 ostenderat,
336 812 417 837 non
450 802 542 847 stat,
576 797 676 837 mihi
705 797 875 837 maxime
899 796 1028 851 placet
1061 811 1119 845 ea,
1145 810 1244 849 quae
1268 794 1369 835 male
1392 799 1525 849 empta
1548 800 1655 845 sunt,
1692 795 1819 844 reddi,

64 870 97 910 si
129 869 334 910 voluntate
369 870 612 925 Pomponiae
644 869 729 909 fieri
762 869 929 923 poterit3

975 868 1008 909 si
1041 883 1090 908 ne
1124 867 1167 908 id
1202 867 1376 921 quidem,
1421 868 1534 908 numi
1566 868 1700 922 potius
1733 867 1819 907 red-

63 941 208 982 dantur
242 957 360 995 quam
393 943 499 983 ullus
532 943 584 982 sit
617 941 841 996 scrupulus.
875 940 1002 981 Valde
1036 940 1111 980 1100
1145 941 1263 981 velim
1298 945 1389 981 ante
1424 955 1543 993 quam
1571 940 1819 994 proficiscare

61 1019 252 1065 amanter,
286 1019 332 1055 ut
365 1015 480 1065 soles,
514 1014 805 1068 diligenterque
839 1013 1038 1053 0011110105.
1082 1016 1122 1053 2.
1157 1013 1321 1053 Clodius
1355 1027 1462 1067 ergo,
1496 1018 1543 1054 ut
1576 1013 1647 1063 ais,
1682 1012 1731 1053 ad
1754 1012 1818 1052 Ti-

60 1088 248 1140 granem?
281 1087 414 1138 velim,
449 1088 474 1130 †
508 1088 668 1143 Sppiae
710 1086 973 1134 conditiones,
1018 1084 1086 1126 sed
1121 1084 1235 1126 facile
1268 1086 1411 1140 patior.
1468 1084 1820 1127 Accommodatius

106 1261 142 1291 11
167 1261 348 1293 condicione
368 1281 410 1286 —-

103 1429 121 1469 ξ
146 1430 173 1460 1.
196 1429 315 1460 Fecisti
335 1430 411 1460 mihi
428 1433 619 1471 perqratum,
643 1430 726 1472 quod
738 1429 918 1470 Serapionis

59 1480 171 1512 librum
199 1481 244 1512 ad
271 1493 316 1513 me
344 1482 466 1514 misisti.
511 1483 686 1523 Cogitabat
727 1482 842 1514 Cicero
876 1483 916 1513 de

62 1544 158 1575 opere
181 1535 400 1576 geographico
425 1536 517 1575 (Vid.
532 1536 564 1566 h.
581 1545 630 1576 ep.
645 1537 673 1567 3.
694 1536 762 1573 6,1.
781 1535 809 1568 7.
824 1536 866 1575 l),
881 1535 914 1565 in

62 1598 126 1628 quo
148 1588 401 1619 Eratosthenem
424 1589 515 1629 sequi
537 1589 734 1626 decreverat,
765 1599 831 1619 non
862 1597 915 1618 ne-

61 1642 178 1681 glectis
211 1643 258 1679 iis,
289 1653 372 1683 quae
408 1644 562 1674 adversus
598 1644 686 1674 hunc
717 1643 916 1683 scripserant

61 1694 268 1734 Hipparchus
297 1702 329 1726 et
364 1696 532 1736 Serapion,
568 1697 624 1736 qui
660 1702 861 1727 memoratur
898 1706 916 1726 a

61 1746 172 1777 Plinio
196 1748 228 1777 in
253 1748 365 1778 Indice
389 1747 506 1788 Script.
529 1749 550 1778 1.
574 1749 626 1778 IV
649 1754 681 1779 et
704 1749 747 1779 V.

105 1799 194 1839 Quod
215 1800 298 1830 inter
320 1810 375 1831 nos
397 1801 492 1831 licea!
515 1802 629 1832 (licere.
663 1802 762 1840 Quod
785 1802 818 1832 in
843 1812 918 1832 con-

61 1853 161 1884 simili
184 1854 256 1884 loco
285 1855 324 1885 de
357 1855 398 1885 N.
433 1855 473 1885 D.
510 1856 536 1885 I.
571 1855 610 1887 74
639 1856 743 1885 dicere
772 1856 805 1885 in
836 1856 916 1896 opti-

60 1906 123 1936 mis
146 1906 238 1936 libris
260 1917 326 1937 non
350 1907 480 1947 legitur,
505 1918 570 1938 non
585 1907 670 1944 facit,
688 1914 724 1938 ut
739 1908 771 1938 h.
787 1918 916 1948 quoque

61 1958 82 1988 1.
102 1958 286 1989 tollendum
311 1960 360 1989 sit.
390 1959 439 1990 Cf.
462 1960 572 1990 Hand.
595 1961 691 1991 Tui-s.
714 1961 780 1991 III.
803 1971 833 2001 p.
856 1961 917 1990 400

61 2020 107 2051 sq.
143 2012 243 2042 Recte
281 2012 467 2043 Ellendtius
503 2014 542 2043 de
577 2012 667 2044 Orat.
707 2014 753 2044 II.
784 2014 823 2044 96
870 2023 916 2044 re-

60 2064 160 2096 tinuit
187 2066 337 2096 omnium
360 2067 519 2097 librorum
543 2067 727 2104 lectionem,
750 2070 784 2097 iel
800 2067 831 2097 in
850 2068 917 2098 her-

59 2116 106 2147 bis
134 2118 245 2148 rustici
284 2119 386 2149 solent
418 2119 531 2156 dicere,
567 2130 668 2160 quum
705 2120 842 2151 Beierus
877 2122 917 2151 ad

60 2168 124 2201 Off.
146 2170 212 2200 III.
236 2171 276 2201 92
297 2181 327 2201 v.
350 2171 455 2201 dicere
477 2171 650 2211 glossatori
667 2173 844 2203 tribuisset.

101 2222 302 2254 Praesentem
319 2224 498 2264 pecuniam.
534 2225 694 2256 Praesens
716 2226 836 2256 dicitur
866 2235 916 2266 pe-

59 2277 164 2313 cunia,
188 2287 271 2317 quae
294 2288 359 2308 non
384 2278 417 2308 in
441 2278 630 2309 nominibus
645 2284 702 2315 est,
720 2280 776 2309 sed
789 2285 917 2319 praesto

62 2329 95 2359 in
119 2339 191 2359 0100
200 2343 206 2365 ;
237 2339 390 2370 praesens
419 2331 558 2370 pecunia
586 2331 733 2367 solvitur,
763 2341 838 2361 cum
869 2341 915 2361 so·

61 2381 144 2411 lutio
172 2391 239 2412 non
267 2392 324 2422 per
354 2383 611 2419 attributionem,
643 2384 699 2413 sed
728 2384 839 2413 statim
869 2384 916 2414 fit.

62 2436 137 2467 Vid.
167 2436 328 2467 Wunderi
358 2437 437 2467 Var.
467 2437 558 2468 Lect.
588 2447 604 2468 e
633 2438 702 2468 cod.
734 2437 856 2468 Erfurt.
886 2448 916 2478 p.

60 2487 253 2518 LXXXIX
276 2498 365 2529 seqq.
679 2504 683 2506 -

102 2540 155 2570 At.
190 2540 237 2569 Ac
258 2540 312 2571 vel
341 2542 371 2570 et
401 2540 610 2572 scribendum
640 2542 779 2572 videtur.
802 2560 843 2565 -—-
866 2541 915 2572 De

61 2592 195 2632 negotio
217 2593 389 2623 Titiniano
411 2593 495 2623 nihil
519 2594 680 2625 affirma-re
701 2604 886 2635 possumus.

100 2646 297 2677 Redclanlur.
329 2647 501 2677 Manutius
523 2657 604 2678 corr.
625 2647 788 2677 addantur
810 2649 850 2678 ad
872 2648 914 2684 id,

60 2699 147 2739 quod
174 2698 240 2728 iam
268 2705 477 2729 numeratum
512 2704 570 2730 est.
612 2699 678 2730 Sed
712 2710 814 2740 quum
847 2710 913 2730 non

60 2756 188 2781 constet
211 2751 336 2790 aliquid
357 2756 567 2782 numeratum
589 2751 688 2782 fuisse
711 2752 846 2788 Titinio,
862 2761 913 2783 ve-

60 2804 128 2834 rius
150 2810 229 2844 puto
251 2803 422 2834 tradantur
444 2805 497 2835 vel
512 2804 705 2844 pendantur.

104 2857 122 2896 ξ
144 2857 173 2887 2.
199 2856 326 2887 Clodius
348 2866 420 2897 erqo
442 2875 483 2879 -—
500 2857 618 2897 patior.
646 2858 687 2887 In
711 2857 784 2887 loco
806 2858 915 2897 despe-

62 2915 132 2940 rato
155 2910 291 2940 exhibui
314 2911 384 2940 eod.
407 2910 496 2940 Med.
518 2910 703 2941 lectionem.
743 2910 915 2950 Compara-

63 2963 104 2993 tis
125 2963 175 3000 iis,
199 2973 281 3004 quae
304 2963 462 3003 leguntur
484 2973 532 3004 ep.
556 2963 583 2999 7,
607 2965 625 2994 3
648 2963 730 2994 mihi
760 2964 793 2994 in
823 2973 915 2995 men-

64 3021 129 3047 tem
151 3017 252 3054 venit,
276 3017 356 3048 olim
379 3018 424 3048 ita
454 3018 609 3057 scriptum
639 3017 754 3048 fuisse:
787 3017 915 3048 Clodius

63 3078 144 3110 erqo,
167 3071 201 3099 ut
222 3069 282 3107 ais,
306 3070 351 3100 ad
374 3069 538 3112 Tiyrcmem
560 3070 609 3100 vel
622 3070 655 3100 in
679 3069 827 3111 Cyprum.-
853 3071 914 3111 opi-

63 3131 130 3152 mae
151 3123 346 3154 conditiones
354 3136 364 3158 ;
386 3124 443 3154 sed
454 3123 559 3163 facile
575 3123 694 3164 patior.
716 3123 871 3155 Exeunte
887 3133 914 3154 a.

63 3174 123 3204 694
146 3174 361 3207 Caesareum
384 3176 541 3216 Pompeio
570 3184 601 3207 et
631 3176 747 3207 Crasso
778 3186 810 3207 se
840 3186 914 3206 con·

966 1430 1129 1468 iunxerat,
1151 1436 1189 1462 ut
1212 1432 1245 1462 in
1268 1441 1302 1462 re
1324 1432 1456 1473 publica
1477 1433 1518 1462 ad
1537 1441 1634 1463 suum
1649 1432 1820 1462 arbitrium

966 1483 1078 1513 omnia
1099 1490 1343 1524 componerent.
1385 1484 1511 1515 Eorum
1541 1484 1687 1515 consiliis
1716 1485 1820 1515 obsta-

967 1536 1022 1567 bat
1034 1535 1158 1573 Cicero,
1182 1537 1332 1577 quamvis
1355 1542 1464 1578 aperte
1478 1538 1625 1568 nondum
1640 1537 1822 1568 restit-isset.

965 1590 1066 1620 Hunc
1095 1596 1131 1621 ut
1161 1591 1222 1621 sibi
1252 1592 1474 1628 conciliarent,
1511 1592 1742 1631 excogitarunt
1776 1601 1822 1621 ra-

966 1643 1090 1674 tionem
1113 1644 1304 1674 removendi
1328 1643 1447 1674 Clodii.
1483 1644 1554 1674 Nec
1582 1644 1638 1674 diu
1668 1653 1823 1683 quaeren-

965 1698 1043 1728 dum
1068 1703 1145 1728 erat.
1190 1698 1347 1728 Poterant
1370 1698 1458 1728 enim
1489 1699 1596 1738 ipsum
1629 1699 1740 1738 legare
1770 1698 1823 1728 vel

966 1750 1005 1779 ad
1035 1750 1214 1789 Tigranem
1246 1750 1427 1780 Armeniae
1458 1760 1570 1789 regem
1600 1750 1820 1787 salutandum,

965 1803 1017 1834 vel
1041 1804 1074 1833 111
1099 1803 1255 1844 Cyprum,
1279 1804 1335 1833 ubi
1358 1804 1423 1834 iam
1442 1809 1512 1834 tum
1529 1804 1706 1834 discordias
1724 1804 1822 1834 fuisse

965 1856 1152 1886 verosimile
1176 1862 1233 1886 est.
1257 1856 1396 1886 Homini
1411 1856 1540 1896 plebeio
1557 1856 1650 1891 (na-m
1667 1855 1820 1887 Clodium

966 1912 1005 1941 ad
1028 1911 1174 1951 plebeios
1206 1912 1371 1942 transiisse
1402 1922 1450 1952 ep.
1481 1912 1507 1948 7,
1539 1913 1558 1942 2
1587 1912 1632 1942 ita
1662 1916 1822 1947 narratur,

965 1970 1001 1995 ut
1025 1975 1090 1995 non
1115 1970 1194 1995 tunc
1216 1966 1351 1995 demum
1373 1965 1497 1996 factum
1520 1965 1561 1996 sit
1570 1979 1577 2001 3
1612 1964 1652 1995 cf.
1681 1965 1823 1995 Abeken

965 2027 1015 2057 op.
1040 2017 1061 2047 l.
1083 2028 1113 2057 p.
1137 2018 1190 2059 90)
1214 2018 1288 2048 talis
1302 2018 1425 2057 legatio
1439 2028 1536 2058 quam
1552 2018 1732 2048 honorifica
1748 2017 1824 2047 fuis-

966 2075 1015 2099 set
1037 2075 1069 2099 et
1091 2075 1230 2109 quantas
1253 2070 1328 2100 inde
1352 2080 1428 2110 opes
1457 2070 1626 2100 corradere
1655 2069 1822 2109 potuisset,

967 2120 1161 2152 Ciceronem
1184 2132 1251 2152 non
1275 2121 1430 2161 fugiebat,
1455 2122 1511 2152 sed
1534 2131 1600 2151 non
1625 2131 1721 2160 aegre
1745 2121 1823 2151 fere-

966 2173 1021 2203 bat
1049 2172 1166 2203 Clodio
1202 2173 1309 2213 potius
1345 2174 1425 2204 tales
1462 2174 1667 2204 conditiones
1703 2173 1821 2209 offerri,

966 2235 1064 2265 quam
1093 2225 1164 2255 sibi.
1202 2226 1288 2255 Nam
1319 2226 1387 2266 ipse
1416 2235 1546 2265 quoque
1576 2226 1741 2256 discedere
1770 2235 1822 2255 eu-

965 2278 1067 2318 piens,
1091 2288 1139 2318 ep.
1163 2281 1190 2315 5,
1216 2279 1242 2315 1,
1267 2279 1404 2309 liberam
1436 2279 1636 2318 legationem
1668 2279 1821 2309 malebat.

964 2332 1080 2371 Longe
1103 2332 1198 2362 aliter
1221 2333 1247 2361 I.
1270 2331 1308 2361 F.
1331 2331 1518 2362 Gronovius
1542 2332 1641 2362 verba
1666 2332 1820 2362 correxit.

964 2384 1057 2413 cuius
1072 2384 1316 2414 adnotationem
1330 2384 1487 2414 ineditam
1504 2384 1703 2415 adscribam:
1730 2399 1742 2409 υ
1755 2384 1819 2414 No-

964 2438 1024 2467 dus
1041 2437 1094 2467 hic
1110 2437 1296 2468 Alexandri
1312 2446 1402 2467 more
1417 2437 1604 2467 solvendus.
1626 2437 1728 2477 Apud
1744 2437 1820 2467 Plu-

964 2489 1113 2520 tarchum
1137 2489 1186 2529 (in
1210 2489 1362 2525 Lucullo,
1385 2489 1439 2530 22)
1462 2489 1588 2520 mentio
1611 2495 1659 2520 est
1682 2489 1819 2519 alicuius

962 2535 1153 2578 Metrodori,
1176 2542 1232 2582 qui
1250 2541 1374 2572 amicus
1388 2541 1451 2572 fuit
1466 2542 1668 2572 Mithridatis
1692 2542 1818 2581 Magni,

964 2597 1043 2628 adeo
1065 2602 1102 2627 ut
1124 2596 1343 2636 appellaretur
1363 2601 1454 2636 pater
1475 2596 1570 2636 regis.
1593 2596 1818 2626 Hiemitteba-

964 2656 1016 2680 tur
1038 2651 1078 2680 ad
1101 2650 1290 2690 Tigranem,
1314 2656 1349 2681 ut
1372 2660 1448 2681 eum
1470 2650 1672 2690 pertraheret
1695 2650 1728 2680 in
1752 2650 1817 2680 bel—

962 2705 1031 2735 lum
1061 2705 1259 2735 Romanum.
1302 2705 1364 2735 Ille
1391 2705 1579 2736 venientem
1608 2705 1746 2744 rogavit,
1776 2714 1816 2734 an

962 2757 1023 2787 sibi
1053 2757 1114 2788 hoc
1148 2757 1230 2788 utile
1264 2757 1332 2788 fore
1369 2758 1564 2788 aestimaret.
1608 2757 1817 2787 Metrodorus

961 2809 1152 2849 imprudens
1174 2809 1357 2849 respondit:
1389 2816 1426 2839 ut
1455 2809 1584 2849 legatus
1614 2809 1816 2840 Mithridatis

962 2863 1091 2897 suadeo,
1114 2867 1151 2892 ut
1173 2862 1382 2892 Metrodorus
1404 2863 1586 2893 dissuadeo.
1609 2862 1683 2892 Hoc
1706 2872 1781 2892 enm
1799 2872 1816 2891 a

962 2914 1107 2953 Tigrane
1130 2914 1337 2945 Mithridates
1367 2915 1551 2954 accepisset,
1583 2924 1657 2944 eum
1687 2914 1816 2944 occidit.

962 2966 1170 2996 Metrodorus
1193 2972 1302 2997 autem
1321 2973 1389 2997 erat
1402 2967 1536 2996 natione
1551 2966 1713 3006 Scepsius.
1738 2967 1816 2996 Ideo

962 3019 1103 3059 cogitavi
1126 3029 1168 3049 an
1192 3025 1291 3050 esset:
1316 3019 1432 3060 Scepsii
1455 3018 1632 3049 condzsslz'one
1659 3030 1692 3049 o:
1716 3024 1753 3049 ut
1783 3019 1815 3049 in

962 3080 999 3101 ea
1021 3070 1185 3110 legatione
1207 3072 1336 3111 periret,
1359 3072 1635 3112 quemadmodum
1665 3070 1817 3111 Scepsius

962 3123 1051 3154 ille.”
1076 3123 1291 3162 Ingeniosum
1324 3124 1386 3154 1100
1409 3129 1465 3159 est,
1489 3124 1545 3154 sed
1568 3123 1700 3163 longius
1723 3132 1817 3163 quae-

937 3184 938 3189 *
959 3175 1069 3207 situm.

1575 3231 1632 3270 61
