2117 3533
311 159 397 199 194
708 163 792 203 ΕΡ.
827 163 903 203 AD
934 164 985 204 T.
1015 164 1365 209 POMPONIUM
1397 169 1661 211 ATTICUM.

305 291 460 331 sequitur,
483 302 601 323 novam
624 292 749 324 faciunt
783 294 964 335 epistolam,
994 296 1036 326 ab
1063 295 1159 327 initio
1245 299 1294 330 Re
1326 300 1383 331 diu
1413 301 1621 342 multumque
1650 303 1811 343 pensitata
1839 305 1970 337 decrevi
2000 306 2063 337 dis-

305 350 413 375 tamen
436 355 596 383 mancam,
627 346 758 377 etiamsi
789 351 912 379 statuas
942 349 1053 390 inepta
1083 350 1157 380 illa:
1204 361 1325 392 ponere
1347 353 1447 384 verba
1472 355 1653 385 secundum
1667 355 1868 388 Mommseni
1882 363 2062 399 praecepta,

304 395 394 425 Nune
415 398 450 426 ut
471 397 642 437 opinionem
665 399 779 430 habeas
799 411 913 438 rernm,
928 400 1098 440 ferendum
1112 404 1159 432 est
1205 414 1306 446 eoque
1329 407 1439 437 minus
1461 407 1609 437 dubitavi
1631 409 1780 440 recedere
1803 420 1821 440 a
1853 416 1983 451 recepto
2012 421 2060 442 01·-

303 458 321 477 a
343 448 508 480 Lambino
529 451 650 482 codicis
672 461 732 492 ope
755 461 824 483 esse
848 454 1030 485 emendata.
1054 453 1159 495 Scrip-
1204 459 1290 496 dine,
1313 460 1401 499 quod
1422 469 1498 491 eum
1520 470 1587 491 non
1621 461 1714 492 libris
1743 462 1871 503 seriptis
1904 464 1975 501 niti,
2005 465 2062 496 sed

302 507 368 532 ram
391 512 460 534 esse
482 514 594 536 mense
617 505 752 538 Octobri
774 513 916 540 exeunte
939 514 994 541 aut
1024 510 1158 541 ineunte
1205 512 1306 542 Bosio
1334 513 1445 543 deberi
1473 513 1626 544 sciebam.
1656 514 1774 554 Itaque
1802 516 1909 556 epistt.
1939 517 2062 547 16—18

301 554 481 586 Novembri
514 564 646 598 apparet
675 569 717 590 ex
747 560 795 596 iis,
827 570 910 601 quac
940 562 979 592 de
1008 562 1112 593 literis
1143 572 1159 593 e
1204 564 1389 604 fragmenta
1410 565 1504 596 aliter
1525 566 1683 606 disposita
1705 572 1781 598 sunt
1810 568 1845 598 in
1876 569 2061 610 antiquissi-

302 608 476 640 Britannia
498 621 526 641 a.
549 613 579 642 d.
603 612 656 643 IX
680 613 755 643 Kal.
778 614 864 645 Nov.
887 616 1027 656 acceptis
1059 622 1090 647 et
1119 617 1158 647 de
1203 617 1265 648 mis
1288 618 1495 656 editionibus,
1515 619 1609 650 aliter
1623 619 1657 650 in
1673 620 1748 652 edit.
1768 621 1924 653 Lambini
1942 622 2060 663 priore,

300 664 469 705 Pomptini
484 667 650 708 triumpho
665 679 692 699 a.
708 670 738 700 d.
752 670 804 700 IV
823 671 910 702 Non.
926 671 1012 703 Nov.
1030 674 1158 712 agendo
1181 660 1183 687 ἶ
1203 671 1298 702 aliter
1319 672 1354 702 in
1377 673 1520 704 editione
1542 673 1645 710 Bosii,
1675 683 1774 714 quem
1802 674 1972 714 Graevius,
2002 677 2060 708 Er-

301 718 407 749 tradit.
436 720 549 751 Restat
579 722 597 761 §
630 723 657 759 1,
688 733 736 763 ep.
770 723 807 755 17
836 724 870 754 in
900 726 965 756 fine
995 731 1156 767 corrupta,
1203 730 1324 761 mestus,
1347 724 1533 763 Schutzius,
1555 724 1707 763 Orellius,
1731 727 1926 759 recentiores
1945 739 2060 761 omnes

299 772 350 801 vui
372 772 521 804 addenda
543 775 670 816 reliqua
691 787 764 816 pars
788 778 804 816 ξ
828 779 856 814 3,
890 787 938 818 ep.
963 779 1002 809 18
1034 780 1108 810 inde
1138 790 1157 810 a
1201 778 1302 809 secuti
1324 785 1410 810 sunt.
1433 779 1510 809 Vid.
1534 784 1724 820 conspectus
1747 790 1796 821 ap.
1827 780 1989 813 Orellium
2019 784 2058 814 ad

298 826 405 856 verbis
427 825 616 858 dictaturam
632 828 757 868 fluere,
775 839 975 871 quamquam
990 832 1030 862 (16
1047 841 1155 863 emen·
1178 835 1181 873 «³
1199 833 1322 863 calcem
1344 833 1440 864 huius
1462 832 1538 863 libri
1561 833 1594 863 in
1618 833 1744 865 utravis
1766 835 1918 867 editione.

297 882 428 914 datione
450 883 689 923 desperandum
713 891 768 917 est.
1178 884 1181 922 1

362 991 400 1029 l.
435 990 755 1045 Occupationum
789 1006 966 1033 mearum
1001 993 1062 1034 vel
1095 992 1171 1033 1106
1205 992 1365 1047 signum
1408 991 1496 1042 erit,
1539 991 1646 1045 quod
1691 991 1858 1047 epistola
1902 992 2055 1036 librarii

294 1076 415 1102 manu
448 1067 521 1103 est.
563 1063 624 1104 De
656 1064 914 1119 epistolarum
947 1065 1171 1120 frequentia
1203 1069 1243 1106 te
1276 1063 1379 1105 1111111
1413 1078 1568 1114 accuso,
1612 1063 1681 1105 sed
1725 1063 1935 1120 pleraeque
1967 1070 2055 1108 tan-

294 1135 498 1176 tummodo
531 1135 632 1176 mihi
665 1136 911 1179 nuntiabant
947 1137 1015 1179 ubi
1049 1153 1168 1189 esses,
1204 1136 1311 1192 quod
1345 1141 1458 1178 erant
1491 1135 1561 1177 abs
1593 1141 1658 1188 16;
1693 1136 1755 1178 vel
1788 1137 1908 1179 etiam
1931 1138 2053 1193 signi-

294 1207 466 1249 ficabant
496 1213 601 1250 reete
636 1224 734 1250 esse.
786 1210 876 1262 Quo
910 1211 952 1252 111
985 1226 1128 1266 genere
1162 1211 1335 1252 maxime
1369 1209 1619 1251 delectarunt
1652 1209 1768 1262 duae,
1801 1210 1881 1252 fere
1915 1211 2053 1253 eodem

290 1284 466 1337 tempore
501 1281 571 1323 abs
602 1286 641 1322 te
674 1281 874 1324 Buthroto
906 1283 1036 1325 datae.
1071 1284 1180 1325 Scire
1203 1283 1309 1324 enim
1335 1281 1515 1323 volebam
1537 1286 1576 1323 te
1601 1282 1805 1324 commode
1828 1283 2054 1339 navigasse.

232 1659 264 1685 10

230 2028 257 2053 15

289 1356 366 1396 Sed
399 1355 497 1396 haee
530 1355 787 1409 epistolarum
833 1355 1058 1410 frequentia
1098 1372 1180 1398 11011
1224 1360 1307 1397 tam
1350 1354 1534 1396 ubertate
1576 1370 1648 1396 sua
1689 1370 1808 1410 quam
1851 1356 2051 1399 celeritate

288 1427 513 1468 delectavit.
548 1427 624 1469 Illa
657 1428 734 1469 fuit
767 1429 898 1483 gravis
932 1434 971 1470 et
1004 1429 1121 1485 plena
1154 1444 1301 1480 rerum,
1335 1443 1453 1482 quam
1479 1428 1581 1468 mihi
1608 1429 1667 1469 M.
1693 1428 1876 1480 Paccius,
1907 1429 2050 1486 hospes

286 1504 395 1551 tuus,
428 1499 618 1541 reddidit.
653 1501 718 1541 Ad
751 1516 837 1541 eam
870 1501 1085 1542 rescribam
1118 1502 1257 1556 igitur,
1293 1506 1333 1542 et
1365 1501 1440 1542 hoc
1475 1500 1637 1554 quidem
1670 1501 1866 1556 primum:
1904 1503 2048 1545 Paccio

285 1577 325 1612 ct
360 1572 490 1613 verbis
524 1579 564 1614 et
596 1589 637 1614 re
672 1573 842 1625 ostendi,
880 1575 976 1628 quid
1010 1580 1080 1616 tua
1124 1574 1416 1615 commendatio
1456 1573 1645 1628 ponderis
1685 1573 1864 1616 haberet.
1904 1576 2047 1630 Itaque

284 1645 326 1685 111
360 1646 513 1687 1111111115
547 1652 608 1688 est
640 1648 752 1696 meis,
789 1663 911 1701 quum
945 1652 1061 1689 antea
1094 1654 1328 1689 notus-uon
1361 1647 1511 1688 fuisset.
1557 1648 1679 1688 Nunc
1713 1662 1876 1703 pergam
1909 1647 1959 1689 ad
1985 1663 2046 1689 ce-

283 1724 381 1759 tera.
429 1723 469 1760 2.
504 1721 645 1772 Varro,
681 1721 729 1761 de
764 1736 842 1775 quo
876 1721 926 1762 ad
959 1737 1021 1762 me
1057 1721 1211 1773 scribis,
1246 1721 1477 1763 includetur
1519 1721 1563 1762 in
1607 1721 1780 1776 aliquem
1823 1721 1970 1772 locum,
2012 1721 2046 1762 si

283 1791 399 1832 modo
434 1792 509 1833 erit
541 1792 666 1834 locus.
709 1793 786 1834 Sed
820 1793 927 1834 nosti
969 1809 1097 1848 genus
1139 1794 1388 1848 dialogorum
1431 1808 1629 1834 meorum:
1679 1798 1726 1834 ut
1763 1793 1807 1834 in
1848 1793 2043 1844 oratoriis,

280 1880 378 1918 quos
411 1869 456 1905 tu
487 1865 531 1905 in
564 1865 717 1906 caelum
750 1865 842 1916 fers,
884 1881 965 1906 11011
999 1867 1149 1908 mentio
1193 1867 1326 1921 potuit
1368 1866 1452 1907 fieri
1493 1866 1729 1920 cuiusquam
1772 1865 1822 1906 ab
1865 1866 1930 1917 iis,
1973 1867 2043 1921 qui

279 1937 501 1991 disputant,
536 1939 614 1979 11151
647 1939 747 1990 61115,
783 1939 851 1993 qui
884 1938 964 1979 illis
996 1943 1122 1980 1101115
1164 1944 1233 1981 aut
1273 1939 1435 1980 auditus
1477 1943 1598 1980 esset:
1644 1938 1747 1980 hanc
1788 1953 1860 1993 ego
1905 1938 1954 1980 de
1998 1954 2040 1980 re

282 2011 456 2064 publica,
492 2026 609 2064 quam
642 2011 815 2062 institui,
851 2010 1165 2066 disputationem
1205 2012 1247 2053 in
1292 2011 1473 2052 Africani
1515 2026 1725 2066 personam
1769 2016 1809 2053 et
1852 2011 1961 2053 Phili
2001 2017 2042 2053 et

279 2082 405 2123 Laelii
439 2088 478 2123 et
512 2084 672 2125 Manilii
706 2085 882 2135 contuli,-
926 2084 1092 2126 adiunxi
1133 2085 1406 2126 adolescentes
1446 2084 1498 2136 Q.
1533 2083 1798 2135 Tuberonem,
1843 2085 1891 2126 P.
1925 2084 2041 2126 Ruti-

282 2156 395 2207 lium,
432 2157 531 2199 duos
566 2158 693 2199 Laelii
726 2173 906 2213 generos,
941 2159 1168 2201 Scaevolam
1193 2164 1233 2200 61
1258 2158 1473 2200 Fannium.
1515 2158 1658 2212 Itaque
1682 2156 1922 2213 cogitabam,
1948 2173 2044 2212 quo-

314 2323 334 2351 4,
356 2321 486 2352 mamilae
509 2331 554 2352 me
575 2321 772 2352 delectarunt
797 2341 837 2346 -
859 2322 897 2355 17
920 2321 981 2353 cluo
1004 2341 1044 2345 —

316 2469 333 2507 ξ
357 2468 384 2497 1.
411 2466 651 2506 Οσσιφαίὶοηῐιηι
674 2486 714 2489 -
736 2478 829 2497 mama
851 2469 908 2498 est.
935 2467 1058 2498 Simile
1081 2476 1136 2497 ex·
1160 2483 1161 2486 =
1180 2467 1244 2497 tius
1268 2466 1381 2507 Symb.
1405 2467 1485 2498 Crit.
1507 2478 1538 2508 p.
1561 2467 1589 2505 7,
1612 2468 1725 2499 citavit
1748 2468 1789 2506 Q.
1812 2467 1849 2500 fr.
1877 2469 2034 2506 11.15,1,

274 2521 401 2551 ordinm
433 2531 482 2561 ep.
512 2521 552 2551 ad
581 2521 621 2559 Q.
652 2521 690 2551 fr.
720 2522 784 2558 III,
816 2523 851 2552 23:
892 2520 1133 2561 Oecupatiomcm

273 2584 407 2603 mearum
431 2573 487 2603 liba*
508 2573 626 2614 sifflmm
650 2574 690 2603 sit
707 2573 832 2603 librarii
846 2582 965 2604 manus,
989 2572 1038 2604 Cf.
1053 2573 1133 2603 ibid.

274 2627 321 2656 Π.
345 2627 382 2656 16
406 2627 476 2657 init.

317 2680 407 2721 Quod
427 2682 515 2711 ercan!
539 2681 594 2710 abs
616 2682 654 2710 te.
678 2680 769 2711 Haec
793 2681 820 2711 si
837 2680 1040 2720 explicamus
1056 2689 1131 2709 cum
1156 2678 1158 2724 j

273 2735 401 2765 inultis:
432 2734 520 2774 quod
544 2738 637 2764 erant
661 2744 678 2763 a
701 2734 798 2764 domo
821 2738 877 2764 tua
900 2733 1055 2763 Buthroti
1078 2733 1130 2762 da-

272 2792 332 2823 tae,
355 2787 467 2826 inepta
490 2791 584 2821 sunt;
619 2786 645 2816 si
669 2787 755 2826 quod
778 2796 880 2816 unum
905 2786 1027 2826 placet:
1051 2784 1132 2825 quod

271 2840 362 2868 manl
385 2840 440 2868 lua
465 2848 558 2868 mmm
579 2838 724 2878 scriptae,
748 2848 815 2868 non
839 2838 987 2874 delenda,
1012 2838 1068 2868 sed
1090 2837 1131 2866 ad

272 2893 370 2922 linem
384 2892 565 2923 sententiae
587 2891 765 2922 reiicienda
782 2895 909 2927 sunt,ut
925 2891 1002 2921 fecit
1013 2890 1130 2921 Schut-
1154 2919 1157 2935 ς

270 2946 349 2976 zius.
1155 2943 1156 2953 ¹

312 3000 450 3030 illinz'ime
480 3000 691 3030 deleam-mi.
720 2999 796 3029 Non
825 3009 906 3039 opus
935 3004 992 3035 est,
1023 3003 1059 3028 ut
1087 3006 1134 3027 me

272 3055 438 3083 inseratur.
464 3053 567 3093 Saepe
591 3053 705 3084 Cicero
727 3053 831 3084 utitur
852 3053 914 3082 hoc
937 3052 1039 3083 verbo
1061 3051 1132 3082 sine
1154 3066 1155 3071 =

270 3106 405 3143 obiecto,
440 3111 476 3136 ut
500 3105 533 3135 in
564 3106 625 3135 hac
655 3105 724 3146 ipsa
754 3115 803 3146 ep.
833 3106 851 3144 ξ
876 3105 931 3135 1οι
963 3103 1062 3134 Nulla
1084 3106 1133 3134 est

270 3168 360 3198 resp„
383 3168 461 3199 quae
483 3157 625 3188 dcleelel,
650 3158 700 3188 Cf.
722 3158 748 3188 Ι.
766 3158 814 3195 ll,
831 3159 859 3194 3,
877 3161 908 3189 et
923 3165 1006 3198 quae
1019 3157 1131 3188 Kahn-

1185 2521 1250 2551 ΙΙΙ.
1274 2521 1300 2558 1,
1325 2523 1353 2551 5.

1228 2573 1246 2613 ξ
1269 2573 1298 2604 2.
1326 2572 1424 2603 Varro
1444 2591 1485 2595 -—
1512 2573 1693 2605 includetur
1722 2580 1784 2605 cet.
1813 2584 1847 2606 o:
1878 2575 2039 2607 Varronis

1185 2626 1309 2657 mentio
1332 2627 1387 2657 fiet
1409 2627 1519 2667 aliquo
1542 2628 1614 2658 loeo
1637 2628 1743 2668 operis
1765 2629 1805 2659 de
1827 2628 1875 2659 Re
1901 2630 2041 2669 publica.

1186 2679 1298 2710 Potuit
1321 2681 1353 2710 id
1376 2680 1445 2711 fieri
1469 2681 1502 2711 in
1525 2681 1768 2722 deperditorum
1798 2681 1956 2713 librorum
1985 2683 2041 2713 III

1156 2725 1158 2733 ⁴
1184 2738 1215 2764 et
1235 2734 1287 2764 IV
1309 2735 1349 2765 de
1370 2734 1473 2774 Repb.
1497 2735 1681 2775 prooemiis.
1704 2734 1878 2766 Indueetur
1898 2736 1932 2766 in
1953 2736 2042 2767 Med.

1156 2784 1157 2836 l
1183 2792 1269 2817 recte
1298 2792 1461 2818 mutatum
1494 2792 1543 2818 est
1576 2788 1611 2817 in
1641 2787 1831 2818 includetur.
1861 2787 1909 2819 Cf.
1938 2788 2041 2819 XIII.

1184 2839 1231 2876 19,
1255 2841 1272 2869 3
1296 2839 1455 2870 includere
1476 2840 1510 2870 in
1532 2840 1683 2881 dialogscw,
1707 2845 1738 2872 et
1759 2841 1786 2871 I.
1811 2841 1860 2878 16,
1884 2841 1923 2871 10
1938 2851 2042 2881 paene

1179 2892 1350 2924 orationem
1374 2894 1407 2923 7772
1431 2893 1590 2933 epistolam
1613 2894 1738 2925 inclusi.

1219 2944 1306 2976 Duos
1328 2956 1356 2986 p.
1381 2946 1442 2976 duo
1464 2955 1481 2977 e
1504 2947 1594 2977 Med.
1617 2947 1752 2983 restitui,
1776 2956 1877 2987 quum
1891 2946 2036 2978 viderem

1179 2998 1306 3038 saepius
1329 3009 1401 3030 eam
1423 2999 1562 3030 formam
1585 3000 1619 3030 in
1643 3000 1770 3040 scriptis
1802 3000 1968 3031 Tullianis
1991 3000 2038 3031 in-

1178 3052 1295 3082 veniri.
1319 3052 1369 3083 Cf.
1392 3052 1424 3082 h.
1448 3052 1470 3083 l.
1493 3062 1542 3093 ep.
1565 3053 1592 3090 1,
1617 3053 1646 3083 6.
1668 3054 1697 3090 4,
1720 3052 1768 3090 4b,
1793 3053 1806 3082 l
1833 3058 1864 3083 et
1887 3053 1944 3083 alii
1971 3053 2035 3084 loci

1177 3104 1268 3134 citati
1293 3104 1335 3135 ab
1356 3103 1478 3136 Ottone
1506 3104 1540 3135 in
1571 3103 1698 3137 Osanni
1727 3105 1804 3137 edit.
1837 3114 1888 3145 op.
1917 3106 1958 3137 de
1986 3105 2034 3137 Re

1152 3180 1154 3190 2
1176 3157 1264 3197 publ.
1289 3168 1319 3197 p.
1341 3158 1413 3189 468.
