2117 3533
283 145 340 185 54
681 142 766 183 ΕΡ.
800 142 876 182 ΑΒ
908 142 954 183 Τ.
987 141 1338 183 POMPONIUM
1371 140 1634 181 ATTICUM.

280 281 452 333 tempus.
485 279 540 319 Te
574 277 608 318 si
640 276 861 332 exspectari
893 276 1005 326 velis,
1041 290 1154 316 cures
1201 279 1248 316 ut
1281 274 1416 316 sciam.
1465 274 1552 316 Iam
1584 273 1686 315 illud
1718 273 1897 315 modeste
1928 287 2038 327 rogo,

281 350 389 405 quod
421 350 592 392 maxime
625 350 758 406 cupio,
793 354 840 391 ut
873 364 993 405 quam
1025 348 1201 404 primum
1233 347 1383 390 venias.
1417 347 1548 389 Nouis
1581 346 1885 389 Decembribus.

324 514 340 544 1
365 514 494 545 moleste
515 531 558 537 —

325 671 420 703 Cures
440 674 476 702 ut
497 672 603 703 sciam.
636 672 724 703 Raro
746 679 807 702 nec
829 670 893 701 nisi
922 670 957 700 in
989 679 1139 701 sermone

282 725 437 757 familiari
459 727 603 757 secunda
624 735 707 766 pers.
730 723 934 755 coniunctivi
956 733 1015 764 pro
1043 723 1142 764 impe-

282 779 388 810 rativo
409 780 552 820 ponitur,
581 779 639 810 ubi
673 779 776 809 oratio
806 779 847 808 ad
874 787 1049 818 personam
1077 787 1143 809 001·-

284 838 351 864 tam
373 834 583 865 convertitur.
608 833 658 864 Cf.
681 833 773 863 Fam.
797 831 862 862 IX.
885 831 934 868 26,
958 832 975 861 1
1000 831 1089 862 vivas
1110 831 1143 862 z'n

282 886 398 918 literis.
428 887 526 918 XIV.
549 889 578 925 4,
603 888 620 917 3
652 886 681 916 si
710 888 756 916 est
784 894 854 925 spes
882 884 983 915 vostri
1012 884 1144 923 reditus,

285 949 351 970 eam
372 939 532 980 confirmes
554 941 584 970 et
606 949 641 970 re
662 938 801 969 adiuves.

327 991 478 1024 Jlodeste.
513 993 659 1031 Retinui,
690 992 779 1033 quod
807 991 885 1022 dant
918 1000 1033 1022 omnes
1068 991 1144 1022 libri

852 1096 1026 1138 XVIII.

1093 1097 1157 1149 (A.

1184 671 1305 712 script-i,
1329 671 1486 712 quoniam
1499 671 1629 702 videtur
1643 669 1859 710 aptissimum.
1882 669 1914 699 N
1917 679 1971 701 am
1986 670 2043 710 qui

1184 725 1330 756 maxime
1353 725 1452 765 cupit,
1476 729 1512 755 ut
1540 724 1663 755 amicus
1691 733 1791 764 quam
1819 723 1964 764 primum
1991 733 2044 754 ve-

1184 777 1263 814 niat,
1286 777 1313 807 is
1335 786 1413 808 sane
1435 777 1572 807 modeste
1593 782 1697 816 rogat,
1721 775 1748 806 si
1770 774 1872 806 nullis
1894 775 2044 816 precibus

1186 841 1262 862 eum
1284 835 1389 870 urget,
1412 839 1520 870 neque
1543 836 1670 860 certum
1691 829 1852 859 adventus
1874 828 1962 860 diem
1994 829 2042 859 in-

1186 884 1280 915 dicat.
1297 883 1441 916 Orellius
1456 894 1532 914 cum
1557 883 1629 914 aliis
1652 881 1782 923 scripsit
1806 881 1941 919 moleste,
1956 883 2045 923 quod

1164 962 1165 965 ,
1186 938 1227 968 ad
1247 937 1400 968 Atticum
1421 936 1630 968 referendum
1659 941 1690 967 et
1719 934 1953 976 explicandum
1978 945 2045 965 cum

1185 990 1328 1022 molestia
1351 992 1416 1021 tua.

1199 1097 1244 1138 U.
1283 1098 1324 1137 o,
1359 1098 1478 1150 694.)

352 1215 391 1253 1.
425 1212 541 1254 Nihil
573 1211 674 1253 mihi
705 1226 815 1253 1111110
849 1211 948 1252 scito
981 1216 1063 1252 tam
1097 1211 1232 1253 deesse
1267 1226 1387 1266 quam
1419 1210 1623 1252 hominem
1648 1223 1754 1259 eum,
1778 1208 1942 1263 quicum
1965 1224 2045 1250 om-

284 1286 365 1336 nia,
401 1301 501 1340 quae
534 1300 597 1326 me
631 1300 725 1325 cura
758 1284 892 1339 aliqua
925 1284 1118 1335 afficiunt,
1152 1299 1233 1325 una
1266 1283 1570 1333 communicem,
1613 1281 1683 1336 qui
1716 1296 1778 1322 me
1811 1286 1929 1333 amet,
1975 1282 2046 1336 qui

285 1359 426 1415 sapiat,
461 1359 625 1413 quicum
658 1372 731 1412 ego
764 1358 790 1401 †
823 1357 943 1398 etiam
975 1357 1129 1411 loquar,
1162 1356 1266 1397 nihil
1298 1357 1459 1411 fingam,
1504 1354 1607 1396 nihil
1640 1354 1901 1404 dissimulem,
1945 1354 2049 1395 nihil

286 1431 484 1488 obtegam.
518 1430 646 1472 Abest
679 1430 785 1472 enim
818 1430 938 1472 frater
971 1425 1307 1484 ἀφελέστατος
1348 1434 1388 1470 et
1430 1427 1742 1470 amantissimus.
1799 1428 1825 1471 †
1856 1426 2046 1469 Metellus

328 1598 347 1628 2
368 1606 492 1638 quocum
515 1612 557 1617 —-

329 1756 347 1796 ξ
370 1756 397 1786 1.
425 1754 563 1795 Quicum.
593 1754 645 1784 Ita
667 1753 886 1790 scribendum,
910 1763 977 1784 11011
1007 1763 1142 1795 quocum,

285 1813 321 1840 ut
342 1818 422 1839 mox
443 1807 563 1849 quicum
585 1825 627 1829 —
647 1807 767 1847 loquar.
794 1806 921 1847 Quicum
943 1806 1084 1838 refertur
1104 1807 1144 1837 ad.

284 1862 448 1894 obiectum
471 1861 634 1902 generale,
658 1861 767 1892 minus
790 1861 980 1892 definitum:
996 1860 1036 1891 cf.
1052 1860 1143 1901 Seyf-

284 1917 355 1948 fert.
378 1917 419 1947 ad
442 1916 509 1947 Cic.
534 1916 626 1947 Lael.
648 1926 678 1956 p.
704 1915 780 1952 133;
805 1920 919 1946 contra
940 1925 1065 1956 quocum
1086 1915 1144 1945 ubi

284 1973 325 2003 de
347 1976 436 2003 certa
456 1981 595 2012 persona
617 1981 725 2002 sermo
749 1976 806 2002 est.
850 1970 904 2001 Sic
928 1970 1042 2011 optimi
1068 1970 1144 2001 libri

284 2025 368 2056 illud
388 2024 512 2055 habent
534 2023 626 2054 Fam.
650 2023 712 2054 IV.
737 2024 764 2060 1,
789 2024 818 2060 1,
836 2033 921 2053 nemo
939 2025 985 2053 est
1001 2022 1143 2060 onmium,

283 2078 403 2120 quicum
428 2078 537 2118 potius
564 2077 641 2107 milli
668 2087 756 2118 qaam
788 2079 887 2107 tecvm
921 2077 1145 2107 communican-

284 2133 356 2163 dum
372 2133 489 2172 putem.
512 2130 594 2161 XII.
618 2131 665 2166 18,
691 2131 720 2161 2.
743 2129 835 2160 Nihil
857 2129 932 2159 mila·
953 2132 1016 2159 tom
1037 2129 1144 2160 deesse

284 2186 373 2223 scito,
396 2196 485 2226 qvam
508 2184 626 2225 quicum
650 2184 727 2214 haec
748 2201 790 2205 ——
811 2182 940 2213 rideam.
969 2182 1062 2213 Lael.
1094 2183 1143 2213 22.

288 2237 371 2278 Quid
391 2237 471 2267 emm
493 2236 626 2273 dulcius,
649 2247 740 2277 quam
763 2235 885 2271 habere,
906 2235 1024 2276 quicum
1040 2235 1142 2265 onmia
1166 2237 1167 2244 ¹

283 2290 404 2321 audeas
424 2289 470 2319 sio
491 2289 586 2330 loqui,
608 2291 642 2319 zet
666 2288 793 2318 lecum?
815 2299 845 2328 p.
868 2289 963 2319 Rosc.
986 2288 1065 2318 Am.
1093 2288 1142 2317 58.

285 2342 348 2375 Off.
371 2343 437 2374 ΠΙ.
467 2343 517 2372 49.
541 2347 572 2373 et
594 2341 642 2373 77.
680 2341 814 2381 Quocum
844 2351 932 2377 vero,
955 2346 991 2370 ut
1022 2340 1143 2380 legitur

283 2396 369 2428 infra
399 2396 461 2427 IV.
492 2396 539 2432 10,
571 2396 598 2425 1.
622 2395 713 2426 Lael.
737 2395 756 2425 2
778 2394 834 2424 ubi
864 2394 903 2424 cf.
928 2394 1075 2431 Beierus,
1100 2394 1143 2424 ita

283 2450 520 2482 restituendum
534 2454 613 2489 puto
634 2449 668 2479 111
695 2446 738 2479 X.
762 2449 790 2485 8,
815 2449 842 2478 3.
867 2447 930 2478 XI.
955 2449 982 2484 3,
1007 2449 1035 2478 3.

329 2502 397 2533 Una
420 2501 645 2533 communicem.
680 2500 747 2531 Una
770 2511 837 2531 11011
861 2506 982 2531 temere
1004 2500 1144 2531 Ernesto

283 2562 470 2596 suspectum
497 2555 530 2585 in
553 2565 613 2584 uno
636 2554 834 2584 mutandum
856 2553 994 2584 videtur.

328 2608 388 2649 Qui
411 2618 456 2638 me
479 2610 570 2644 amet,
594 2607 646 2647 qni
668 2606 785 2646 sapiat,
808 2606 926 2647 quicum
950 2616 1003 2645 eqo
1017 2608 1034 2644 †
1049 2605 1143 2636 eliam

282 2663 402 2704 loquar.
424 2662 516 2692 Haec
539 2661 584 2691 sic
606 2660 752 2691 referunt
774 2665 914 2690 metrum
930 2660 1147 2697 trochaicum,

283 2720 320 2746 ut
341 2725 407 2746 non
430 2714 539 2744 minus
563 2722 663 2753 quam
692 2721 774 2752 quae
804 2718 988 2751 sequuntur
1017 2721 1059 2743 ex
1088 2721 1141 2742 an-

283 2770 377 2810 tiquo
392 2774 486 2810 poeta
502 2767 601 2808 petita
615 2776 685 2797 esse
700 2766 881 2796 videantur.
906 2765 941 2796 Si
958 2776 1015 2805 pro
1031 2765 1142 2805 inepto
1166 2803 1168 2812 .

1166 2824 1168 2832 '
1187 2821 1262 2851 {mlo
1285 2820 1335 2850 hie
1357 2823 1403 2850 es!
1418 2830 1512 2850 mera.
1536 2820 1689 2858 Ineptum
1705 2817 1853 2847 Metellus
1868 2815 2046 2847 conflatum

285 2823 377 2853 eliam
400 2832 475 2853 cum
497 2820 738 2859 Peerlkampdo,
762 2829 862 2859 quem
891 2820 931 2850 de
960 2819 992 2849 h.
1016 2819 1036 2849 1.
1067 2829 1141 2849 0011-

285 2876 382 2912 5111111,
413 2875 447 2905 id
473 2875 561 2914 quod
590 2872 752 2904 sententia
781 2872 924 2912 postulat
961 2874 994 2901 ut
1029 2881 1142 2901 mecam

284 2930 475 2970 reposueris,
497 2928 633 2959 habebis
649 2932 872 2958 tetrametrum
887 2926 1088 2957 trochaicum
1107 2926 1141 2956 111

284 2984 351 3015 fine
373 2983 536 3014 mutilum.

285 3037 395 3078 loquar
421 3036 618 3077 explicanda
642 3034 758 3068 Cicero
782 3034 872 3065 addit
902 3033 985 3064 nihil
1002 3052 1044 3059 —-
1060 3033 1142 3064 ohte-

285 3100 369 3131 qam.

325 3145 343 3182 †
364 3141 523 3172 Metellus.
552 3142 690 3174 Metello
711 3142 765 3174 hie
788 3141 916 3173 nullum
939 3141 1051 3173 loe-um
1072 3148 1143 3172 esse
1162 3163 1165 3179 ,Α

581 2982 637 3013 Ad
659 2981 715 3011 illa
738 2980 857 3022 quicum
882 2991 937 3020 eqo
965 2982 998 3010 nt
1029 2989 1141 3010 mecum
1164 2970 1167 3013 J

1165 3022 1166 3026 Ἰ
1186 3045 1216 3074 p.
1240 3035 1300 3064 124
1322 3038 1353 3064 et
1376 3033 1562 3063 Duntzerus
1585 3031 1619 3062 in
1642 3030 1730 3060 Diar.
1754 3029 1871 3069 Antiq.
1888 3028 2043 3059 Zimmer-

1187 1755 1273 1786 inter
1297 1754 1337 1792 Q.
1359 1753 1466 1784 fratris
1489 1753 1668 1784 amicitiam
1689 1759 1721 1785 et
1741 1752 1856 1790 Attici,
1871 1752 1979 1793 quivis
2000 1752 2048 1783 in-

1188 1809 1311 1849 telligit
1332 1809 1495 1849 latiusque
1517 1808 1755 1840 demonstravit
1772 1808 1967 1848 Malaspina,
1991 1807 2048 1848 qui

1190 1874 1251 1905 pro
1277 1874 1314 1895 eo
1336 1864 1395 1894 mei
1416 1864 1561 1904 reposuit
1583 1868 1614 1894 et
1636 1873 1724 1904 seqq.
1747 1873 1807 1893 non
1830 1861 2049 1900 leomo‚sed—

1189 1928 1274 1948 mera
1304 1918 1345 1948 ad
1375 1917 1415 1955 Q.
1444 1917 1578 1948 fratrem
1606 1917 1714 1954 refert,
1746 1917 1802 1957 qui
1833 1917 1960 1947 dicatur
1981 1921 2048 1947 tam

1188 1972 1274 2001 fidus
1296 1971 1330 2001 in
1353 1971 1486 2002 secretis
1509 1971 1687 2007 servandis,
1718 1974 1755 2001 ut
1784 1970 1872 2010 ipsae
1902 1969 2048 2000 solitudi-

1190 2034 1257 2061 nes,
1279 2034 1361 2064 quae
1384 2032 1479 2055 voces
1495 2024 1629 2055 reddere
1642 2027 1816 2063 nequeant.
1839 2022 1970 2053 Placuit
1984 2022 2048 2052 hoc

1189 2078 1362 2115 Lambino,
1385 2079 1442 2109 sed
1472 2087 1547 2108 vere
1576 2077 1766 2108 Wielandio
1795 2077 1915 2107 durum
1944 2080 1975 2107 et
2005 2075 2046 2114 Q.

1188 2124 1296 2162 fratris
1319 2132 1464 2162 moribus
1487 2131 1632 2162 alienum
1654 2130 1762 2161 visum
1791 2134 1847 2160 est.
1890 2129 1965 2160 Hoc
1993 2139 2048 2170 po-

1189 2185 1254 2215 tius
1276 2185 1354 2215 dicit
1377 2184 1493 2215 Cicero
1515 2188 1586 2224 post
1608 2183 1716 2214 fratris
1738 2183 1918 2213 discessum
1946 2182 2048 2213 nemi-

1190 2249 1266 2270 nem
1296 2249 1374 2275 esse,
1406 2239 1540 2279 quicum
1569 2238 1672 2268 amice
1701 2238 1854 2278 loquatur
1882 2246 1979 2277 seque
2009 2246 2047 2267 eo

1189 2292 1356 2322 redactum
1378 2300 1456 2327 0550,
1479 2295 1515 2320 ut
1537 2300 1629 2320 curas
1652 2299 1724 2320 suas
1746 2290 1843 2320 rebus
1859 2288 2049 2319 inanimatis

1190 2345 1418 2375 communicet.
1462 2343 1646 2374 Firnhaber
1675 2343 1797 2373 Philol.
1826 2343 1887 2373 VI.
1928 2342 1956 2379 2,
1987 2341 2048 2372 368

1193 2397 1362 2437 corrigens
1390 2415 1432 2419 —
1460 2395 1694 2426 amantissimus
1726 2394 1794 2425 mei.
1829 2394 1954 2424 Ellam!
1988 2403 2050 2424 non

1190 2450 1276 2479 homo
1309 2468 1350 2472 —
1382 2459 1465 2479 mera
1502 2448 1612 2478 locum
1648 2457 1715 2477 non
1746 2456 1877 2477 sanasse
1907 2446 2046 2476 videtur.

1190 2502 1299 2541 Magis
1336 2502 1441 2542 placet
1476 2501 1620 2540 speciosa
1657 2499 1805 2530 Schutzii
1842 2497 2046 2529 emendatio:

1188 2556 1284 2585 Abest
1307 2555 1386 2585 enim
1400 2554 1512 2594 fralet
1534 2572 1575 2576 -
1598 2551 1831 2582 seruantissimus
1853 2551 1922 2588 mei,
1951 2553 1981 2581 et
2010 2550 2048 2580 z'l-

1189 2608 1251 2637 lt'uS
1274 2616 1355 2637 nune
1378 2606 1484 2636 domus
1507 2608 1552 2635 est
1576 2613 1673 2636 LxTss
1695 2613 1807 2640 ATQFE
1830 2612 1900 2634 AER
1923 2612 1965 2633 ΕΤ
1996 2611 2047 2633 SO-

1165 2664 1167 2669 '
1190 2670 1317 2692 Lm'Do
1342 2670 1448 2691 MERA.
1486 2659 1735 2699 Peerlkampins
1756 2658 1809 2688 hic
1832 2657 1965 2688 videbat
1985 2657 2046 2686 dis-

1189 2715 1263 2746 iecti
1287 2714 1433 2745 membra
1457 2719 1579 2753 poetae,
1599 2722 1682 2753 quae
1696 2712 1742 2742 sic
1758 2712 1792 2741 in
1808 2710 1958 2741 ordinem
1972 2709 2047 2749 cogi

1188 2772 1334 2808 possent:
1360 2767 1429 2796 Non
1451 2767 1537 2796 homo
1559 2768 1614 2798 esl,
1637 2764 1693 2794 Sed
1714 2764 1791 2794 lisns
1820 2765 1851 2794 et
1880 2765 1943 2799 αέν,
1974 2761 2047 2792 solz·-

1187 2875 1322 2915 putabat
1351 2884 1367 2905 e
1405 2873 1530 2904 verbis:
1565 2872 1633 2902 mei.
1662 2871 1753 2901 Solus
1781 2880 1856 2900 sum.
1886 2870 1938 2900 Ne
1966 2868 2046 2909 quid

1188 2928 1347 2964 omittam,
1371 2927 1458 2967 quod
1481 2927 1554 2956 loco
1570 2926 1709 2955 obscuro
1725 2924 1832 2954 lucem
1847 2922 1960 2953 afferre
1974 2931 2044 2962 pos-

1187 2982 1237 3018 sit,
1263 2981 1415 3018 sinizius
1438 2980 1472 3011 in
1502 2979 1584 3010 God.
1613 2977 1800 3009 Hel-manni
1829 2976 1947 3017 Opusc.
1976 2975 2042 3006 III.

1186 3088 1300 3119 manni
1322 3087 1412 3123 1838,
1436 3085 1473 3117 P.
1497 3086 1524 3116 Ι.
1546 3095 1576 3125 p.
1599 3085 1641 3115 42
1661 3092 1793 3115 versum
1808 3092 1851 3113 ex
1867 3081 1953 3114 Attii
1967 3080 2043 3113 Phi-

1186 3140 1305 3172 locteta
1325 3139 1534 3180 desumptum
1556 3145 1626 3168 esse
1647 3135 1865 3168 coniecerunt.
