2117 3533
202 970 237 996 10

200 1331 232 1355 15

264 169 352 209 244
662 166 746 208 ΕΡ.
781 165 856 207 AD
888 167 935 207 T.
968 164 1318 208 POMPONIUM
1350 166 1614 209 ATTICUM.

263 300 408 356 quibus
441 300 507 341 ille
541 300 574 341 si
608 298 727 350 cedit,
762 299 861 340 salvi
895 315 1043 342 sumus,
1076 299 1270 341 Incendio
1304 301 1556 342 Plaetoriano
1591 301 1697 354 quod
1731 302 1845 343 Seius
1881 300 2017 342 ambu-

263 377 347 413 stus
381 377 452 422 est,
487 372 621 412 minus
653 371 818 412 moleste
852 371 948 412 fero.
998 371 1197 412 Lucceius
1230 371 1279 413 de
1312 372 1360 424 Q.
1393 373 1532 414 Cassio
1566 388 1636 413 cur
1678 377 1761 414 tam
1804 372 2017 414 vehemens

261 443 382 484 fuerit
414 448 454 483 et
485 443 581 497 quid
617 448 751 484 actum
785 444 851 494 sit,
886 459 982 485 aveo
1016 444 1130 485 scire.
1189 447 1228 485 9.
1262 446 1363 500 Ego,
1408 460 1531 499 quum
1575 445 1815 486 Laodiceam
1858 460 2016 496 venero,

261 515 427 565 Quinto,
463 515 606 556 sororis
640 520 733 556 tuae
766 515 861 566 filio,
895 520 1031 570 togam
1064 531 1206 571 puram
1237 516 1378 558 iubeor
1411 517 1503 558 dare
1517 536 1528 569 3
1563 517 1629 558 cui
1661 517 1894 558 moderabor
1928 518 2017 559 dih·-

259 587 432 640 gentius.
477 587 706 639 Deiotarus,
741 589 855 630 cuius
890 589 1050 630 auxiliis
1082 589 1239 644 magnis
1272 605 1369 631 usus
1401 606 1504 642 sum,
1551 590 1600 632 ad
1643 605 1720 640 me,
1764 595 1811 631 ut
1843 591 2015 646 scripsit,

259 674 350 699 cum
383 659 645 702 Ciceronibus
678 661 917 702 Laodiceam
951 666 1144 702 venturus
1177 667 1274 702 erat.
1308 662 1414 703 Tuas
1441 663 1561 704 etiam
1584 662 1809 717 Epiroticas
1831 668 2016 718 exspecto

257 731 405 781 literas,
439 737 485 772 ut
517 731 685 774 habeam
718 734 914 774 rationem
947 749 1029 774 non
1061 733 1179 775 modo
1212 735 1365 789 negotii
1398 750 1536 776 verum
1569 735 1689 776 etiam
1723 736 1796 776 otii
1828 736 1904 776 tui.
1939 736 2014 776 Ni-

258 818 377 844 canor
408 804 451 844 in
485 806 613 846 officio
647 811 707 847 est
739 811 779 847 et
812 822 835 848 a
866 822 929 848 me
961 806 1179 848 liberaliter
1211 812 1420 859 tractatur,
1466 824 1597 863 quem,
1631 813 1679 849 ut
1710 812 1822 862 puto,
1849 809 2016 850 Romam

258 891 348 917 cum
381 877 507 918 literis
540 878 712 934 publicis
745 880 916 930 mittam,
951 885 997 920 ut
1029 885 1069 920 et
1102 879 1339 935 diligentius
1372 881 1622 936 perferantur
1655 886 1695 922 et
1727 881 1834 922 idem
1867 881 1917 922 ad
1951 897 2013 923 me

258 955 364 991 certa
397 950 444 991 de
477 956 517 991 te
550 956 589 992 et
622 966 644 992 a
676 956 715 992 te
748 951 906 992 referat.
940 952 1078 993 Alexis
1112 952 1217 1006 quod
1251 953 1351 993 mihi
1382 954 1501 994 toties
1535 953 1704 994 salutem
1727 952 1932 1004 adscribit,
1957 959 2018 996 est

257 1028 428 1077 gratum.
463 1023 540 1064 Sed
574 1039 644 1065 cur
676 1040 758 1065 non
791 1025 874 1065 suis
907 1025 1034 1065 literis
1068 1025 1175 1066 idem
1209 1025 1318 1076 facit,
1354 1026 1459 1080 quod
1492 1041 1604 1066 meus
1638 1025 1687 1066 ad
1721 1031 1760 1067 te
1794 1026 1932 1067 Alexis
1960 1026 2015 1068 fa-

257 1095 338 1136 cit?
371 1094 537 1136 Phemio
571 1097 776 1151 quaeritur
809 1096 973 1156 κέρας.
1012 1097 1090 1139 Sed
1124 1098 1220 1139 haec
1254 1098 1462 1140 hactenus.
1501 1099 1607 1140 Cura
1638 1103 1684 1139 ut
1731 1099 1861 1140 valeas
1894 1104 1934 1140 et
1966 1104 2013 1141 ut

256 1169 391 1219 sciam,
427 1168 586 1223 quando
620 1169 770 1223 cogites
804 1170 982 1211 Romam.
1015 1170 1151 1211 Etiam
1184 1174 1305 1223 atque
1338 1170 1459 1211 etiam
1492 1171 1592 1212 vale.
1630 1172 1702 1211 10.
1724 1172 1810 1212 Tua
1843 1175 2013 1226 tuosque

254 1240 424 1281 Thermo
457 1245 497 1281 et
529 1256 714 1296 praesens
747 1241 898 1296 Ephesi
931 1241 1237 1296 diligentissime
1270 1242 1589 1283 commendaram
1623 1247 1663 1283 et
1694 1258 1802 1284 nunc
1835 1258 1905 1298 per
1927 1243 2014 1284 lite-

256 1328 332 1364 ras,
374 1314 587 1368 ipsumque
619 1313 800 1354 intellexi
834 1329 917 1355 esse
950 1314 1247 1369 perstudiosum
1280 1315 1356 1356 tui.
1411 1315 1472 1356 Tu
1505 1315 1638 1364 velim,
1674 1314 1781 1369 quod
1814 1319 1931 1357 antea
1964 1315 2013 1356 ad

292 1488 444 1519 lucendio
466 1488 673 1520 Plaetoriano
696 1495 755 1520 cet.
791 1488 905 1527 Quum
929 1497 1036 1519 sermo
1065 1488 1106 1519 sit

251 1543 291 1573 de
314 1542 362 1579 iis,
387 1551 468 1582 (11130
492 1542 525 1572 111
549 1552 583 1573 re
612 1543 742 1583 publica
772 1548 843 1572 acta
873 1546 989 1578 essent,
1020 1547 1105 1572 recte

253 1595 399 1635 plerique
422 1595 614 1635 interpretes
636 1595 716 1626 haec
747 1595 846 1626 verba
874 1595 996 1635 tropice
1026 1594 1106 1624 acci-

251 1648 354 1687 piunt,
384 1648 477 1687 quasi
511 1647 626 1679 Cicero
661 1648 781 1678 scribat
809 1657 843 1678 se
873 1657 939 1677 non
969 1647 1105 1677 moleste

251 1700 343 1737 ferre,
367 1701 454 1741 quod
476 1700 642 1732 Plaetorio
664 1702 884 1732 condemnato
899 1701 939 1731 de
957 1704 1105 1740 repetun-

250 1755 299 1785 dis
323 1754 419 1785 Seius
442 1765 582 1795 quoque,
607 1756 647 1786 ad
666 1765 763 1796 quem
780 1765 853 1795 pars
868 1755 1026 1795 pecuniae
1037 1764 1106 1795 per-

250 1808 402 1845 venisset,
435 1809 475 1839 de
505 1809 643 1839 residuis
673 1810 845 1839 damnatus
875 1812 968 1845 esset,
1002 1817 1105 1848 quum

250 1861 306 1892 ille
329 1862 412 1892 alter
434 1862 573 1892 multam
595 1862 723 1893 solvere
746 1872 813 1892 non
836 1866 954 1902 posset.
988 1862 1105 1892 Manu-

248 1916 311 1945 tius
336 1921 522 1956 opportune
545 1925 587 1947 ex
608 1916 708 1947 Livio
730 1915 904 1946 XXXIX.
927 1916 945 1945 6
966 1915 1106 1945 adduxit

248 1971 448 2002 locutionem
470 1972 617 2002 incewdz'o
638 1971 739 2002 alieni
759 1971 869 2002 iudicii
899 1971 1105 2012 confla-orare,

249 2024 403 2064 idemque
439 2025 576 2065 scriptor
616 2025 734 2055 XXII.
770 2025 811 2055 40
846 2024 885 2055 L.
918 2024 1104 2055 Aemilium

248 2077 411 2107 dicentem
442 2077 528 2114 facit,
557 2087 591 2107 se
613 2078 767 2117 populare
794 2076 971 2107 incendium
994 2076 1104 2116 priore

246 2129 411 2159 consulatu
434 2129 611 2159 semiustum
633 2129 788 2171 qffecyisse.
812 2148 852 2151 —
873 2129 922 2160 De
938 2129 1103 2160 Plaetorio

247 2190 278 2213 et
301 2182 378 2213 Seio
401 2184 474 2223 (pro
497 2192 562 2222 quo
584 2182 660 2213 libri
683 2183 763 2213 Mss.
786 2183 909 2213 habent
932 2182 1040 2223 Ledus)
1055 2182 1102 2212 ni-

247 2235 294 2266 hil
316 2240 451 2266 constat.

288 2288 449 2319 Lucceius,
481 2289 660 2325 Incertum,
694 2294 805 2319 utrum
833 2289 873 2319 de
901 2288 1007 2319 Marci
1037 2289 1100 2328 (ep.

247 2342 296 2377 21,
329 2341 382 2380 13)
416 2351 457 2371 311
492 2341 532 2371 (10
563 2341 680 2379 Quinti
710 2341 779 2371 filio
807 2341 1020 2380 cogitandum
1048 2341 1101 2371 sit.

251 2394 284 2433 Q.
311 2393 445 2430 Cassia-³,
467 2393 573 2424 Attici
595 2394 766 2424 familiaris
796 2394 861 2433 (ep.
890 2394 939 2430 21,
969 2393 1003 2432 2)
1034 2399 1102 2424 erat

248 2449 283 2477 C.
307 2452 338 2478 et
360 2448 398 2477 L.
422 2447 527 2478 Cassii
543 2448 649 2484 frater,
665 2447 720 2488 qui
736 2447 886 2487 sequenti
900 2457 987 2477 anno
1004 2447 1100 2478 Pom-

247 2499 311 2539 peii
333 2506 497 2539 quaestor,
521 2510 548 2529 a.
572 2499 630 2531 705
655 2500 728 2530 trib.
751 2500 794 2540 pl.
818 2499 891 2530 fuit.
923 2498 1100 2530 Contentio

248 2553 382 2583 fortasse
411 2559 482 2584 orta
514 2558 581 2584 erat
610 2562 627 2584 0
662 2554 866 2584 dissensione
903 2554 936 2584 iu
973 2563 1007 2584 re
1043 2564 1100 2594 pu-

249 2606 341 2642 blica,
370 2616 472 2646 quum
500 2606 661 2637 Lucceius
692 2606 850 2647 Pompeii,
888 2606 930 2646 Q.
967 2606 1099 2638 Cassius

245 2659 392 2690 Caesaris
415 2659 521 2691 fautor
543 2667 637 2691 esset.

286 2714 304 2752 ξ
327 2714 356 2743 9.
385 2713 501 2753 Quinto
523 2732 564 2736 —
585 2716 685 2754 toqam
705 2724 816 2753 puram
839 2714 944 2744 iubeor
966 2714 1044 2745 dare
1065 2724 1098 2745 0:

244 2771 360 2804 rogatu
383 2767 482 2806 patris
504 2767 637 2796 daturus
659 2776 742 2796 suin.
780 2768 893 2804 Quum
915 2773 1025 2798 autem
1054 2777 1100 2797 sa<

244 2819 284 2849 tis
307 2826 444 2856 constet,
467 2826 503 2850 ut
526 2825 693 2860 praetexta
716 2830 803 2850 311110
831 2821 943 2851 aetatis
972 2821 1100 2851 decimo

244 2878 338 2903 sexto
360 2874 586 2914 deponeretur,
610 2874 709 2904 moris
725 2874 834 2911 fuisse,
851 2874 891 2904 cf.
908 2875 1044 2905 Beierus
1060 2876 1100 2905 ad

244 2927 335 2957 Lael.
369 2929 418 2964 33,
443 2928 484 2965 Q.
512 2927 627 2958 Cicero
664 2927 751 2958 filius
784 2933 979 2967 argumento
1002 2929 1099 2959 huius

244 2981 306 3009 loci
336 2991 363 3010 a.
394 2981 454 3012 788
484 2987 581 3011 natus
613 2991 745 3021 unoque
782 2992 869 3012 anno
905 2982 1010 3012 maior
1038 2982 1102 3013 fuit

244 3042 342 3071 quam
365 3033 496 3063 Marcus
518 3034 606 3063 filius
630 3033 685 3073 qui
701 3044 729 3063 a.
747 3033 806 3063 689
824 3038 930 3070 natus,
944 3035 1015 3064 Att.
1033 3035 1060 3065 I.
1075 3035 1102 3071 2,

248 3087 258 3115 ]
289 3096 314 3115 3.
340 3086 398 3117 705
423 3092 531 3126 togam
550 3097 663 3127 puram
679 3088 810 3128 accepit,
830 3088 908 3118 ibid.
929 3088 993 3119 IX.
1013 3089 1061 3125 19,
1076 3089 1103 3118 1.

289 3139 344 3169 c'm'
365 3140 545 3171 moderabor
574 3141 768 3180 diliyentim.
808 3141 973 3172 Moderari
1002 3142 1102 3173 alicui

1157 1497 1225 1520 esse
1248 1490 1382 1520 modum
1407 1494 1547 1520 statuere
1577 1489 1685 1527 alicui,
1715 1490 1895 1528 continere,
1925 1490 2012 1521 0001·-

1155 1554 1243 1581 001·0;
1268 1544 1424 1575 moderari
1445 1544 1576 1585 aliquid,
1599 1545 1771 1576 instituere
1793 1555 1829 1575 ac
1851 1554 1965 1585 regere
1994 1555 2013 1575 a

1155 1597 1384 1628 Grammaticis
1407 1599 1548 1635 docetur,
1573 1598 1637 1628 vid.
1660 1598 1774 1638 Reisig
1794 1598 1897 1638 §371-
1920 1599 2011 1629 Mad-

1156 1651 1213 1691 vig
1236 1652 1254 1690 ξ
1278 1652 1347 1682 244.
1370 1651 1460 1682 Adn.
1485 1652 1500 1681 1
1524 1652 1801 1691 confirmaturque
1824 1652 1907 1682 illud
1922 1661 2011 1692 prae-

1156 1711 1286 1745 ceptum
1309 1715 1369 1735 usu
1400 1704 1568 1735 Ciceronis
1596 1710 1627 1736 et
1654 1705 1754 1735 Livii.
1796 1705 1884 1735 Nam
1912 1714 2010 1744 quem

1156 1763 1325 1798 opponunt
1347 1759 1455 1788 locum
1478 1767 1520 1789 ex
1542 1758 1640 1788 Livio
1662 1757 1777 1788 XLII.
1800 1758 1848 1788 62.
1872 1757 1926 1788 Ita
1945 1760 2008 1788 tum

1156 1822 1218 1842 mos
1242 1814 1322 1848 erat,
1345 1812 1377 1841 in
1398 1812 1538 1842 adversis
1561 1812 1678 1842 vultum
1692 1811 1848 1842 secundae
1852 1811 2010 1852 fortunae

1152 1874 1271 1905 yerere,
1295 1864 1451 1895 moderari
1473 1863 1593 1894 animos
1614 1863 1648 1894 in
1666 1863 1820 1900 secundis,
1836 1864 1926 1894 facili
1942 1874 2009 1894 cor-

1155 1917 1298 1948 rectione
1321 1918 1461 1948 emendo
1483 1917 1628 1947 scribens
1641 1916 1753 1953 animo,
1769 1917 1856 1957 quod
1872 1916 1905 1946 in
1921 1916 2009 1948 dicto

1155 1971 1303 2011 generali
1325 1970 1530 2010 aptissimum
1552 1975 1612 2001 est.
1654 1970 1695 2000 In
1719 1979 1757 2000 eo
1782 1970 1887 2000 habeo
1916 1970 2008 2000 Mad-

1154 2025 1280 2065 vigium
1311 2024 1544 2055 assentientem
1572 2024 1607 2054 in
1636 2023 1776 2054 Emend.
1809 2023 1941 2054 Livian.
1977 2033 2008 2064 p.

1155 2078 1224 2108 546.
1248 2077 1314 2109 Sed
1337 2078 1378 2108 ab
1400 2077 1473 2107 aliis
1495 2086 1562 2107 non
1585 2077 1931 2117 semperobservatum
1949 2081 2007 2107 est.

1153 2131 1202 2162 De
1225 2130 1371 2161 salustio
1393 2129 1522 2160 monuit
1550 2129 1698 2160 Kritzius
1727 2130 1767 2159 ad
1794 2129 1866 2168 Iug.
1897 2129 1946 2166 82,
1977 2129 2006 2166 2,

1153 2185 1287 2215 Tacitus
1310 2184 1380 2215 sine
1403 2183 1591 2214 discrimine
1613 2188 1787 2223 utrumque
1810 2192 1922 2213 casum
1952 2192 2007 2223 po-

1152 2238 1226 2274 suit,
1250 2236 1428 2267 Suetonius
1451 2242 1482 2267 et
1505 2236 1634 2267 Plinius
1663 2236 1776 2266 Minor
1801 2245 1929 2276 semper
1958 2245 2006 2266 30-

1151 2291 1337 2322 cusativum
1358 2290 1434 2320 huic
1456 2290 1557 2320 verbo
1579 2290 1814 2320 adiunxerunt.

1197 2345 1234 2376 Ul
1257 2345 1383 2375 habeam
1408 2344 1559 2375 rationem
1582 2354 1642 2375 non
1660 2343 1747 2375 modo
1762 2343 1889 2385 neyotii,
1902 2353 2005 2374 verum

1151 2399 1242 2429 eliam
1278 2399 1335 2430 otii
1368 2399 1425 2429 tui.
1468 2399 1519 2429 Ita
1551 2398 1663 2429 scribit
1693 2398 1842 2438 cogitans
1871 2398 2006 2429 fortasse

1151 2453 1351 2493 praeclaram
1374 2460 1406 2484 et
1428 2453 1639 2492 magnifica-m
1660 2452 1707 2482 M.
1723 2451 1858 2483 Catonis
1878 2456 2004 2483 senten-

1150 2507 1238 2542 tiam,
1269 2507 1325 2546 qui
1356 2506 1389 2536 in
1420 2505 1580 2546 principio
1610 2504 1787 2545 Originum
1815 2505 2003 2545 scripserat:

1152 2560 1313 2591 Clarorum.
1336 2559 1469 2590 virorum
1494 2561 1585 2599 atque
1607 2568 1784 2599 maqnorum
1816 2569 1876 2589 non
1904 2558 2005 2589 minus

1149 2613 1216 2650 olii,
1246 2624 1335 2654 quam
1364 2611 1481 2653 neqolii
1507 2611 1663 2641 rationem
1691 2613 1817 2641 exstare
1852 2613 2004 2651 oportere.

1149 2666 1313 2696 Laudavit
1337 2666 1451 2696 Cicero
1474 2665 1508 2695 in
1532 2664 1722 2701 Planciana,
1746 2663 1785 2694 66
1808 2668 1840 2694 et
1855 2663 2002 2694 Iustinus

1150 2718 1183 2748 in
1206 2718 1339 2758 praefat.
1362 2717 1450 2747 Hist.
1473 2716 1615 2756 Philipp.
1641 2716 1659 2755 ἓ
1683 2717 1711 2746 5.

1189 2772 1311 2809 Alexis,
1332 2771 1437 2802 Attici
1459 2770 1574 2806 scriba,
1599 2779 1698 2809 quem
1719 2769 1802 2799 XII.
1826 2769 1865 2799 10
1889 2768 2001 2808 imagi-

1146 2836 1221 2857 nem
1244 2826 1274 2856 T
1276 2826 1377 2856 ironis
1400 2825 1551 2865 appellat,
1578 2829 1611 2854 ut
1634 2823 1794 2854 Tironem
1814 2823 1846 2853 h.
1869 2822 1889 2852 l.
1912 2832 1999 2852 suum

1144 2879 1271 2910 Alexin.
1295 2879 1344 2909 De
1359 2878 1525 2914 Nicanore,
1540 2877 1643 2908 Attici
1660 2886 1754 2907 servo
1771 2876 1835 2906 vid.
1849 2875 1880 2905 h.
1893 2875 1914 2905 l.
1927 2876 1955 2911 3,
1969 2875 1998 2905 3.

1186 2929 1312 2960 Phemio
1333 2929 1495 2970 quaeritur
1518 2927 1627 2974 κέρας.
1662 2928 1712 2960 Cf.
1736 2938 1785 2969 ep.
1809 2928 1857 2965 21,
1881 2928 1910 2958 9.
1935 2926 1998 2957 VI.

1145 2986 1172 3022 l,
1196 2986 1245 3016 13.
1268 2985 1398 3016 Nomen
1421 2985 1549 3016 homini
1571 2985 1637 3016 vid.
1660 2985 1854 3025 imposuisse
1876 2983 1997 3014 Home-

1144 3037 1256 3074 ricum,
1280 3043 1314 3068 ut
1336 3037 1474 3069 Ovidius
1495 3038 1573 3069 Am.
1596 3038 1660 3068 111.
1683 3038 1710 3075 7,
1725 3037 1775 3067 61.
1805 3036 1890 3072 Quid
1901 3035 1994 3072 iuvet,

1143 3089 1187 3119 ad
1221 3090 1336 3120 surdas
1368 3090 1396 3119 si
1433 3093 1539 3121 cantet
1574 3090 1717 3120 Phemius
1749 3089 1871 3120 czares?
1902 3086 1999 3131 κέρας

1144 3150 1254 3174 autem
1276 3144 1355 3175 dicit
1377 3144 1635 3176 instrumentum
1656 3144 1827 3175 musicum.
