2117 3533
700 168 808 209 LIB.
843 168 918 208 IV.
953 168 1036 209 ΕΡ.
1075 170 1239 209 9-11,
1768 173 1852 211 185

96 322 177 347 rem
210 303 426 359 publicam,
462 304 519 344 sic
554 303 680 344 literis
715 306 916 344 sustentor
950 308 990 344 et
1021 318 1188 354 recreor,
1223 304 1407 357 maloque
1441 305 1483 345 111
1518 305 1587 345 illa
1630 309 1701 346 tua
1745 307 1854 347 sede-

95 378 197 427 cula,
233 391 352 431 quam
386 375 509 416 habes
544 375 618 416 sub
654 376 828 430 imagine
863 376 1105 427 Aristotelis,
1151 376 1285 417 sedere
1321 392 1440 431 quam
1474 378 1517 418 in
1550 377 1719 419 istorum
1762 379 1857 419 sella

94 450 237 500 curuli,
271 454 482 503 tecumque
516 449 623 504 apud
655 454 694 489 te
729 449 931 490 ambulare
966 465 1084 504 quam
1118 465 1209 490 011111
1243 465 1303 500 00,
1329 465 1500 503 quocum
1527 451 1643 492 video
1667 466 1752 492 esse
1776 466 1856 491 am-

94 522 327 564 bulandum.
362 521 439 563 Sed
474 521 522 562 de
556 522 624 562 illa
659 521 930 562 ambulatione
964 522 1043 562 fors
1079 521 1224 562 viderit
1258 527 1327 563 aut
1360 523 1393 564 si
1428 523 1497 577 qui
1531 528 1604 574 est,
1635 524 1705 578 qui
1729 528 1855 574 curet,

92 596 204 637 deus.
243 599 282 636 52.
317 596 508 636 Nostram
542 594 854 636 ambulationem
897 599 936 635 et
979 595 1226 636 Laconicum
1268 610 1406 654 eaque,
1453 611 1552 649 quae
1595 597 1720 651 Cyrea
1761 596 1855 646 sint,
1897 607 1911 631 5

91 670 223 719 velim,
259 684 383 722 quum
416 668 578 723 poteris,
613 668 777 718 invisas,
812 673 852 709 et
885 683 1027 722 urgeas
1062 668 1328 709 Philotimum
1362 673 1408 709 ut
1442 674 1638 724 properet,
1683 673 1728 709 ut
1768 684 1856 723 pos-

90 742 165 783 sim
198 741 274 782 tibi
308 740 461 795 aliquid
494 740 537 780 in
574 756 620 781 eo
653 756 797 795 genere
831 741 1084 795 respondere.
1121 741 1336 795 Pompeius
1371 741 1413 781 in
1448 742 1675 781 Cumanum
1716 741 1857 781 Parili-

90 814 164 855 bus
199 814 309 855 venit
318 832 329 865 3
366 813 476 854 misit
510 813 559 854 ad
593 829 655 855 me
690 814 840 865 statim,
876 814 947 868 qui
980 814 1150 855 salutem
1184 814 1405 855 nuntiaret.
1440 814 1505 854 Ad
1539 829 1631 855 eum
1665 813 1856 869 postridie

90 902 205 929 mane
238 886 446 938 vadebam,
483 901 607 940 quum
640 886 738 928 haec
772 886 927 941 scripsi.

133 1064 266 1105 Quocum
288 1064 378 1094 video
401 1074 468 1094 esse
490 1062 718 1093 [turbulandwn.
753 1063 830 1093 Non
856 1063 967 1099 vide-1
1037 1060 1247 1093 Philotimum.
1282 1062 1375 1093 Alibi
1405 1071 1535 1103 quoque
1564 1063 1652 1093 hune
1682 1062 1857 1095 Terentiae

88 1121 139 1148 tur
160 1117 223 1147 hoc
245 1117 473 1157 accipientum]
496 1118 536 1147 de
559 1116 699 1157 simplici
719 1116 944 1146 ambulatione
966 1102 967 1141 l
998 1113 1153 1145 libertum
1177 1115 1379 1145 aedificando
1398 1115 1619 1155 praepositum
1644 1115 1804 1153 videmus,
1822 1121 1858 1147 ut

88 1180 162 1200 eum
192 1169 361 1210 Pompeio,
395 1170 452 1200 sed
488 1169 567 1199 dicit
602 1178 636 1199 se
664 1168 816 1209 Pompeii
845 1168 879 1198 in
910 1178 944 1199 re
966 1154 968 1183 l
998 1167 1044 1197 11.
1068 1168 1096 1204 4,
1122 1167 1149 1199 7.
1173 1169 1213 1198 ad
1236 1168 1277 1206 Q.
1302 1168 1339 1198 fr.
1363 1168 1428 1198 111.
1453 1169 1479 1205 1,
1505 1168 1532 1198 6.

90 1223 220 1264 publica
243 1224 401 1254 asseclam
425 1233 494 1254 esse
516 1223 643 1254 debere.
1040 1220 1078 1251 Ut
1094 1221 1210 1261 possim
1235 1222 1292 1252 tihi
1314 1221 1438 1263 aliquid
1466 1222 1499 1252 ilc
1529 1233 1563 1253 eo
1591 1233 1706 1263 qenere
1734 1234 1856 1263 respon-

132 1278 195 1316 §2
217 1276 474 1307 Ambulationem.
497 1277 549 1307 Ita
560 1276 722 1307 vocabant
737 1276 878 1317 spatium
893 1276 946 1307 vel
995 1275 1079 1306 (lere.
1112 1276 1206 1307 Haec
1229 1277 1378 1307 obscura.
1402 1276 1576 1313 Indicavit,
1600 1287 1666 1308 non
1690 1278 1858 1319 expedivit

89 1331 150 1361 sub
171 1331 227 1361 dio
249 1331 303 1362 vel
326 1330 426 1362 etiam
448 1335 580 1367 tectum,
612 1330 657 1361 ita
685 1330 881 1371 dispositum
910 1335 946 1361 ut
996 1327 1127 1359 Peerlk.
1150 1330 1191 1359 ad
1213 1329 1295 1359 Hor.
1319 1328 1386 1360 Sat.
1409 1339 1438 1369 p.
1464 1330 1533 1360 135.
1576 1330 1706 1362 Vitium
1734 1341 1856 1372 qua-ero

90 1384 198 1414 hieme
220 1383 400 1424 plurimum
434 1383 521 1421 solis,
546 1388 667 1415 aestate
696 1384 872 1415 minimum
901 1392 947 1414 re·
997 1382 1030 1412 in
1061 1382 1180 1413 ultimo
1211 1384 1321 1420 verbo,
1358 1383 1609 1424 tollendumque
1644 1390 1723 1425 puto
1758 1386 1856 1416 corri-

85 1437 217 1478 ciperet.
240 1437 369 1469 Colum.
393 1438 432 1469 de
454 1438 494 1469 R.
515 1438 554 1470 R.
577 1438 603 1468 I.
627 1438 655 1468 6.
997 1435 1106 1475 gendo
1128 1445 1275 1476 reponere
1298 1446 1331 1466 o:
1355 1436 1499 1467 reddere.
1523 1437 1650 1468 Eodem
1672 1438 1770 1468 modo
1794 1438 1856 1469 1100

128 1491 324 1522 Laconicum.
367 1492 448 1522 Pars
484 1492 628 1529 caldarii,
662 1502 760 1532 quam
793 1492 948 1523 describit
998 1490 1136 1521 verbum
1158 1491 1267 1531 posuit
1290 1491 1323 1521 in
1348 1501 1396 1531 ep.
1421 1492 1449 1521 9.
1472 1491 1512 1522 L.
1535 1492 1553 1522 I
1575 1493 1615 1522 ad
1638 1492 1732 1523 Fam.
1757 1493 1775 1533 ξ
1799 1494 1854 1523 19:

87 1544 126 1575 G.
149 1545 192 1575 A.
216 1545 383 1576 Beckerus
406 1546 440 1576 in
463 1544 560 1576 Gallo
582 1546 648 1576 III.
671 1556 702 1586 p.
725 1545 764 1578 76
787 1556 834 1587 sq.
999 1544 1059 1574 Cur
1081 1544 1237 1576 laudarim
1263 1545 1479 1586 (Vatinium),
1507 1548 1582 1586 peto
1604 1558 1624 1577 a
1648 1549 1678 1577 te
1708 1549 1742 1577 ut
1772 1547 1809 1578 id
1835 1559 1855 1578 a

133 1596 240 1638 Cyrea,
277 1608 296 1628 a
332 1597 420 1639 Cyro
454 1598 632 1630 architecto
666 1598 746 1638 (vid.
778 1599 823 1630 Η.
854 1600 882 1636 3,
912 1598 946 1637 2‘)
997 1607 1042 1627 me
1064 1607 1125 1628 non
1147 1599 1299 1639 requiras,
1322 1609 1361 1629 ne
1383 1598 1440 1629 tibi
1461 1609 1516 1640 eqo
1538 1598 1620 1630 idem
1642 1609 1797 1640 reponam.

89 1652 259 1693 descripta.
1043 1650 1197 1682 Vadebam
1219 1662 1252 1683 o:
1276 1652 1380 1684 iturus
1403 1663 1502 1685 eram.
1536 1652 1577 1684 ef.
1599 1655 1641 1685 ad
1663 1655 1689 1692 Ι,
1714 1656 1742 1692 5,
1765 1656 1795 1685 4.

708 1770 784 1811 XI.
850 1771 915 1824 (A.
957 1770 1001 1811 U.
1040 1771 1082 1811 e.
1117 1772 1238 1825 699.)

157 1897 195 1935 1.
230 1895 491 1937 Delectarunt
523 1911 585 1937 me
619 1896 809 1951 epistolae
842 1901 949 1947 tuae,
997 1911 1095 1952 quas
1131 1897 1266 1952 accepi
1299 1912 1380 1938 11110
1414 1901 1591 1953 tempore
1626 1898 1728 1941 duas
1762 1905 1854 1941 ante

91 1968 198 2009 diem
232 1980 282 2008 ΙΙ.
316 1968 410 2009 Kal.
446 1969 572 2023 Perge
606 1969 773 2023 reliqua.
809 1969 949 2010 Gestio
983 1970 1082 2011 scire
1116 1969 1193 2010 ista
1227 1969 1374 2010 omnia.
1420 1970 1554 2011 Etiam
1586 1971 1688 2012 illud
1723 1972 1854 2014 cuius-

91 2039 199 2081 modi
234 2040 286 2081 sit
318 2040 437 2082 velim
470 2041 710 2096 perspieias3
745 2046 858 2097 potes
892 2058 913 2083 a
946 2042 1165 2083 Demetrio.
1211 2042 1325 2083 Dixit
1357 2042 1457 2083 mihi
1491 2043 1707 2099 Pompeius
1740 2045 1853 2086 Cras-

92 2129 180 2154 sum
213 2129 235 2153 a
268 2129 308 2154 se
341 2114 384 2155 in
426 2114 584 2156 Albano
628 2115 847 2170 exspectari
889 2120 981 2156 ante
1021 2116 1127 2157 diem
1169 2130 1229 2157 IV.
1264 2116 1379 2167 Kal.;
1424 2116 1458 2157 is
1499 2132 1623 2172 quum
1664 2118 1852 2168 venisset,
1891 2135 1906 2159 5

93 2188 260 2228 Romam
294 2202 378 2229 esse
413 2189 545 2229 statim
583 2193 784 2238 venturos,
820 2194 866 2229 ut
898 2189 1072 2230 rationes
1106 2204 1197 2229 cum
1230 2188 1456 2244 publicanis
1486 2194 1688 2244 putarent.
1723 2190 1854 2241 Quae-

93 2261 181 2311 sivi,
226 2260 594 2315 gladiatoribusne?
641 2261 876 2316 Respondit,
922 2266 1136 2316 antequam
1180 2261 1480 2302 inducerentur.
1536 2262 1585 2303 Id
1630 2263 1855 2304 cuiusmodi

93 2334 159 2384 sit,
195 2338 265 2375 aut
297 2349 419 2384 1111110,
456 2334 488 2375 si
523 2335 636 2385 scies,
671 2338 739 2374 aut
773 2349 897 2389 quum
931 2335 965 2375 is
999 2335 1165 2375 Romam
1200 2334 1367 2385 venerit,
1403 2334 1453 2375 ad
1476 2350 1537 2375 me
1561 2336 1698 2377 mittas
1720 2335 1854 2378 velim.

96 2410 135 2448 2.
170 2407 256 2447 Nos
289 2406 355 2448 1110
389 2422 573 2447 voramus
606 2407 740 2447 literas
775 2422 865 2447 eum
900 2407 1060 2448 homine
1104 2407 1271 2447 mirifico
1307 2432 1363 2437 —-
1398 2407 1454 2448 ita
1498 2408 1723 2450 mehercule
1768 2425 1855 2450 sen-

94 2480 221 2521 tentio
257 2505 312 2510 -
348 2481 554 2536 Dionysio,
590 2481 658 2535 qui
690 2485 729 2521 te
764 2496 980 2535 omnesque
1014 2496 1082 2521 vos
1116 2480 1278 2521 salutat.
1316 2474 1480 2524 Οὐδὲν
1513 2478 1807 2541 γλυκύτερον
1830 2481 1855 2536 ἢ
1880 2502 1912 2527 10

95 2550 238 2597 πάντ’
272 2547 477 2597 εἰδέναι.
533 2568 666 2608 quare,
713 2558 757 2594 ut
796 2553 950 2594 homini
992 2553 1163 2604 curioso,
1204 2553 1261 2594 ita
1301 2552 1500 2608 perscribe
1545 2555 1594 2595 ad
1636 2571 1713 2606 me,
1759 2555 1856 2610 quid

136 2730 154 2768 ξ
179 2729 206 2759 1.
229 2729 312 2759 Ante
333 2729 411 2760 diem
429 2729 471 2758 II
486 2729 560 2760 Kal.
583 2729 682 2768 Quod
698 2730 866 2762 Mediceus
883 2730 952 2761 alii·
1042 2728 1069 2757 Λ
1092 2727 1261 2758 Demetrio·
1290 2728 1440 2770 Pompeii
1464 2730 1592 2768 liberto,
1617 2730 1675 2771 qui
1698 2731 1783 2770 apud
1806 2740 1857 2771 pa-

95 2791 157 2822 111ιο
180 2781 256 2812 libri
280 2782 360 2812 dant
381 2793 411 2812 a.
435 2782 465 2812 d.
493 2782 521 2811 V
539 2782 624 2820 Kal„
648 2792 763 2813 verum
787 2793 856 2815 esse
884 2793 951 2814 non
1001 2787 1134 2813 tronum
1157 2793 1285 2813 summa
1306 2785 1499 2816 auctoritate
1522 2790 1600 2816 erat.
1635 2784 1725 2815 Plin.
1748 2785 1792 2815 H.
1815 2784 1857 2815 N.

96 2840 211 2875 potest,
235 2835 391 2875 quoniam
414 2839 483 2865 tum
516 2835 612 2866 huius
641 2836 688 2866 rei
716 2836 842 2867 mentio
872 2842 955 2867 esset
1002 2834 1152 2865 XXXV.
1177 2836 1247 2866 200.
1271 2836 1358 2866 Plut.
1382 2837 1416 2867 in
1440 2837 1556 2878 Pomp.
1580 2838 1629 2869 40.

95 2886 179 2917 facta
201 2887 235 2917 in
259 2887 352 2927 epist.
377 2888 394 2917 9
418 2898 446 2917 a.
468 2889 498 2918 d.
522 2888 574 2918 IV
596 2888 673 2918 Kal.
696 2888 801 2918 Maias
825 2889 954 2928 scripta.
1044 2889 1217 2930 Antequam
1251 2889 1486 2922 inducerentur.
1525 2892 1729 2923 Gladiatores
1765 2892 1858 2922 inclu-

95 2941 265 2971 Manutius
280 2946 450 2981 propterea
464 2941 635 2981 temptavit
649 2943 724 2971 ante
737 2941 817 2971 diem
830 2941 873 2970 II
881 2941 954 2972 Kal.
1002 2947 1130 2979 cuntur,
1154 2952 1255 2983 quum
1277 2945 1398 2984 populo
1421 2946 1588 2985 spectandi
1603 2947 1731 2976 dantur.
1755 2944 1804 2976 Cf.
1819 2945 1859 2976 de

96 2991 162 3024 Sed
185 3003 261 3024 011111
284 2993 373 3023 diem
406 2993 521 3024 Cicero
551 2999 646 3024 vocat
670 2993 777 3033 pridie
811 2993 884 3024 Kal.
915 2994 955 3024 cf.
1003 3001 1068 3037 opt.
1092 3006 1167 3036 gen.
1190 3001 1284 3027 oratt.
1309 2997 1355 3035 17,
1380 3009 1410 3038 p.
1431 2997 1514 3030 Sest.
1537 3000 1607 3029 134.

98 3046 143 3076 11.
167 3047 194 3084 2,
218 3048 246 3077 3.
271 3047 298 3083 9,
323 3048 352 3077 4.
376 3047 438 3077 III.
464 3047 480 3078 7
495 3053 587 3083 extr„
606 3048 646 3077 14
660 3053 743 3078 extr.
757 3051 816 3078 cet.
839 3048 956 3088 Itaque
1046 3048 1063 3086 ξ
1079 3048 1108 3078 2.
1123 3045 1233 3081 Οὐδὲν
1251 3064 1298 3069 —-
1316 3045 1454 3081 εἰδέναι.
1472 3050 1663 3081 Meinekius
1677 3050 1712 3081 in
1727 3051 1861 3093 Fragm.

98 3098 225 3138 legatur
247 3100 354 3140 potius
378 3111 407 3131 a.
430 3100 460 3130 d.
485 3100 547 3129 III
566 3100 642 3130 Kal.
1006 3100 1100 3130 Com.
1122 3100 1177 3131 Gr.
1201 3101 1262 3132 IV.
1287 3112 1315 3141 p.
1340 3102 1400 3132 610
1422 3103 1540 3134 adiecit
1568 3109 1643 3134 ante
1672 3100 1691 3139 ἥ
1725 3105 1882 3136 verbum.

139 3150 239 3191 Perye
261 3152 391 3192 reliqua.
416 3153 852 3194 Vi‹;1.quae111011uiad111.
868 3153 956 3189 155
1006 3149 1111 3193 ἐστιν,
1136 3158 1166 3183 et
1199 3154 1365 3185 senarium
1393 3155 1519 3186 00111100
1548 3155 1671 3193 tribuit,
1702 3166 1799 3196 quem
1828 3157 1861 3187 111
