<?xml version="1.0" encoding="UTF-8"?>
<!DOCTYPE html PUBLIC "-//W3C//DTD XHTML 1.0 Transitional//EN"
    "http://www.w3.org/TR/xhtml1/DTD/xhtml1-transitional.dtd">
<html xmlns="http://www.w3.org/1999/xhtml" xml:lang="en" lang="en">
 <head>
  <title>
</title>
<meta http-equiv="Content-Type" content="text/html;charset=utf-8" />
  <meta name='ocr-system' content='tesseract 3.04.00' />
  <meta name='ocr-capabilities' content='ocr_page ocr_carea ocr_par ocr_line ocrx_word'/>
</head>
<body>
  <div class='ocr_page' id='page_1' title='image "./epistolarumadtpo01ciceuoft_0210.png"; bbox 0 0 2117 3533; ppageno 0'>
   <div class='ocr_carea' id='block_1_1' title="bbox 290 149 1635 195">
    <p class='ocr_par' dir='ltr' id='par_1_1' title="bbox 290 149 1635 195">
     <span class='ocr_line' id='line_1_1' title="bbox 290 149 1635 195; baseline 0.006 -8"><span class='ocrx_word' id='word_1_1' title='bbox 290 149 374 188; x_wconf 83' lang='grc'>190</span> <span class='ocrx_word' id='word_1_2' title='bbox 684 151 767 191; x_wconf 86' lang='grc' dir='ltr'><strong>ΕΡ.</strong></span> <span class='ocrx_word' id='word_1_3' title='bbox 802 151 878 191; x_wconf 73' lang='grc' dir='ltr'>ΑΒ</span> <span class='ocrx_word' id='word_1_4' title='bbox 910 151 956 191; x_wconf 89' lang='grc' dir='ltr'>Τ.</span> <span class='ocrx_word' id='word_1_5' title='bbox 990 151 1339 193; x_wconf 81' lang='lat' dir='ltr'>POMPONIUM</span> <span class='ocrx_word' id='word_1_6' title='bbox 1373 154 1635 195; x_wconf 79' lang='lat' dir='ltr'>ATTIOUM.</span> 
     </span>
    </p>
   </div>
   <div class='ocr_carea' id='block_1_2' title="bbox 248 282 2041 850">
    <p class='ocr_par' dir='ltr' id='par_1_2' title="bbox 248 282 2041 850">
     <span class='ocr_line' id='line_1_2' title="bbox 286 282 2041 347; baseline 0.004 -25"><span class='ocrx_word' id='word_1_7' title='bbox 286 282 587 324; x_wconf 87' lang='lat' dir='ltr'>condemnatus.</span> <span class='ocrx_word' id='word_1_8' title='bbox 633 285 694 324; x_wconf 83' lang='lat' dir='ltr'>Ex</span> <span class='ocrx_word' id='word_1_9' title='bbox 728 299 807 337; x_wconf 87' lang='lat' dir='ltr'>quo</span> <span class='ocrx_word' id='word_1_10' title='bbox 839 284 1089 326; x_wconf 90' lang='lat' dir='ltr'>intellectum</span> <span class='ocrx_word' id='word_1_11' title='bbox 1121 290 1181 327; x_wconf 86' lang='lat' dir='ltr'>est</span> <span class='ocrx_word' id='word_1_12' title='bbox 1214 288 1684 347; x_wconf 71' lang='grc' dir='ltr'><em>τριςοερειοπαγίτας</em></span> <span class='ocrx_word' id='word_1_13' title='bbox 1728 288 1937 339; x_wconf 86' lang='lat' dir='ltr'>ambitum,</span> <span class='ocrx_word' id='word_1_14' title='bbox 1979 304 2041 329; x_wconf 90' lang='lat' dir='ltr'>co-</span> 
     </span>
     <span class='ocr_line' id='line_1_3' title="bbox 284 355 2040 415; baseline 0.004 -21"><span class='ocrx_word' id='word_1_15' title='bbox 284 355 410 404; x_wconf 86' lang='lat' dir='ltr'>mitia,</span> <span class='ocrx_word' id='word_1_16' title='bbox 444 355 731 409; x_wconf 70' lang='lat' dir='ltr'><strong>interregnum,</strong></span> <span class='ocrx_word' id='word_1_17' title='bbox 765 357 1028 408; x_wconf 87' lang='lat' dir='ltr'>maiestatem,</span> <span class='ocrx_word' id='word_1_18' title='bbox 1064 362 1190 398; x_wconf 87' lang='lat' dir='ltr'>totam</span> <span class='ocrx_word' id='word_1_19' title='bbox 1224 358 1396 414; x_wconf 81' lang='lat' dir='ltr'>denique</span> <span class='ocrx_word' id='word_1_20' title='bbox 1438 376 1519 402; x_wconf 90' lang='lat' dir='ltr'>rem</span> <span class='ocrx_word' id='word_1_21' title='bbox 1562 360 1764 415; x_wconf 82' lang='lat' dir='ltr'>publicam</span> <span class='ocrx_word' id='word_1_22' title='bbox 1804 362 1917 402; x_wconf 86' lang='lat' dir='ltr'>flocci</span> <span class='ocrx_word' id='word_1_23' title='bbox 1960 377 2040 402; x_wconf 91' lang='lat' dir='ltr'>non</span> 
     </span>
     <span class='ocr_line' id='line_1_4' title="bbox 282 427 2040 489; baseline 0.004 -22"><span class='ocrx_word' id='word_1_24' title='bbox 282 428 426 467; x_wconf 81' lang='lat' dir='ltr'>facere.</span> <span class='ocrx_word' id='word_1_25' title='bbox 461 427 664 470; x_wconf 78' lang='lat' dir='ltr'>Debemus</span> <span class='ocrx_word' id='word_1_26' title='bbox 698 430 1024 484; x_wconf 70' lang='lat' dir='ltr'>patremfamilias</span> <span class='ocrx_word' id='word_1_27' title='bbox 1059 431 1167 472; x_wconf 86' lang='lat' dir='ltr'>domi</span> <span class='ocrx_word' id='word_1_28' title='bbox 1209 447 1303 474; x_wconf 87' lang='lat' dir='ltr'>suae</span> <span class='ocrx_word' id='word_1_29' title='bbox 1346 434 1524 475; x_wconf 87' lang='lat' dir='ltr'>occidere</span> <span class='ocrx_word' id='word_1_30' title='bbox 1569 433 1687 484; x_wconf 89' lang='lat' dir='ltr'>nolle,</span> <span class='ocrx_word' id='word_1_31' title='bbox 1733 450 1862 489; x_wconf 88' lang='lat' dir='ltr'>neque</span> <span class='ocrx_word' id='word_1_32' title='bbox 1907 439 2040 474; x_wconf 83' lang='lat' dir='ltr'>tamen</span> 
     </span>
     <span class='ocr_line' id='line_1_5' title="bbox 282 499 2040 555; baseline 0.005 -16"><span class='ocrx_word' id='word_1_33' title='bbox 282 499 322 539; x_wconf 90' lang='lat' dir='ltr'>id</span> <span class='ocrx_word' id='word_1_34' title='bbox 357 500 488 554; x_wconf 86' lang='lat' dir='ltr'>ipsum</span> <span class='ocrx_word' id='word_1_35' title='bbox 522 500 702 553; x_wconf 78' lang='lat' dir='ltr'>abunde3</span> <span class='ocrx_word' id='word_1_36' title='bbox 737 517 831 543; x_wconf 83' lang='lat' dir='ltr'>nam</span> <span class='ocrx_word' id='word_1_37' title='bbox 864 502 1120 544; x_wconf 89' lang='lat' dir='ltr'>absolverunt</span> <span class='ocrx_word' id='word_1_38' title='bbox 1154 517 1283 555; x_wconf 63' lang='lat' dir='ltr'>XXII„</span> <span class='ocrx_word' id='word_1_39' title='bbox 1319 506 1639 547; x_wconf 86' lang='lat' dir='ltr'>condemnarunt</span> <span class='ocrx_word' id='word_1_40' title='bbox 1674 520 1817 547; x_wconf 77' lang='lat' dir='ltr'>xxux.</span> <span class='ocrx_word' id='word_1_41' title='bbox 1870 505 2040 546; x_wconf 81' lang='lat' dir='ltr'>Publius</span> 
     </span>
     <span class='ocr_line' id='line_1_6' title="bbox 248 572 2041 629; baseline 0.006 -18"><span class='ocrx_word' id='word_1_42' title='bbox 248 588 259 609; x_wconf 69' lang='lat'>2-</span> <span class='ocrx_word' id='word_1_43' title='bbox 282 586 374 612; x_wconf 84' lang='lat' dir='ltr'>sane</span> <span class='ocrx_word' id='word_1_44' title='bbox 409 572 556 614; x_wconf 77' lang='lat' dir='ltr'>diserto</span> <span class='ocrx_word' id='word_1_45' title='bbox 590 574 746 629; x_wconf 78' lang='lat' dir='ltr'>epilogo</span> <span class='ocrx_word' id='word_1_46' title='bbox 781 575 997 615; x_wconf 88' lang='lat' dir='ltr'>criminans</span> <span class='ocrx_word' id='word_1_47' title='bbox 1031 581 1184 617; x_wconf 88' lang='lat' dir='ltr'>mentes</span> <span class='ocrx_word' id='word_1_48' title='bbox 1218 577 1399 618; x_wconf 85' lang='lat' dir='ltr'>iudicum</span> <span class='ocrx_word' id='word_1_49' title='bbox 1440 583 1627 619; x_wconf 86' lang='lat' dir='ltr'>moverat.</span> <span class='ocrx_word' id='word_1_50' title='bbox 1673 579 1866 620; x_wconf 73' lang='lat' dir='ltr'>Hortalus</span> <span class='ocrx_word' id='word_1_51' title='bbox 1907 579 1950 620; x_wconf 87' lang='lat' dir='ltr'>in</span> <span class='ocrx_word' id='word_1_52' title='bbox 1996 594 2041 620; x_wconf 86' lang='lat' dir='ltr'>ca</span> 
     </span>
     <span class='ocr_line' id='line_1_7' title="bbox 281 645 2039 708; baseline 0.005 -23"><span class='ocrx_word' id='word_1_53' title='bbox 281 660 399 686; x_wconf 89' lang='lat' dir='ltr'>causa</span> <span class='ocrx_word' id='word_1_54' title='bbox 431 645 522 697; x_wconf 84' lang='lat' dir='ltr'>fuit,</span> <span class='ocrx_word' id='word_1_55' title='bbox 556 647 781 688; x_wconf 82' lang='lat' dir='ltr'>cuiusmodi</span> <span class='ocrx_word' id='word_1_56' title='bbox 815 647 928 688; x_wconf 90' lang='lat' dir='ltr'>solet.</span> <span class='ocrx_word' id='word_1_57' title='bbox 963 648 1050 689; x_wconf 88' lang='lat' dir='ltr'>Nos</span> <span class='ocrx_word' id='word_1_58' title='bbox 1082 648 1249 689; x_wconf 85' lang='lat' dir='ltr'>verbum</span> <span class='ocrx_word' id='word_1_59' title='bbox 1280 650 1452 691; x_wconf 88' lang='lat' dir='ltr'>nullum.</span> <span class='ocrx_word' id='word_1_60' title='bbox 1485 652 1625 692; x_wconf 81' lang='lat' dir='ltr'>-Verita</span> <span class='ocrx_word' id='word_1_61' title='bbox 1659 656 1719 692; x_wconf 89' lang='lat' dir='ltr'>est</span> <span class='ocrx_word' id='word_1_62' title='bbox 1751 652 1857 692; x_wconf 90' lang='lat' dir='ltr'>enim</span> <span class='ocrx_word' id='word_1_63' title='bbox 1880 652 2039 708; x_wconf 86' lang='lat' dir='ltr'>pusilla,</span> 
     </span>
     <span class='ocr_line' id='line_1_8' title="bbox 280 719 2038 772; baseline 0.004 -14"><span class='ocrx_word' id='word_1_64' title='bbox 280 734 380 772; x_wconf 81' lang='lat' dir='ltr'>quae</span> <span class='ocrx_word' id='word_1_65' title='bbox 414 734 522 760; x_wconf 90' lang='lat' dir='ltr'>nunc</span> <span class='ocrx_word' id='word_1_66' title='bbox 555 719 723 771; x_wconf 86' lang='lat' dir='ltr'>laborat,</span> <span class='ocrx_word' id='word_1_67' title='bbox 756 736 806 761; x_wconf 86' lang='lat' dir='ltr'>ne</span> <span class='ocrx_word' id='word_1_68' title='bbox 842 720 1020 761; x_wconf 88' lang='lat' dir='ltr'>animum</span> <span class='ocrx_word' id='word_1_69' title='bbox 1054 720 1190 762; x_wconf 89' lang='lat' dir='ltr'>Publii</span> <span class='ocrx_word' id='word_1_70' title='bbox 1222 722 1454 764; x_wconf 84' lang='lat' dir='ltr'>offenderet.</span> <span class='ocrx_word' id='word_1_71' title='bbox 1508 726 1548 764; x_wconf 80' lang='lat'>5.</span> <span class='ocrx_word' id='word_1_72' title='bbox 1573 724 1650 765; x_wconf 89' lang='lat' dir='ltr'>His</span> <span class='ocrx_word' id='word_1_73' title='bbox 1674 723 1792 766; x_wconf 88' lang='lat' dir='ltr'>rebus</span> <span class='ocrx_word' id='word_1_74' title='bbox 1816 725 1916 765; x_wconf 86' lang='lat' dir='ltr'>actis</span> <span class='ocrx_word' id='word_1_75' title='bbox 1939 725 2038 765; x_wconf 82' lang='lat' dir='ltr'>Rea-</span> 
     </span>
     <span class='ocr_line' id='line_1_9' title="bbox 278 792 2039 850; baseline 0.004 -19"><span class='ocrx_word' id='word_1_76' title='bbox 278 792 355 832; x_wconf 83' lang='lat' dir='ltr'>tini</span> <span class='ocrx_word' id='word_1_77' title='bbox 387 807 448 833; x_wconf 90' lang='lat' dir='ltr'>me</span> <span class='ocrx_word' id='word_1_78' title='bbox 483 792 532 834; x_wconf 87' lang='lat' dir='ltr'>ad</span> <span class='ocrx_word' id='word_1_79' title='bbox 567 808 638 833; x_wconf 86' lang='lat' dir='ltr'>sua</span> <span class='ocrx_word' id='word_1_80' title='bbox 672 793 827 850; x_wconf 66' lang='grc' dir='ltr'>τέμπη</span> <span class='ocrx_word' id='word_1_81' title='bbox 861 794 1075 843; x_wconf 75' lang='lat' dir='ltr'>duxerunt,</span> <span class='ocrx_word' id='word_1_82' title='bbox 1112 800 1157 835; x_wconf 92' lang='lat' dir='ltr'>ut</span> <span class='ocrx_word' id='word_1_83' title='bbox 1190 810 1346 850; x_wconf 77' lang='lat' dir='ltr'>agerem</span> <span class='ocrx_word' id='word_1_84' title='bbox 1381 811 1541 837; x_wconf 88' lang='lat' dir='ltr'>eausam</span> <span class='ocrx_word' id='word_1_85' title='bbox 1575 802 1713 838; x_wconf 89' lang='lat' dir='ltr'>contra</span> <span class='ocrx_word' id='word_1_86' title='bbox 1747 798 2039 838; x_wconf 81' lang='lat' dir='ltr'>Interamnates</span> 
     </span>
    </p>
   </div>
   <div class='ocr_carea' id='block_1_3' title="bbox 279 864 2039 920">
    <p class='ocr_par' dir='ltr' id='par_1_3' title="bbox 279 864 2039 920">
     <span class='ocr_line' id='line_1_10' title="bbox 279 864 2039 920; baseline 0.003 -15"><span class='ocrx_word' id='word_1_87' title='bbox 279 864 384 919; x_wconf 85' lang='lat' dir='ltr'>apud</span> <span class='ocrx_word' id='word_1_88' title='bbox 420 865 624 906; x_wconf 88' lang='lat' dir='ltr'>consulem</span> <span class='ocrx_word' id='word_1_89' title='bbox 657 870 697 906; x_wconf 91' lang='lat' dir='ltr'>et</span> <span class='ocrx_word' id='word_1_90' title='bbox 731 866 866 907; x_wconf 86' lang='lat' dir='ltr'>decem</span> <span class='ocrx_word' id='word_1_91' title='bbox 900 866 1066 919; x_wconf 79' lang='lat' dir='ltr'>legatos,</span> <span class='ocrx_word' id='word_1_92' title='bbox 1113 867 1219 920; x_wconf 84' lang='lat' dir='ltr'>quod</span> <span class='ocrx_word' id='word_1_93' title='bbox 1253 867 1363 909; x_wconf 87' lang='lat' dir='ltr'>lacus</span> <span class='ocrx_word' id='word_1_94' title='bbox 1398 869 1567 910; x_wconf 82' lang='lat' dir='ltr'>Velinus</span> <span class='ocrx_word' id='word_1_95' title='bbox 1609 885 1630 909; x_wconf 91' lang='lat' dir='ltr'>a</span> <span class='ocrx_word' id='word_1_96' title='bbox 1665 870 1725 910; x_wconf 71' lang='grc' dir='ltr'>Μ’</span> <span class='ocrx_word' id='word_1_97' title='bbox 1759 870 1880 910; x_wconf 90' lang='lat' dir='ltr'>Curio</span> <span class='ocrx_word' id='word_1_98' title='bbox 1925 870 2039 910; x_wconf 89' lang='lat' dir='ltr'>emis-</span> 
     </span>
    </p>
   </div>
   <div class='ocr_carea' id='block_1_4' title="bbox 569 966 741 971">
    <p class='ocr_par' dir='ltr' id='par_1_4' title="bbox 569 966 741 971">
     <span class='ocr_line' id='line_1_11' title="bbox 569 966 741 971; baseline 0 0"><span class='ocrx_word' id='word_1_99' title='bbox 569 966 741 971; x_wconf 95' lang='lat' dir='ltr'> </span> 
     </span>
    </p>
   </div>
   <div class='ocr_carea' id='block_1_5' title="bbox 399 967 565 970">
    <p class='ocr_par' dir='ltr' id='par_1_5' title="bbox 399 967 565 970">
     <span class='ocr_line' id='line_1_12' title="bbox 399 967 565 970; baseline 0 0"><span class='ocrx_word' id='word_1_100' title='bbox 399 967 565 970; x_wconf 95' lang='lat' dir='ltr'> </span> 
     </span>
    </p>
   </div>
   <div class='ocr_carea' id='block_1_6' title="bbox 319 1019 808 1059">
    <p class='ocr_par' dir='ltr' id='par_1_6' title="bbox 319 1019 808 1059">
     <span class='ocr_line' id='line_1_13' title="bbox 319 1019 808 1059; baseline 0 -8"><span class='ocrx_word' id='word_1_101' title='bbox 319 1020 335 1052; x_wconf 75' lang='grc'><strong>7</strong></span> <span class='ocrx_word' id='word_1_102' title='bbox 359 1030 398 1051; x_wconf 79' lang='lat' dir='ltr'>ne</span> <span class='ocrx_word' id='word_1_103' title='bbox 419 1023 435 1059; x_wconf 85' lang='lat'><strong>†</strong></span> <span class='ocrx_word' id='word_1_104' title='bbox 458 1021 554 1051; x_wconf 77' lang='lat' dir='ltr'>animi</span> <span class='ocrx_word' id='word_1_105' title='bbox 576 1020 609 1051; x_wconf 76' lang='lat' dir='ltr'>in</span> <span class='ocrx_word' id='word_1_106' title='bbox 632 1019 744 1051; x_wconf 73' lang='lat' dir='ltr'>Publio</span> <span class='ocrx_word' id='word_1_107' title='bbox 768 1039 808 1042; x_wconf 85' lang='lat'>—</span> 
     </span>
    </p>
   </div>
   <div class='ocr_carea' id='block_1_7' title="bbox 268 1158 1136 3172">
    <p class='ocr_par' dir='ltr' id='par_1_7' title="bbox 276 1158 1136 1357">
     <span class='ocr_line' id='line_1_14' title="bbox 277 1158 1136 1201; baseline 0.002 -12"><span class='ocrx_word' id='word_1_108' title='bbox 277 1162 413 1189; x_wconf 85' lang='lat' dir='ltr'>constat.</span> <span class='ocrx_word' id='word_1_109' title='bbox 442 1158 593 1189; x_wconf 82' lang='lat' dir='ltr'>Fortasse</span> <span class='ocrx_word' id='word_1_110' title='bbox 622 1159 710 1190; x_wconf 88' lang='lat' dir='ltr'>idem</span> <span class='ocrx_word' id='word_1_111' title='bbox 740 1164 797 1196; x_wconf 84' lang='lat' dir='ltr'>est,</span> <span class='ocrx_word' id='word_1_112' title='bbox 826 1160 883 1200; x_wconf 88' lang='grc'><strong>(1111</strong></span> <span class='ocrx_word' id='word_1_113' title='bbox 913 1170 940 1191; x_wconf 85' lang='lat' dir='ltr'>a.</span> <span class='ocrx_word' id='word_1_114' title='bbox 965 1160 1023 1193; x_wconf 80' lang='lat'>705</span> <span class='ocrx_word' id='word_1_115' title='bbox 1047 1170 1136 1201; x_wconf 88' lang='lat' dir='ltr'>prae-</span> 
     </span>
     <span class='ocr_line' id='line_1_15' title="bbox 276 1211 1136 1251; baseline 0.002 -10"><span class='ocrx_word' id='word_1_116' title='bbox 276 1216 382 1242; x_wconf 88' lang='lat' dir='ltr'>turam</span> <span class='ocrx_word' id='word_1_117' title='bbox 411 1212 521 1251; x_wconf 79' lang='lat' dir='ltr'>gessit.</span> <span class='ocrx_word' id='word_1_118' title='bbox 544 1211 594 1242; x_wconf 88' lang='lat' dir='ltr'>Cf.</span> <span class='ocrx_word' id='word_1_119' title='bbox 608 1212 680 1242; x_wconf 85' lang='lat' dir='ltr'>Att.</span> <span class='ocrx_word' id='word_1_120' title='bbox 696 1212 797 1242; x_wconf 88' lang='lat' dir='ltr'>VIII.</span> <span class='ocrx_word' id='word_1_121' title='bbox 816 1213 864 1249; x_wconf 84' lang='lat'>15,</span> <span class='ocrx_word' id='word_1_122' title='bbox 881 1214 910 1243; x_wconf 80' lang='grc'><strong>3.</strong></span> <span class='ocrx_word' id='word_1_123' title='bbox 932 1213 1011 1243; x_wconf 86' lang='lat' dir='ltr'>Erat</span> <span class='ocrx_word' id='word_1_124' title='bbox 1027 1218 1136 1244; x_wconf 89' lang='lat' dir='ltr'>autem</span> 
     </span>
     <span class='ocr_line' id='line_1_16' title="bbox 277 1263 1135 1303; baseline 0.002 -10"><span class='ocrx_word' id='word_1_125' title='bbox 277 1273 461 1303; x_wconf 73' lang='lat' dir='ltr'>cognomen</span> <span class='ocrx_word' id='word_1_126' title='bbox 483 1263 679 1294; x_wconf 84' lang='lat' dir='ltr'>Nouiorum.</span> <span class='ocrx_word' id='word_1_127' title='bbox 704 1264 752 1295; x_wconf 88' lang='lat' dir='ltr'>De</span> <span class='ocrx_word' id='word_1_128' title='bbox 774 1263 809 1294; x_wconf 84' lang='lat' dir='ltr'>C.</span> <span class='ocrx_word' id='word_1_129' title='bbox 833 1263 958 1296; x_wconf 85' lang='lat' dir='ltr'>Catone</span> <span class='ocrx_word' id='word_1_130' title='bbox 974 1265 1081 1295; x_wconf 91' lang='lat' dir='ltr'>dicam</span> <span class='ocrx_word' id='word_1_131' title='bbox 1095 1265 1135 1295; x_wconf 87' lang='lat' dir='ltr'>ad</span> 
     </span>
     <span class='ocr_line' id='line_1_17' title="bbox 278 1317 451 1357; baseline 0 -10"><span class='ocrx_word' id='word_1_132' title='bbox 278 1327 327 1357; x_wconf 86' lang='lat' dir='ltr'>ep.</span> <span class='ocrx_word' id='word_1_133' title='bbox 350 1317 398 1353; x_wconf 81' lang='grc'>16,</span> <span class='ocrx_word' id='word_1_134' title='bbox 423 1319 451 1347; x_wconf 85' lang='grc'><strong>5.</strong></span> 
     </span>
    </p>

    <p class='ocr_par' dir='ltr' id='par_1_8' title="bbox 268 1370 1134 1723">
     <span class='ocr_line' id='line_1_18' title="bbox 319 1370 1134 1412; baseline 0.004 -13"><span class='ocrx_word' id='word_1_135' title='bbox 319 1370 478 1401; x_wconf 67' lang='lat' dir='ltr'>Procilius</span> <span class='ocrx_word' id='word_1_136' title='bbox 501 1370 732 1402; x_wconf 57' lang='lat' dir='ltr'>condemnata&amp;</span> <span class='ocrx_word' id='word_1_137' title='bbox 765 1371 940 1412; x_wconf 80' lang='lat' dir='ltr'>Perperam</span> <span class='ocrx_word' id='word_1_138' title='bbox 964 1372 1134 1403; x_wconf 83' lang='lat' dir='ltr'>Manutius</span> 
     </span>
     <span class='ocr_line' id='line_1_19' title="bbox 276 1423 1132 1463; baseline 0.004 -11"><span class='ocrx_word' id='word_1_139' title='bbox 276 1423 363 1453; x_wconf 90' lang='lat' dir='ltr'>hunc</span> <span class='ocrx_word' id='word_1_140' title='bbox 386 1423 419 1453; x_wconf 92' lang='lat' dir='ltr'>in</span> <span class='ocrx_word' id='word_1_141' title='bbox 443 1423 531 1454; x_wconf 90' lang='lat' dir='ltr'>idem</span> <span class='ocrx_word' id='word_1_142' title='bbox 554 1423 720 1460; x_wconf 86' lang='lat' dir='ltr'>iudicium,</span> <span class='ocrx_word' id='word_1_143' title='bbox 745 1433 809 1463; x_wconf 86' lang='lat' dir='ltr'>quo</span> <span class='ocrx_word' id='word_1_144' title='bbox 833 1423 973 1454; x_wconf 83' lang='lat' dir='ltr'>Sufenas</span> <span class='ocrx_word' id='word_1_145' title='bbox 996 1429 1027 1455; x_wconf 89' lang='lat' dir='ltr'>et</span> <span class='ocrx_word' id='word_1_146' title='bbox 1044 1424 1132 1461; x_wconf 81' lang='lat' dir='ltr'>Cato,</span> 
     </span>
     <span class='ocr_line' id='line_1_20' title="bbox 276 1477 1133 1509; baseline 0.002 -3"><span class='ocrx_word' id='word_1_147' title='bbox 276 1477 452 1508; x_wconf 84' lang='lat' dir='ltr'>adductum</span> <span class='ocrx_word' id='word_1_148' title='bbox 485 1477 583 1507; x_wconf 86' lang='lat' dir='ltr'>fuisse</span> <span class='ocrx_word' id='word_1_149' title='bbox 612 1478 734 1508; x_wconf 89' lang='lat' dir='ltr'>statuit.</span> <span class='ocrx_word' id='word_1_150' title='bbox 768 1477 884 1508; x_wconf 76' lang='lat' dir='ltr'>Caedis</span> <span class='ocrx_word' id='word_1_151' title='bbox 914 1487 1005 1508; x_wconf 89' lang='lat' dir='ltr'>reum</span> <span class='ocrx_word' id='word_1_152' title='bbox 1036 1478 1133 1509; x_wconf 84' lang='lat' dir='ltr'>fuisse</span> 
     </span>
     <span class='ocr_line' id='line_1_21' title="bbox 275 1534 1133 1574; baseline -0.001 -10"><span class='ocrx_word' id='word_1_153' title='bbox 275 1534 445 1573; x_wconf 82' lang='lat' dir='ltr'>sequentia</span> <span class='ocrx_word' id='word_1_154' title='bbox 468 1539 577 1573; x_wconf 86' lang='lat' dir='ltr'>aperte</span> <span class='ocrx_word' id='word_1_155' title='bbox 599 1534 767 1564; x_wconf 85' lang='lat' dir='ltr'>declarant</span> <span class='ocrx_word' id='word_1_156' title='bbox 789 1534 968 1574; x_wconf 87' lang='lat' dir='ltr'>eodemque</span> <span class='ocrx_word' id='word_1_157' title='bbox 991 1534 1133 1573; x_wconf 83' lang='lat' dir='ltr'>pertinet</span> 
     </span>
     <span class='ocr_line' id='line_1_22' title="bbox 275 1587 1134 1627; baseline 0.001 -11"><span class='ocrx_word' id='word_1_158' title='bbox 275 1588 362 1626; x_wconf 88' lang='lat' dir='ltr'>quod</span> <span class='ocrx_word' id='word_1_159' title='bbox 385 1587 525 1626; x_wconf 76' lang='lat' dir='ltr'>legimus</span> <span class='ocrx_word' id='word_1_160' title='bbox 549 1596 597 1627; x_wconf 89' lang='lat' dir='ltr'>ep.</span> <span class='ocrx_word' id='word_1_161' title='bbox 624 1587 672 1623; x_wconf 74' lang='lat'>13,</span> <span class='ocrx_word' id='word_1_162' title='bbox 696 1588 714 1617; x_wconf 74' lang='lat'><strong>3</strong></span> <span class='ocrx_word' id='word_1_163' title='bbox 749 1587 864 1626; x_wconf 78' lang='lat' dir='ltr'>(vulgo</span> <span class='ocrx_word' id='word_1_164' title='bbox 895 1587 943 1623; x_wconf 91' lang='grc'>16,</span> <span class='ocrx_word' id='word_1_165' title='bbox 976 1587 1045 1627; x_wconf 76' lang='grc'><strong>11);</strong></span> <span class='ocrx_word' id='word_1_166' title='bbox 1078 1597 1134 1617; x_wconf 69' lang='lat' dir='ltr'>nee</span> 
     </span>
     <span class='ocr_line' id='line_1_23' title="bbox 268 1639 1132 1681; baseline 0 -12"><span class='ocrx_word' id='word_1_167' title='bbox 268 1640 403 1679; x_wconf 69' lang='lat' dir='ltr'>posthac</span> <span class='ocrx_word' id='word_1_168' title='bbox 424 1640 582 1681; x_wconf 69' lang='lat' dir='ltr'>qnisquam.</span> <span class='ocrx_word' id='word_1_169' title='bbox 605 1639 813 1677; x_wconf 66' lang='lat' dir='ltr'>damnabitur,</span> <span class='ocrx_word' id='word_1_170' title='bbox 838 1639 900 1670; x_wconf 60' lang='lat' dir='ltr'>msssi</span> <span class='ocrx_word' id='word_1_171' title='bbox 916 1640 969 1681; x_wconf 67' lang='grc' dir='ltr'>(μα’</span> <span class='ocrx_word' id='word_1_172' title='bbox 983 1640 1132 1670; x_wconf 74' lang='lat' dir='ltr'>hominem</span> 
     </span>
     <span class='ocr_line' id='line_1_24' title="bbox 274 1692 431 1723; baseline -0.006 0"><span class='ocrx_word' id='word_1_173' title='bbox 274 1692 431 1723; x_wconf 67' lang='lat' dir='ltr'>occiderit.</span> 
     </span>
    </p>

    <p class='ocr_par' dir='ltr' id='par_1_9' title="bbox 274 1744 1133 1895">
     <span class='ocr_line' id='line_1_25' title="bbox 316 1744 1133 1790; baseline -0.006 -11"><span class='ocrx_word' id='word_1_174' title='bbox 316 1756 553 1790; x_wconf 70' lang='grc' dir='ltr'>τρῑςαρειοπαγ</span> <span class='ocrx_word' id='word_1_175' title='bbox 560 1744 648 1783; x_wconf 82' lang='grc' dir='ltr'><strong>ἱτας.</strong></span> <span class='ocrx_word' id='word_1_176' title='bbox 667 1745 725 1776; x_wconf 78' lang='lat' dir='ltr'>Ter</span> <span class='ocrx_word' id='word_1_177' title='bbox 738 1744 1033 1786; x_wconf 64' lang='lat' dir='ltr'>Ariopafflsstas‚plus</span> <span class='ocrx_word' id='word_1_178' title='bbox 1044 1755 1133 1786; x_wconf 75' lang='lat' dir='ltr'>quam</span> 
     </span>
     <span class='ocr_line' id='line_1_26' title="bbox 274 1801 1133 1844; baseline -0.001 -12"><span class='ocrx_word' id='word_1_179' title='bbox 274 1802 490 1844; x_wconf 68' lang='lat' dir='ltr'>Ariopayitas.</span> <span class='ocrx_word' id='word_1_180' title='bbox 513 1801 622 1833; x_wconf 83' lang='lat' dir='ltr'>Simili</span> <span class='ocrx_word' id='word_1_181' title='bbox 646 1802 820 1832; x_wconf 80' lang='lat' dir='ltr'>acerbitate</span> <span class='ocrx_word' id='word_1_182' title='bbox 843 1801 966 1832; x_wconf 83' lang='lat' dir='ltr'>iudices</span> <span class='ocrx_word' id='word_1_183' title='bbox 989 1802 1022 1832; x_wconf 90' lang='lat' dir='ltr'>in</span> <span class='ocrx_word' id='word_1_184' title='bbox 1038 1811 1133 1831; x_wconf 84' lang='lat' dir='ltr'>causa</span> 
     </span>
     <span class='ocr_line' id='line_1_27' title="bbox 275 1855 1133 1895; baseline -0.002 -8"><span class='ocrx_word' id='word_1_185' title='bbox 275 1856 435 1887; x_wconf 87' lang='lat' dir='ltr'>Clodiana</span> <span class='ocrx_word' id='word_1_186' title='bbox 447 1856 474 1886; x_wconf 94' lang='grc' dir='ltr'><strong>Ι.</strong></span> <span class='ocrx_word' id='word_1_187' title='bbox 486 1856 534 1893; x_wconf 90' lang='grc'>16,</span> <span class='ocrx_word' id='word_1_188' title='bbox 545 1858 561 1886; x_wconf 89' lang='grc'><strong>5</strong></span> <span class='ocrx_word' id='word_1_189' title='bbox 568 1856 754 1895; x_wconf 68' lang='lat' dir='ltr'>praeclaros</span> <span class='ocrx_word' id='word_1_190' title='bbox 765 1855 970 1895; x_wconf 73' lang='lat' dir='ltr'>Ariopaffl&#39;las</span> <span class='ocrx_word' id='word_1_191' title='bbox 983 1855 1133 1895; x_wconf 86' lang='lat' dir='ltr'>appellat.</span> 
     </span>
    </p>

    <p class='ocr_par' dir='ltr' id='par_1_10' title="bbox 273 1909 1134 2373">
     <span class='ocr_line' id='line_1_28' title="bbox 317 1909 1134 1949; baseline 0 -10"><span class='ocrx_word' id='word_1_192' title='bbox 317 1909 479 1946; x_wconf 64' lang='lat' dir='ltr'>Anchisam,</span> <span class='ocrx_word' id='word_1_193' title='bbox 510 1910 567 1949; x_wconf 89' lang='lat' dir='ltr'>qui</span> <span class='ocrx_word' id='word_1_194' title='bbox 597 1914 667 1939; x_wconf 89' lang='lat' dir='ltr'>tum</span> <span class='ocrx_word' id='word_1_195' title='bbox 700 1909 846 1939; x_wconf 76' lang='lat' dir='ltr'>maxime</span> <span class='ocrx_word' id='word_1_196' title='bbox 875 1909 1016 1945; x_wconf 82' lang='lat' dir='ltr'>ardebat,</span> <span class='ocrx_word' id='word_1_197' title='bbox 1055 1909 1073 1948; x_wconf 66' lang='grc' dir='ltr'>ξ</span> <span class='ocrx_word' id='word_1_198' title='bbox 1106 1909 1134 1941; x_wconf 84' lang='lat'>7.</span> 
     </span>
     <span class='ocr_line' id='line_1_29' title="bbox 275 1962 1132 2002; baseline -0.001 -9"><span class='ocrx_word' id='word_1_199' title='bbox 275 1963 387 2002; x_wconf 84' lang='lat' dir='ltr'>Atque</span> <span class='ocrx_word' id='word_1_200' title='bbox 410 1968 447 1993; x_wconf 90' lang='lat' dir='ltr'>ut</span> <span class='ocrx_word' id='word_1_201' title='bbox 469 1962 640 2000; x_wconf 60' lang='lat' dir='ltr'>largitioni</span> <span class='ocrx_word' id='word_1_202' title='bbox 663 1962 767 1992; x_wconf 88' lang='lat' dir='ltr'>maior</span> <span class='ocrx_word' id='word_1_203' title='bbox 789 1972 921 2002; x_wconf 87' lang='lat' dir='ltr'>campus</span> <span class='ocrx_word' id='word_1_204' title='bbox 945 1962 1132 2002; x_wconf 89' lang='lat' dir='ltr'>aperiretur,</span> 
     </span>
     <span class='ocr_line' id='line_1_30' title="bbox 274 2014 1134 2054; baseline -0.001 -9"><span class='ocrx_word' id='word_1_205' title='bbox 274 2015 507 2046; x_wconf 80' lang='lat' dir='ltr'>differebantur</span> <span class='ocrx_word' id='word_1_206' title='bbox 536 2014 661 2045; x_wconf 70' lang='lat' dir='ltr'>comilia</span> <span class='ocrx_word' id='word_1_207' title='bbox 694 2020 726 2045; x_wconf 88' lang='lat' dir='ltr'>ct</span> <span class='ocrx_word' id='word_1_208' title='bbox 754 2025 855 2054; x_wconf 88' lang='lat' dir='ltr'>quum</span> <span class='ocrx_word' id='word_1_209' title='bbox 887 2025 953 2045; x_wconf 91' lang='lat' dir='ltr'>non</span> <span class='ocrx_word' id='word_1_210' title='bbox 985 2015 1134 2045; x_wconf 83' lang='lat' dir='ltr'>adessent</span> 
     </span>
     <span class='ocr_line' id='line_1_31' title="bbox 273 2066 1131 2107; baseline 0 -10"><span class='ocrx_word' id='word_1_211' title='bbox 273 2067 494 2107; x_wconf 73' lang='lat' dir='ltr'>magistratus,</span> <span class='ocrx_word' id='word_1_212' title='bbox 533 2067 573 2096; x_wconf 88' lang='lat' dir='ltr'>ad</span> <span class='ocrx_word' id='word_1_213' title='bbox 607 2066 820 2107; x_wconf 64' lang='lat' dir='ltr'>inter-reqsmfm</span> <span class='ocrx_word' id='word_1_214' title='bbox 866 2076 916 2097; x_wconf 87' lang='lat' dir='ltr'>res</span> <span class='ocrx_word' id='word_1_215' title='bbox 963 2067 1131 2103; x_wconf 68' lang='lat' dir='ltr'>veniebat,</span> 
     </span>
     <span class='ocr_line' id='line_1_32' title="bbox 274 2118 1132 2160; baseline 0 -11"><span class='ocrx_word' id='word_1_216' title='bbox 274 2120 392 2160; x_wconf 86' lang='lat' dir='ltr'>quibus</span> <span class='ocrx_word' id='word_1_217' title='bbox 425 2119 578 2149; x_wconf 88' lang='lat' dir='ltr'>omnibus</span> <span class='ocrx_word' id='word_1_218' title='bbox 602 2118 751 2148; x_wconf 70' lang='lat' dir='ltr'>maiessas</span> <span class='ocrx_word' id='word_1_219' title='bbox 774 2118 885 2159; x_wconf 87' lang='lat' dir='ltr'>populi</span> <span class='ocrx_word' id='word_1_220' title='bbox 908 2119 1051 2149; x_wconf 87' lang='lat' dir='ltr'>Romani</span> <span class='ocrx_word' id='word_1_221' title='bbox 1075 2119 1132 2149; x_wconf 91' lang='lat' dir='ltr'>im-</span> 
     </span>
     <span class='ocr_line' id='line_1_33' title="bbox 273 2171 1131 2210; baseline -0.002 -7"><span class='ocrx_word' id='word_1_222' title='bbox 273 2173 482 2203; x_wconf 84' lang='lat' dir='ltr'>minuebatur</span> <span class='ocrx_word' id='word_1_223' title='bbox 504 2176 535 2202; x_wconf 88' lang='lat' dir='ltr'>et</span> <span class='ocrx_word' id='word_1_224' title='bbox 564 2181 680 2201; x_wconf 65' lang='lat' dir='ltr'>summa</span> <span class='ocrx_word' id='word_1_225' title='bbox 704 2181 754 2201; x_wconf 76' lang='lat' dir='ltr'>res</span> <span class='ocrx_word' id='word_1_226' title='bbox 772 2171 897 2210; x_wconf 65' lang='lat' dir='ltr'>publiea</span> <span class='ocrx_word' id='word_1_227' title='bbox 920 2171 954 2201; x_wconf 91' lang='grc'>111</span> <span class='ocrx_word' id='word_1_228' title='bbox 977 2172 1131 2201; x_wconf 83' lang='lat' dir='ltr'>ultimum</span> 
     </span>
     <span class='ocr_line' id='line_1_34' title="bbox 273 2224 1132 2256; baseline -0.002 0"><span class='ocrx_word' id='word_1_229' title='bbox 273 2226 495 2256; x_wconf 80' lang='lat' dir='ltr'>adducebatur</span> <span class='ocrx_word' id='word_1_230' title='bbox 516 2225 703 2255; x_wconf 82' lang='lat' dir='ltr'>discrimen.</span> <span class='ocrx_word' id='word_1_231' title='bbox 746 2225 838 2255; x_wconf 85' lang='lat' dir='ltr'>Haec</span> <span class='ocrx_word' id='word_1_232' title='bbox 867 2224 979 2255; x_wconf 86' lang='lat' dir='ltr'>omnia</span> <span class='ocrx_word' id='word_1_233' title='bbox 1008 2225 1132 2255; x_wconf 88' lang='lat' dir='ltr'>indices</span> 
     </span>
     <span class='ocr_line' id='line_1_35' title="bbox 273 2279 1131 2322; baseline -0.002 -10"><span class='ocrx_word' id='word_1_234' title='bbox 273 2282 328 2322; x_wconf 89' lang='grc'><strong>11111</strong></span> <span class='ocrx_word' id='word_1_235' title='bbox 351 2281 518 2311; x_wconf 77' lang='lat' dir='ltr'>vindicare</span> <span class='ocrx_word' id='word_1_236' title='bbox 541 2281 732 2316; x_wconf 80' lang='lat' dir='ltr'>debuerant,</span> <span class='ocrx_word' id='word_1_237' title='bbox 764 2279 906 2310; x_wconf 86' lang='lat' dir='ltr'>Sufenae</span> <span class='ocrx_word' id='word_1_238' title='bbox 936 2284 967 2310; x_wconf 83' lang='lat' dir='ltr'>et</span> <span class='ocrx_word' id='word_1_239' title='bbox 997 2279 1131 2310; x_wconf 86' lang='lat' dir='ltr'>Catonis</span> 
     </span>
     <span class='ocr_line' id='line_1_36' title="bbox 273 2332 1079 2373; baseline -0.001 -9"><span class='ocrx_word' id='word_1_240' title='bbox 273 2334 479 2364; x_wconf 84' lang='lat' dir='ltr'>absolutione</span> <span class='ocrx_word' id='word_1_241' title='bbox 501 2333 634 2373; x_wconf 88' lang='lat' dir='ltr'>impune</span> <span class='ocrx_word' id='word_1_242' title='bbox 656 2338 691 2362; x_wconf 93' lang='lat' dir='ltr'>ut</span> <span class='ocrx_word' id='word_1_243' title='bbox 712 2333 828 2362; x_wconf 87' lang='lat' dir='ltr'>fierent</span> <span class='ocrx_word' id='word_1_244' title='bbox 850 2332 1079 2372; x_wconf 76' lang='lat' dir='ltr'>permiserunt.</span> 
     </span>
    </p>

    <p class='ocr_par' dir='ltr' id='par_1_11' title="bbox 271 2384 1131 2953">
     <span class='ocr_line' id='line_1_37' title="bbox 312 2384 1130 2424; baseline -0.001 -9"><span class='ocrx_word' id='word_1_245' title='bbox 312 2386 461 2416; x_wconf 66' lang='lat' dir='ltr'>Debemus</span> <span class='ocrx_word' id='word_1_246' title='bbox 490 2403 530 2407; x_wconf 66' lang='lat'><em>—</em></span> <span class='ocrx_word' id='word_1_247' title='bbox 557 2385 641 2415; x_wconf 76' lang='lat' dir='ltr'>nolle</span> <span class='ocrx_word' id='word_1_248' title='bbox 673 2394 749 2414; x_wconf 87' lang='lat' dir='ltr'>cum</span> <span class='ocrx_word' id='word_1_249' title='bbox 778 2384 865 2414; x_wconf 84' lang='lat' dir='ltr'>Med.</span> <span class='ocrx_word' id='word_1_250' title='bbox 898 2384 1002 2424; x_wconf 84' lang='lat' dir='ltr'>aliisq.</span> <span class='ocrx_word' id='word_1_251' title='bbox 1038 2384 1130 2414; x_wconf 88' lang='lat' dir='ltr'>libris</span> 
     </span>
     <span class='ocr_line' id='line_1_38' title="bbox 272 2439 1130 2479; baseline -0.002 -8"><span class='ocrx_word' id='word_1_252' title='bbox 272 2441 404 2477; x_wconf 82' lang='lat' dir='ltr'>retinui,</span> <span class='ocrx_word' id='word_1_253' title='bbox 429 2441 485 2470; x_wconf 88' lang='lat' dir='ltr'>sed</span> <span class='ocrx_word' id='word_1_254' title='bbox 508 2450 574 2470; x_wconf 88' lang='lat' dir='ltr'>non</span> <span class='ocrx_word' id='word_1_255' title='bbox 598 2439 739 2469; x_wconf 87' lang='lat' dir='ltr'>diffiteor</span> <span class='ocrx_word' id='word_1_256' title='bbox 760 2439 865 2478; x_wconf 80' lang='lat' dir='ltr'>magis</span> <span class='ocrx_word' id='word_1_257' title='bbox 888 2439 969 2469; x_wconf 88' lang='lat' dir='ltr'>mihi</span> <span class='ocrx_word' id='word_1_258' title='bbox 1000 2439 1130 2479; x_wconf 88' lang='lat' dir='ltr'>probari</span> 
     </span>
     <span class='ocr_line' id='line_1_39' title="bbox 272 2491 1128 2534; baseline -0.004 -9"><span class='ocrx_word' id='word_1_259' title='bbox 272 2494 477 2534; x_wconf 85' lang='lat' dir='ltr'>Malaspinae</span> <span class='ocrx_word' id='word_1_260' title='bbox 500 2492 669 2529; x_wconf 85' lang='lat' dir='ltr'>iudicium,</span> <span class='ocrx_word' id='word_1_261' title='bbox 693 2492 748 2532; x_wconf 80' lang='lat' dir='ltr'>qui</span> <span class='ocrx_word' id='word_1_262' title='bbox 771 2491 907 2522; x_wconf 82' lang='lat' dir='ltr'>vetustis</span> <span class='ocrx_word' id='word_1_263' title='bbox 938 2492 1029 2522; x_wconf 88' lang='lat' dir='ltr'>libris</span> <span class='ocrx_word' id='word_1_264' title='bbox 1059 2492 1128 2522; x_wconf 91' lang='lat' dir='ltr'>An-</span> 
     </span>
     <span class='ocr_line' id='line_1_40' title="bbox 272 2546 1129 2586; baseline -0.005 -7"><span class='ocrx_word' id='word_1_265' title='bbox 272 2553 339 2579; x_wconf 88' lang='lat' dir='ltr'>ton.</span> <span class='ocrx_word' id='word_1_266' title='bbox 363 2553 395 2578; x_wconf 86' lang='lat' dir='ltr'>et</span> <span class='ocrx_word' id='word_1_267' title='bbox 416 2547 533 2577; x_wconf 87' lang='lat' dir='ltr'>Faern.</span> <span class='ocrx_word' id='word_1_268' title='bbox 557 2546 743 2576; x_wconf 88' lang='lat' dir='ltr'>auctoribus</span> <span class='ocrx_word' id='word_1_269' title='bbox 773 2550 804 2576; x_wconf 89' lang='lat' dir='ltr'>et</span> <span class='ocrx_word' id='word_1_270' title='bbox 832 2546 995 2576; x_wconf 86' lang='lat' dir='ltr'>sententia</span> <span class='ocrx_word' id='word_1_271' title='bbox 1023 2550 1129 2586; x_wconf 88' lang='lat' dir='ltr'>postu-</span> 
     </span>
     <span class='ocr_line' id='line_1_41' title="bbox 272 2598 1130 2631; baseline -0.003 0"><span class='ocrx_word' id='word_1_272' title='bbox 272 2602 361 2631; x_wconf 85' lang='lat' dir='ltr'>lante</span> <span class='ocrx_word' id='word_1_273' title='bbox 384 2600 525 2630; x_wconf 69' lang='lat' dir='ltr'>debemus</span> <span class='ocrx_word' id='word_1_274' title='bbox 539 2599 814 2629; x_wconf 78' lang='lat' dir='ltr'>summovendum</span> <span class='ocrx_word' id='word_1_275' title='bbox 832 2599 926 2629; x_wconf 76' lang='lat' dir='ltr'>dixit.</span> <span class='ocrx_word' id='word_1_276' title='bbox 950 2598 985 2629; x_wconf 83' lang='lat' dir='ltr'>Si</span> <span class='ocrx_word' id='word_1_277' title='bbox 1002 2598 1130 2631; x_wconf 85' lang='lat' dir='ltr'>tollitur</span> 
     </span>
     <span class='ocr_line' id='line_1_42' title="bbox 274 2649 1129 2700; baseline -0.006 -14"><span class='ocrx_word' id='word_1_278' title='bbox 274 2649 593 2700; x_wconf 71' lang='grc' dir='ltr'><em>τριςαρειοπαγίτας</em></span> <span class='ocrx_word' id='word_1_279' title='bbox 616 2651 677 2681; x_wconf 87' lang='lat' dir='ltr'>crit</span> <span class='ocrx_word' id='word_1_280' title='bbox 700 2651 883 2681; x_wconf 87' lang='lat' dir='ltr'>subiectum</span> <span class='ocrx_word' id='word_1_281' title='bbox 908 2651 965 2681; x_wconf 86' lang='grc'><strong>1111.</strong></span> <span class='ocrx_word' id='word_1_282' title='bbox 989 2652 1074 2682; x_wconf 76' lang='lat' dir='ltr'>nolle</span> <span class='ocrx_word' id='word_1_283' title='bbox 1097 2657 1129 2682; x_wconf 91' lang='lat' dir='ltr'>et</span> 
     </span>
     <span class='ocr_line' id='line_1_43' title="bbox 271 2708 1131 2748; baseline -0.006 -7"><span class='ocrx_word' id='word_1_284' title='bbox 271 2711 394 2741; x_wconf 67' lang='lat' dir='ltr'>abunde</span> <span class='ocrx_word' id='word_1_285' title='bbox 417 2710 457 2740; x_wconf 82' lang='lat' dir='ltr'>ad</span> <span class='ocrx_word' id='word_1_286' title='bbox 479 2710 566 2739; x_wconf 88' lang='lat' dir='ltr'>idem</span> <span class='ocrx_word' id='word_1_287' title='bbox 588 2708 726 2738; x_wconf 81' lang='lat' dir='ltr'>verbum</span> <span class='ocrx_word' id='word_1_288' title='bbox 748 2708 904 2748; x_wconf 74' lang='lat' dir='ltr'>pertinet,</span> <span class='ocrx_word' id='word_1_289' title='bbox 930 2709 957 2738; x_wconf 91' lang='lat' dir='ltr'>si</span> <span class='ocrx_word' id='word_1_290' title='bbox 982 2714 1131 2739; x_wconf 81' lang='lat' dir='ltr'>servatur</span> 
     </span>
     <span class='ocr_line' id='line_1_44' title="bbox 272 2760 1131 2801; baseline -0.003 -7"><span class='ocrx_word' id='word_1_291' title='bbox 272 2764 422 2800; x_wconf 75' lang='lat' dir='ltr'>debemus,</span> <span class='ocrx_word' id='word_1_292' title='bbox 446 2762 529 2792; x_wconf 90' lang='lat' dir='ltr'>illud</span> <span class='ocrx_word' id='word_1_293' title='bbox 552 2762 660 2801; x_wconf 91' lang='lat' dir='ltr'>ipsum</span> <span class='ocrx_word' id='word_1_294' title='bbox 682 2760 804 2792; x_wconf 69' lang='lat' dir='ltr'>abunde</span> <span class='ocrx_word' id='word_1_295' title='bbox 826 2761 912 2791; x_wconf 76' lang='lat' dir='ltr'>nolle</span> <span class='ocrx_word' id='word_1_296' title='bbox 934 2761 1090 2801; x_wconf 88' lang='lat' dir='ltr'>pendebit</span> <span class='ocrx_word' id='word_1_297' title='bbox 1112 2771 1131 2791; x_wconf 87' lang='lat' dir='ltr'>a</span> 
     </span>
     <span class='ocr_line' id='line_1_45' title="bbox 272 2813 1130 2855; baseline -0.003 -8"><span class='ocrx_word' id='word_1_298' title='bbox 272 2817 425 2852; x_wconf 65' lang='lat' dir='ltr'>(lebetam,</span> <span class='ocrx_word' id='word_1_299' title='bbox 449 2815 535 2855; x_wconf 81' lang='lat' dir='ltr'>quod</span> <span class='ocrx_word' id='word_1_300' title='bbox 559 2823 664 2854; x_wconf 88' lang='lat' dir='ltr'>paene</span> <span class='ocrx_word' id='word_1_301' title='bbox 694 2814 868 2844; x_wconf 81' lang='lat' dir='ltr'>absurdam</span> <span class='ocrx_word' id='word_1_302' title='bbox 898 2813 974 2844; x_wconf 85' lang='lat' dir='ltr'>facit</span> <span class='ocrx_word' id='word_1_303' title='bbox 1002 2819 1130 2844; x_wconf 87' lang='lat' dir='ltr'>senten-</span> 
     </span>
     <span class='ocr_line' id='line_1_46' title="bbox 275 2867 1130 2908; baseline -0.004 -7"><span class='ocrx_word' id='word_1_304' title='bbox 275 2871 362 2902; x_wconf 84' lang='lat' dir='ltr'>tiam.</span> <span class='ocrx_word' id='word_1_305' title='bbox 402 2869 511 2908; x_wconf 82' lang='lat' dir='ltr'>Quare</span> <span class='ocrx_word' id='word_1_306' title='bbox 541 2868 625 2899; x_wconf 88' lang='lat' dir='ltr'>illud</span> <span class='ocrx_word' id='word_1_307' title='bbox 653 2868 798 2898; x_wconf 73' lang='lat' dir='ltr'>debemus</span> <span class='ocrx_word' id='word_1_308' title='bbox 827 2867 1034 2904; x_wconf 87' lang='lat' dir='ltr'>delevissem,</span> <span class='ocrx_word' id='word_1_309' title='bbox 1066 2868 1130 2898; x_wconf 87' lang='lat' dir='ltr'>nisi</span> 
     </span>
     <span class='ocr_line' id='line_1_47' title="bbox 271 2920 1048 2953; baseline -0.004 0"><span class='ocrx_word' id='word_1_310' title='bbox 271 2923 369 2953; x_wconf 87' lang='lat' dir='ltr'>simul</span> <span class='ocrx_word' id='word_1_311' title='bbox 392 2921 533 2953; x_wconf 71' lang='lat' dir='ltr'>occidere</span> <span class='ocrx_word' id='word_1_312' title='bbox 554 2921 589 2951; x_wconf 87' lang='lat' dir='ltr'>in</span> <span class='ocrx_word' id='word_1_313' title='bbox 612 2920 714 2951; x_wconf 74' lang='lat' dir='ltr'>occidi</span> <span class='ocrx_word' id='word_1_314' title='bbox 736 2924 820 2951; x_wconf 89' lang='lat' dir='ltr'>esset</span> <span class='ocrx_word' id='word_1_315' title='bbox 842 2920 1048 2950; x_wconf 85' lang='lat' dir='ltr'>mutandum.</span> 
     </span>
    </p>

    <p class='ocr_par' dir='ltr' id='par_1_12' title="bbox 275 2972 1132 3172">
     <span class='ocr_line' id='line_1_48' title="bbox 313 2972 1130 3010; baseline -0.005 -4"><span class='ocrx_word' id='word_1_316' title='bbox 313 2975 445 3006; x_wconf 61' lang='lat' dir='ltr'>Publius</span> <span class='ocrx_word' id='word_1_317' title='bbox 469 2974 605 3006; x_wconf 88' lang='lat' dir='ltr'>Clodius</span> <span class='ocrx_word' id='word_1_318' title='bbox 636 2974 799 3005; x_wconf 78' lang='lat' dir='ltr'>accusavit</span> <span class='ocrx_word' id='word_1_319' title='bbox 827 2973 1018 3010; x_wconf 84' lang='lat' dir='ltr'>Precilium,</span> <span class='ocrx_word' id='word_1_320' title='bbox 1048 2972 1130 3003; x_wconf 87' lang='lat' dir='ltr'>Hor-</span> 
     </span>
     <span class='ocr_line' id='line_1_49' title="bbox 275 3026 1132 3067; baseline -0.002 -8"><span class='ocrx_word' id='word_1_321' title='bbox 275 3029 359 3060; x_wconf 70' lang='lat' dir='ltr'>talus</span> <span class='ocrx_word' id='word_1_322' title='bbox 389 3029 457 3059; x_wconf 80' lang='lat' dir='ltr'>sive</span> <span class='ocrx_word' id='word_1_323' title='bbox 492 3027 689 3058; x_wconf 84' lang='lat' dir='ltr'>Hortensius</span> <span class='ocrx_word' id='word_1_324' title='bbox 726 3027 788 3067; x_wconf 76' lang='grc' dir='ltr'><strong>(Π.</strong></span> <span class='ocrx_word' id='word_1_325' title='bbox 816 3027 866 3063; x_wconf 77' lang='grc'>25,</span> <span class='ocrx_word' id='word_1_326' title='bbox 897 3027 929 3065; x_wconf 79' lang='lat' dir='ltr'>l)</span> <span class='ocrx_word' id='word_1_327' title='bbox 963 3026 1132 3066; x_wconf 85' lang='lat' dir='ltr'>splendide</span> 
     </span>
     <span class='ocr_line' id='line_1_50' title="bbox 276 3079 1130 3120; baseline -0.002 -9"><span class='ocrx_word' id='word_1_328' title='bbox 276 3081 437 3112; x_wconf 86' lang='lat' dir='ltr'>defendit:</span> <span class='ocrx_word' id='word_1_329' title='bbox 465 3080 579 3111; x_wconf 88' lang='lat' dir='ltr'>Cicero</span> <span class='ocrx_word' id='word_1_330' title='bbox 602 3090 704 3120; x_wconf 80' lang='lat' dir='ltr'>quum</span> <span class='ocrx_word' id='word_1_331' title='bbox 726 3089 819 3111; x_wconf 88' lang='lat' dir='ltr'>reum</span> <span class='ocrx_word' id='word_1_332' title='bbox 840 3079 1015 3110; x_wconf 81' lang='lat' dir='ltr'>defendere</span> <span class='ocrx_word' id='word_1_333' title='bbox 1045 3079 1130 3119; x_wconf 81' lang='lat' dir='ltr'>cogi-</span> 
     </span>
     <span class='ocr_line' id='line_1_51' title="bbox 278 3132 1129 3172; baseline -0.004 -7"><span class='ocrx_word' id='word_1_334' title='bbox 278 3138 368 3171; x_wconf 82' lang='lat' dir='ltr'>taret,</span> <span class='ocrx_word' id='word_1_335' title='bbox 392 3134 565 3164; x_wconf 83' lang='lat' dir='ltr'>consilium</span> <span class='ocrx_word' id='word_1_336' title='bbox 589 3132 727 3163; x_wconf 83' lang='lat' dir='ltr'>mutavit</span> <span class='ocrx_word' id='word_1_337' title='bbox 749 3137 856 3163; x_wconf 86' lang='lat' dir='ltr'>motus</span> <span class='ocrx_word' id='word_1_338' title='bbox 880 3132 1028 3172; x_wconf 73' lang='lat' dir='ltr'>precibus</span> <span class='ocrx_word' id='word_1_339' title='bbox 1042 3132 1129 3162; x_wconf 88' lang='lat' dir='ltr'>filiae</span> 
     </span>
    </p>
   </div>
   <div class='ocr_carea' id='block_1_8' title="bbox 1149 1153 1167 3183">
    <p class='ocr_par' dir='ltr' id='par_1_13' title="bbox 1149 1153 1167 3183">
     <span class='ocr_line' id='line_1_52' title="bbox 1149 1153 1167 3183; baseline 0 0"><span class='ocrx_word' id='word_1_340' title='bbox 1149 1153 1167 3183; x_wconf 95' lang='lat' dir='ltr'> </span> 
     </span>
    </p>
   </div>
   <div class='ocr_carea' id='block_1_9' title="bbox 1184 1162 2039 1305">
    <p class='ocr_par' dir='ltr' id='par_1_14' title="bbox 1184 1162 2039 1305">
     <span class='ocr_line' id='line_1_53' title="bbox 1185 1162 2039 1203; baseline 0.001 -11"><span class='ocrx_word' id='word_1_341' title='bbox 1185 1163 1393 1202; x_wconf 79' lang='lat' dir='ltr'>aegrotantis,</span> <span class='ocrx_word' id='word_1_342' title='bbox 1418 1172 1499 1203; x_wconf 85' lang='lat' dir='ltr'>quae</span> <span class='ocrx_word' id='word_1_343' title='bbox 1522 1163 1696 1194; x_wconf 83' lang='lat' dir='ltr'>verebatur</span> <span class='ocrx_word' id='word_1_344' title='bbox 1719 1172 1761 1194; x_wconf 88' lang='grc'>110</span> <span class='ocrx_word' id='word_1_345' title='bbox 1796 1162 1878 1194; x_wconf 88' lang='lat' dir='ltr'>forte</span> <span class='ocrx_word' id='word_1_346' title='bbox 1908 1163 2039 1201; x_wconf 69' lang='lat' dir='ltr'>gravius</span> 
     </span>
     <span class='ocr_line' id='line_1_54' title="bbox 1184 1215 2039 1255; baseline 0.001 -10"><span class='ocrx_word' id='word_1_347' title='bbox 1184 1216 1264 1255; x_wconf 85' lang='lat' dir='ltr'>quid</span> <span class='ocrx_word' id='word_1_348' title='bbox 1286 1216 1320 1246; x_wconf 92' lang='lat' dir='ltr'>in</span> <span class='ocrx_word' id='word_1_349' title='bbox 1344 1220 1563 1247; x_wconf 85' lang='lat' dir='ltr'>accusatorem</span> <span class='ocrx_word' id='word_1_350' title='bbox 1585 1216 1697 1247; x_wconf 89' lang='lat' dir='ltr'>dicens</span> <span class='ocrx_word' id='word_1_351' title='bbox 1711 1216 1859 1247; x_wconf 86' lang='lat' dir='ltr'>animum</span> <span class='ocrx_word' id='word_1_352' title='bbox 1874 1215 1912 1246; x_wconf 83' lang='lat' dir='ltr'>P.</span> <span class='ocrx_word' id='word_1_353' title='bbox 1930 1216 2039 1247; x_wconf 87' lang='lat' dir='ltr'>Clodii</span> 
     </span>
     <span class='ocr_line' id='line_1_55' title="bbox 1184 1266 2038 1305; baseline 0.001 -7"><span class='ocrx_word' id='word_1_354' title='bbox 1184 1268 1373 1299; x_wconf 81' lang='lat' dir='ltr'>offenderet.</span> <span class='ocrx_word' id='word_1_355' title='bbox 1406 1269 1499 1300; x_wconf 87' lang='lat' dir='ltr'>Haec</span> <span class='ocrx_word' id='word_1_356' title='bbox 1522 1274 1570 1299; x_wconf 88' lang='lat' dir='ltr'>est</span> <span class='ocrx_word' id='word_1_357' title='bbox 1592 1269 1627 1299; x_wconf 89' lang='lat' dir='ltr'>ni</span> <span class='ocrx_word' id='word_1_358' title='bbox 1650 1266 1755 1305; x_wconf 86' lang='lat' dir='ltr'>fallor,</span> <span class='ocrx_word' id='word_1_359' title='bbox 1779 1269 1843 1299; x_wconf 88' lang='lat' dir='ltr'>loci</span> <span class='ocrx_word' id='word_1_360' title='bbox 1866 1268 2038 1299; x_wconf 82' lang='lat' dir='ltr'>sententia.</span> 
     </span>
    </p>
   </div>
   <div class='ocr_carea' id='block_1_10' title="bbox 1157 1322 2038 1371">
    <p class='ocr_par' dir='ltr' id='par_1_15' title="bbox 1157 1322 2038 1371">
     <span class='ocr_line' id='line_1_56' title="bbox 1157 1322 2038 1371; baseline 0.001 -20"><span class='ocrx_word' id='word_1_361' title='bbox 1157 1347 1159 1371; x_wconf 38' lang='grc' dir='ltr'><strong><em>ἒ</em></strong></span> <span class='ocrx_word' id='word_1_362' title='bbox 1184 1322 1224 1352; x_wconf 92' lang='lat' dir='ltr'>In</span> <span class='ocrx_word' id='word_1_363' title='bbox 1249 1322 1375 1352; x_wconf 88' lang='lat' dir='ltr'>ultimis</span> <span class='ocrx_word' id='word_1_364' title='bbox 1398 1323 1578 1353; x_wconf 82' lang='lat' dir='ltr'>scribendis</span> <span class='ocrx_word' id='word_1_365' title='bbox 1601 1332 1667 1352; x_wconf 91' lang='lat' dir='ltr'>non</span> <span class='ocrx_word' id='word_1_366' title='bbox 1692 1322 1825 1353; x_wconf 87' lang='lat' dir='ltr'>discessi</span> <span class='ocrx_word' id='word_1_367' title='bbox 1842 1323 1966 1352; x_wconf 90' lang='lat' dir='ltr'>acodd.</span> <span class='ocrx_word' id='word_1_368' title='bbox 1980 1322 2038 1362; x_wconf 86' lang='lat' dir='ltr'>qui</span> 
     </span>
    </p>
   </div>
   <div class='ocr_carea' id='block_1_11' title="bbox 1182 1374 2038 1416">
    <p class='ocr_par' dir='ltr' id='par_1_16' title="bbox 1182 1374 2038 1416">
     <span class='ocr_line' id='line_1_57' title="bbox 1182 1374 2038 1416; baseline 0 -12"><span class='ocrx_word' id='word_1_369' title='bbox 1182 1374 1321 1405; x_wconf 88' lang='lat' dir='ltr'>habent:</span> <span class='ocrx_word' id='word_1_370' title='bbox 1346 1385 1384 1404; x_wconf 67' lang='lat' dir='ltr'>ve</span> <span class='ocrx_word' id='word_1_371' title='bbox 1400 1375 1535 1405; x_wconf 69' lang='lat' dir='ltr'>animum</span> <span class='ocrx_word' id='word_1_372' title='bbox 1550 1374 1658 1405; x_wconf 66' lang='lat' dir='ltr'>Publio</span> <span class='ocrx_word' id='word_1_373' title='bbox 1672 1375 1854 1416; x_wconf 60' lang='lat' dir='ltr'>offenderet,</span> <span class='ocrx_word' id='word_1_374' title='bbox 1870 1375 1935 1405; x_wconf 88' lang='lat' dir='ltr'>nisi</span> <span class='ocrx_word' id='word_1_375' title='bbox 1950 1374 2038 1414; x_wconf 79' lang='lat' dir='ltr'>quod</span> 
     </span>
    </p>
   </div>
   <div class='ocr_carea' id='block_1_12' title="bbox 1156 1429 2037 1469">
    <p class='ocr_par' dir='ltr' id='par_1_17' title="bbox 1156 1429 2037 1469">
     <span class='ocr_line' id='line_1_58' title="bbox 1156 1429 2037 1469; baseline 0 -10"><span class='ocrx_word' id='word_1_376' title='bbox 1156 1462 1158 1468; x_wconf 38' lang='lat'><strong><em>¹</em></strong></span> <span class='ocrx_word' id='word_1_377' title='bbox 1183 1430 1216 1459; x_wconf 93' lang='lat' dir='ltr'>in</span> <span class='ocrx_word' id='word_1_378' title='bbox 1240 1429 1349 1459; x_wconf 69' lang='lat' dir='ltr'>Publio</span> <span class='ocrx_word' id='word_1_379' title='bbox 1371 1430 1522 1460; x_wconf 88' lang='lat' dir='ltr'>ultimam</span> <span class='ocrx_word' id='word_1_380' title='bbox 1545 1430 1674 1460; x_wconf 87' lang='lat' dir='ltr'>literam</span> <span class='ocrx_word' id='word_1_381' title='bbox 1697 1439 1713 1460; x_wconf 89' lang='lat' dir='ltr'>e</span> <span class='ocrx_word' id='word_1_382' title='bbox 1736 1429 1841 1469; x_wconf 88' lang='lat' dir='ltr'>prima</span> <span class='ocrx_word' id='word_1_383' title='bbox 1870 1429 2037 1469; x_wconf 84' lang='lat' dir='ltr'>sequentis</span> 
     </span>
    </p>
   </div>
   <div class='ocr_carea' id='block_1_13' title="bbox 1176 1483 2036 3118">
    <p class='ocr_par' dir='ltr' id='par_1_18' title="bbox 1182 1483 2036 1629">
     <span class='ocr_line' id='line_1_59' title="bbox 1182 1483 2036 1526; baseline -0.001 -12"><span class='ocrx_word' id='word_1_384' title='bbox 1182 1485 1271 1515; x_wconf 85' lang='lat' dir='ltr'>vocis</span> <span class='ocrx_word' id='word_1_385' title='bbox 1299 1484 1386 1515; x_wconf 87' lang='lat' dir='ltr'>male</span> <span class='ocrx_word' id='word_1_386' title='bbox 1415 1485 1586 1524; x_wconf 86' lang='lat' dir='ltr'>repetitam</span> <span class='ocrx_word' id='word_1_387' title='bbox 1616 1484 1732 1515; x_wconf 82' lang='lat' dir='ltr'>delevi.</span> <span class='ocrx_word' id='word_1_388' title='bbox 1769 1483 1959 1526; x_wconf 68' lang='lat' dir='ltr'>offenderes,</span> <span class='ocrx_word' id='word_1_389' title='bbox 1990 1484 2036 1514; x_wconf 91' lang='lat' dir='ltr'>ni-</span> 
     </span>
     <span class='ocr_line' id='line_1_60' title="bbox 1182 1536 2035 1576; baseline -0.001 -10"><span class='ocrx_word' id='word_1_390' title='bbox 1182 1537 1302 1566; x_wconf 87' lang='lat' dir='ltr'>mirum</span> <span class='ocrx_word' id='word_1_391' title='bbox 1325 1536 1351 1566; x_wconf 91' lang='lat' dir='ltr'>si</span> <span class='ocrx_word' id='word_1_392' title='bbox 1382 1546 1443 1576; x_wconf 68' lang='lat' dir='ltr'>ego</span> <span class='ocrx_word' id='word_1_393' title='bbox 1473 1537 1506 1566; x_wconf 84' lang='lat' dir='ltr'>in</span> <span class='ocrx_word' id='word_1_394' title='bbox 1535 1537 1596 1566; x_wconf 86' lang='lat' dir='ltr'>hac</span> <span class='ocrx_word' id='word_1_395' title='bbox 1623 1545 1720 1567; x_wconf 87' lang='lat' dir='ltr'>eausa</span> <span class='ocrx_word' id='word_1_396' title='bbox 1749 1536 1849 1567; x_wconf 73' lang='lat' dir='ltr'>verba</span> <span class='ocrx_word' id='word_1_397' title='bbox 1877 1536 2035 1571; x_wconf 83' lang='lat' dir='ltr'>fecissem,</span> 
     </span>
     <span class='ocr_line' id='line_1_61' title="bbox 1182 1588 1828 1629; baseline -0.002 -10"><span class='ocrx_word' id='word_1_398' title='bbox 1182 1599 1247 1619; x_wconf 91' lang='lat' dir='ltr'>non</span> <span class='ocrx_word' id='word_1_399' title='bbox 1271 1589 1411 1619; x_wconf 87' lang='lat' dir='ltr'>deterius</span> <span class='ocrx_word' id='word_1_400' title='bbox 1434 1593 1490 1626; x_wconf 86' lang='lat' dir='ltr'>est,</span> <span class='ocrx_word' id='word_1_401' title='bbox 1513 1598 1611 1629; x_wconf 81' lang='lat' dir='ltr'>quam</span> <span class='ocrx_word' id='word_1_402' title='bbox 1633 1588 1828 1629; x_wconf 74' lang='lat' dir='ltr'>qffenderem.</span> 
     </span>
    </p>

    <p class='ocr_par' dir='ltr' id='par_1_19' title="bbox 1176 1640 2036 2799">
     <span class='ocr_line' id='line_1_62' title="bbox 1224 1640 2036 1681; baseline -0.002 -10"><span class='ocrx_word' id='word_1_403' title='bbox 1224 1641 1242 1679; x_wconf 64' lang='grc' dir='ltr'>ξ</span> <span class='ocrx_word' id='word_1_404' title='bbox 1273 1642 1301 1671; x_wconf 89' lang='lat'>5.</span> <span class='ocrx_word' id='word_1_405' title='bbox 1343 1640 1454 1679; x_wconf 82' lang='lat' dir='ltr'>Quum</span> <span class='ocrx_word' id='word_1_406' title='bbox 1489 1641 1579 1671; x_wconf 88' lang='lat' dir='ltr'>lacus</span> <span class='ocrx_word' id='word_1_407' title='bbox 1616 1641 1757 1672; x_wconf 86' lang='lat' dir='ltr'>Velinus</span> <span class='ocrx_word' id='word_1_408' title='bbox 1788 1650 1882 1681; x_wconf 85' lang='lat' dir='ltr'>saepe</span> <span class='ocrx_word' id='word_1_409' title='bbox 1919 1650 2036 1679; x_wconf 67' lang='lat' dir='ltr'>agrum</span> 
     </span>
     <span class='ocr_line' id='line_1_63' title="bbox 1184 1693 2035 1731; baseline -0.002 -6"><span class='ocrx_word' id='word_1_410' title='bbox 1184 1694 1359 1725; x_wconf 84' lang='lat' dir='ltr'>Reatinum</span> <span class='ocrx_word' id='word_1_411' title='bbox 1395 1694 1579 1731; x_wconf 83' lang='lat' dir='ltr'>inundaret,</span> <span class='ocrx_word' id='word_1_412' title='bbox 1608 1695 1667 1724; x_wconf 50' lang='lat' dir='ltr'>MR</span> <span class='ocrx_word' id='word_1_413' title='bbox 1698 1693 1817 1725; x_wconf 89' lang='lat' dir='ltr'>Curius</span> <span class='ocrx_word' id='word_1_414' title='bbox 1848 1699 1960 1724; x_wconf 90' lang='lat' dir='ltr'>monte</span> <span class='ocrx_word' id='word_1_415' title='bbox 1989 1693 2035 1723; x_wconf 90' lang='grc'><strong>111-</strong></span> 
     </span>
     <span class='ocr_line' id='line_1_64' title="bbox 1181 1746 2036 1787; baseline 0 -10"><span class='ocrx_word' id='word_1_416' title='bbox 1181 1747 1298 1778; x_wconf 84' lang='lat' dir='ltr'>terciso</span> <span class='ocrx_word' id='word_1_417' title='bbox 1323 1757 1439 1787; x_wconf 85' lang='lat' dir='ltr'>aquam</span> <span class='ocrx_word' id='word_1_418' title='bbox 1461 1748 1495 1778; x_wconf 91' lang='lat' dir='ltr'>in</span> <span class='ocrx_word' id='word_1_419' title='bbox 1518 1747 1550 1778; x_wconf 89' lang='lat' dir='ltr'>fl.</span> <span class='ocrx_word' id='word_1_420' title='bbox 1572 1748 1642 1778; x_wconf 82' lang='lat' dir='ltr'>Nar</span> <span class='ocrx_word' id='word_1_421' title='bbox 1664 1746 1776 1784; x_wconf 81' lang='lat' dir='ltr'>(hodie</span> <span class='ocrx_word' id='word_1_422' title='bbox 1798 1748 1831 1777; x_wconf 74' lang='lat' dir='ltr'>la</span> <span class='ocrx_word' id='word_1_423' title='bbox 1854 1746 1955 1787; x_wconf 78' lang='lat' dir='ltr'>Nera)</span> <span class='ocrx_word' id='word_1_424' title='bbox 1984 1747 2036 1777; x_wconf 89' lang='grc'><strong>110-</strong></span> 
     </span>
     <span class='ocr_line' id='line_1_65' title="bbox 1181 1800 2036 1841; baseline 0 -11"><span class='ocrx_word' id='word_1_425' title='bbox 1181 1801 1287 1831; x_wconf 83' lang='lat' dir='ltr'>duxit.</span> <span class='ocrx_word' id='word_1_426' title='bbox 1338 1802 1389 1831; x_wconf 87' lang='lat' dir='ltr'>Ita</span> <span class='ocrx_word' id='word_1_427' title='bbox 1424 1810 1502 1841; x_wconf 73' lang='lat' dir='ltr'>ager</span> <span class='ocrx_word' id='word_1_428' title='bbox 1537 1801 1696 1832; x_wconf 85' lang='lat' dir='ltr'>Reatinus</span> <span class='ocrx_word' id='word_1_429' title='bbox 1732 1800 1950 1831; x_wconf 87' lang='lat' dir='ltr'>fertilissimus</span> <span class='ocrx_word' id='word_1_430' title='bbox 1988 1806 2036 1830; x_wconf 88' lang='lat' dir='ltr'>est</span> 
     </span>
     <span class='ocr_line' id='line_1_66' title="bbox 1181 1853 2036 1893; baseline -0.001 -10"><span class='ocrx_word' id='word_1_431' title='bbox 1181 1853 1283 1883; x_wconf 87' lang='lat' dir='ltr'>faetus</span> <span class='ocrx_word' id='word_1_432' title='bbox 1319 1858 1472 1893; x_wconf 75' lang='lat' dir='ltr'>tantaque</span> <span class='ocrx_word' id='word_1_433' title='bbox 1508 1859 1577 1884; x_wconf 85' lang='lat' dir='ltr'>erat</span> <span class='ocrx_word' id='word_1_434' title='bbox 1613 1854 1819 1890; x_wconf 85' lang='lat' dir='ltr'>amoenitate,</span> <span class='ocrx_word' id='word_1_435' title='bbox 1848 1858 1885 1883; x_wconf 90' lang='lat' dir='ltr'>ut</span> <span class='ocrx_word' id='word_1_436' title='bbox 1907 1853 2036 1883; x_wconf 89' lang='lat' dir='ltr'>incolae</span> 
     </span>
     <span class='ocr_line' id='line_1_67' title="bbox 1182 1906 2034 1947; baseline 0 -11"><span class='ocrx_word' id='word_1_437' title='bbox 1182 1907 1288 1946; x_wconf 73' lang='lat' dir='ltr'>Tempe</span> <span class='ocrx_word' id='word_1_438' title='bbox 1310 1907 1522 1947; x_wconf 80' lang='lat' dir='ltr'>appellarent,</span> <span class='ocrx_word' id='word_1_439' title='bbox 1546 1912 1576 1938; x_wconf 88' lang='lat' dir='ltr'>et</span> <span class='ocrx_word' id='word_1_440' title='bbox 1599 1918 1618 1937; x_wconf 89' lang='lat' dir='ltr'>a</span> <span class='ocrx_word' id='word_1_441' title='bbox 1641 1906 1778 1938; x_wconf 80' lang='lat' dir='ltr'>Caesare</span> <span class='ocrx_word' id='word_1_442' title='bbox 1800 1907 1944 1947; x_wconf 87' lang='lat' dir='ltr'>Vopisco</span> <span class='ocrx_word' id='word_1_443' title='bbox 1973 1906 2034 1936; x_wconf 80' lang='lat' dir='ltr'>Ila-</span> 
     </span>
     <span class='ocr_line' id='line_1_68' title="bbox 1180 1958 2034 1997; baseline 0.001 -7"><span class='ocrx_word' id='word_1_444' title='bbox 1180 1960 1243 1991; x_wconf 67' lang='lat' dir='ltr'>lz&#39;rce</span> <span class='ocrx_word' id='word_1_445' title='bbox 1271 1970 1378 1990; x_wconf 69' lang='lat' dir='ltr'>Sumen</span> <span class='ocrx_word' id='word_1_446' title='bbox 1406 1961 1511 1991; x_wconf 88' lang='lat' dir='ltr'>dictus</span> <span class='ocrx_word' id='word_1_447' title='bbox 1540 1961 1591 1997; x_wconf 90' lang='lat' dir='ltr'>sit,</span> <span class='ocrx_word' id='word_1_448' title='bbox 1621 1960 1728 1990; x_wconf 89' lang='lat' dir='ltr'>Varro</span> <span class='ocrx_word' id='word_1_449' title='bbox 1762 1961 1802 1991; x_wconf 88' lang='lat' dir='ltr'>de</span> <span class='ocrx_word' id='word_1_450' title='bbox 1835 1960 1874 1991; x_wconf 84' lang='lat' dir='ltr'>R.</span> <span class='ocrx_word' id='word_1_451' title='bbox 1903 1960 1941 1991; x_wconf 87' lang='lat' dir='ltr'>R.</span> <span class='ocrx_word' id='word_1_452' title='bbox 1965 1960 1992 1989; x_wconf 89' lang='grc' dir='ltr'><strong>Ι.</strong></span> <span class='ocrx_word' id='word_1_453' title='bbox 2016 1958 2034 1991; x_wconf 83' lang='grc'>’7</span> 
     </span>
     <span class='ocr_line' id='line_1_69' title="bbox 1181 2013 2034 2054; baseline -0.001 -10"><span class='ocrx_word' id='word_1_454' title='bbox 1181 2019 1262 2044; x_wconf 83' lang='lat' dir='ltr'>extr.</span> <span class='ocrx_word' id='word_1_455' title='bbox 1284 2014 1524 2044; x_wconf 83' lang='lat' dir='ltr'>Interamnates</span> <span class='ocrx_word' id='word_1_456' title='bbox 1553 2019 1671 2051; x_wconf 84' lang='lat' dir='ltr'>autem,</span> <span class='ocrx_word' id='word_1_457' title='bbox 1695 2023 1797 2054; x_wconf 83' lang='lat' dir='ltr'>quum</span> <span class='ocrx_word' id='word_1_458' title='bbox 1822 2013 1923 2043; x_wconf 87' lang='lat' dir='ltr'>nimia</span> <span class='ocrx_word' id='word_1_459' title='bbox 1940 2021 2034 2053; x_wconf 87' lang='lat' dir='ltr'>saepe</span> 
     </span>
     <span class='ocr_line' id='line_1_70' title="bbox 1180 2067 2034 2108; baseline 0 -11"><span class='ocrx_word' id='word_1_460' title='bbox 1180 2077 1338 2107; x_wconf 84' lang='lat' dir='ltr'>aquarum</span> <span class='ocrx_word' id='word_1_461' title='bbox 1361 2067 1453 2107; x_wconf 87' lang='lat' dir='ltr'>copia</span> <span class='ocrx_word' id='word_1_462' title='bbox 1475 2072 1708 2107; x_wconf 86' lang='lat' dir='ltr'>premerentur,</span> <span class='ocrx_word' id='word_1_463' title='bbox 1739 2067 1868 2108; x_wconf 86' lang='lat' dir='ltr'>saepius</span> <span class='ocrx_word' id='word_1_464' title='bbox 1899 2067 1933 2097; x_wconf 89' lang='lat' dir='ltr'>id</span> <span class='ocrx_word' id='word_1_465' title='bbox 1962 2076 2034 2106; x_wconf 79' lang='lat' dir='ltr'>ege·</span> 
     </span>
     <span class='ocr_line' id='line_1_71' title="bbox 1179 2120 2034 2157; baseline 0 -6"><span class='ocrx_word' id='word_1_466' title='bbox 1179 2126 1266 2157; x_wconf 87' lang='lat' dir='ltr'>runt,</span> <span class='ocrx_word' id='word_1_467' title='bbox 1296 2126 1332 2151; x_wconf 90' lang='lat' dir='ltr'>ut</span> <span class='ocrx_word' id='word_1_468' title='bbox 1360 2121 1492 2152; x_wconf 86' lang='lat' dir='ltr'>Reatini</span> <span class='ocrx_word' id='word_1_469' title='bbox 1519 2122 1692 2151; x_wconf 87' lang='lat' dir='ltr'>decursum</span> <span class='ocrx_word' id='word_1_470' title='bbox 1723 2120 1838 2152; x_wconf 86' lang='lat' dir='ltr'>Velini</span> <span class='ocrx_word' id='word_1_471' title='bbox 1867 2121 2034 2151; x_wconf 84' lang='lat' dir='ltr'>obstruere</span> 
     </span>
     <span class='ocr_line' id='line_1_72' title="bbox 1179 2175 2034 2216; baseline 0 -11"><span class='ocrx_word' id='word_1_472' title='bbox 1179 2180 1384 2216; x_wconf 80' lang='lat' dir='ltr'>cogerentur.</span> <span class='ocrx_word' id='word_1_473' title='bbox 1428 2175 1475 2205; x_wconf 91' lang='lat' dir='ltr'>Hi</span> <span class='ocrx_word' id='word_1_474' title='bbox 1498 2175 1657 2212; x_wconf 84' lang='lat' dir='ltr'>Ciceroni,</span> <span class='ocrx_word' id='word_1_475' title='bbox 1688 2175 1721 2205; x_wconf 89' lang='lat' dir='ltr'>in</span> <span class='ocrx_word' id='word_1_476' title='bbox 1751 2176 1844 2206; x_wconf 91' lang='lat' dir='ltr'>cuius</span> <span class='ocrx_word' id='word_1_477' title='bbox 1872 2175 1937 2206; x_wconf 89' lang='lat' dir='ltr'>fide</span> <span class='ocrx_word' id='word_1_478' title='bbox 1966 2181 2034 2206; x_wconf 85' lang='lat' dir='ltr'>erat</span> 
     </span>
     <span class='ocr_line' id='line_1_73' title="bbox 1179 2227 2033 2269; baseline 0 -11"><span class='ocrx_word' id='word_1_479' title='bbox 1179 2229 1238 2258; x_wconf 85' lang='lat' dir='ltr'>illa</span> <span class='ocrx_word' id='word_1_480' title='bbox 1260 2228 1472 2269; x_wconf 85' lang='lat' dir='ltr'>praefectura,</span> <span class='ocrx_word' id='word_1_481' title='bbox 1496 2238 1526 2268; x_wconf 85' lang='lat' dir='ltr'>p.</span> <span class='ocrx_word' id='word_1_482' title='bbox 1550 2227 1674 2258; x_wconf 86' lang='lat' dir='ltr'>Scauro</span> <span class='ocrx_word' id='word_1_483' title='bbox 1699 2227 1781 2267; x_wconf 58' lang='lat'>§272</span> <span class='ocrx_word' id='word_1_484' title='bbox 1795 2237 1927 2258; x_wconf 86' lang='lat' dir='ltr'>causam</span> <span class='ocrx_word' id='word_1_485' title='bbox 1942 2237 2033 2258; x_wconf 84' lang='lat' dir='ltr'>suam</span> 
     </span>
     <span class='ocr_line' id='line_1_74' title="bbox 1178 2280 2033 2312; baseline -0.001 0"><span class='ocrx_word' id='word_1_486' title='bbox 1178 2282 1460 2312; x_wconf 85' lang='lat' dir='ltr'>commendarunt.</span> <span class='ocrx_word' id='word_1_487' title='bbox 1497 2280 1547 2312; x_wconf 82' lang='lat' dir='ltr'>Cf.</span> <span class='ocrx_word' id='word_1_488' title='bbox 1585 2282 1683 2312; x_wconf 86' lang='lat' dir='ltr'>ctiam</span> <span class='ocrx_word' id='word_1_489' title='bbox 1719 2281 1826 2311; x_wconf 85' lang='lat' dir='ltr'>Varro</span> <span class='ocrx_word' id='word_1_490' title='bbox 1857 2282 1897 2311; x_wconf 89' lang='grc'>110</span> <span class='ocrx_word' id='word_1_491' title='bbox 1926 2281 1965 2312; x_wconf 84' lang='lat' dir='ltr'>R.</span> <span class='ocrx_word' id='word_1_492' title='bbox 1994 2280 2033 2312; x_wconf 85' lang='lat' dir='ltr'>R.</span> 
     </span>
     <span class='ocr_line' id='line_1_75' title="bbox 1178 2334 2033 2375; baseline -0.002 -9"><span class='ocrx_word' id='word_1_493' title='bbox 1178 2336 1242 2366; x_wconf 86' lang='lat' dir='ltr'>III.</span> <span class='ocrx_word' id='word_1_494' title='bbox 1266 2336 1293 2372; x_wconf 75' lang='lat'>2,</span> <span class='ocrx_word' id='word_1_495' title='bbox 1317 2335 1375 2375; x_wconf 85' lang='lat' dir='ltr'>qui</span> <span class='ocrx_word' id='word_1_496' title='bbox 1397 2335 1536 2366; x_wconf 86' lang='lat' dir='ltr'>eandem</span> <span class='ocrx_word' id='word_1_497' title='bbox 1550 2335 1634 2365; x_wconf 90' lang='lat' dir='ltr'>hanc</span> <span class='ocrx_word' id='word_1_498' title='bbox 1657 2334 1913 2366; x_wconf 85' lang='lat' dir='ltr'>controversiam</span> <span class='ocrx_word' id='word_1_499' title='bbox 1931 2334 2033 2365; x_wconf 81' lang='lat' dir='ltr'>verbo</span> 
     </span>
     <span class='ocr_line' id='line_1_76' title="bbox 1177 2387 2032 2428; baseline 0 -10"><span class='ocrx_word' id='word_1_500' title='bbox 1177 2393 1345 2419; x_wconf 87' lang='lat' dir='ltr'>memorat.</span> <span class='ocrx_word' id='word_1_501' title='bbox 1369 2387 1439 2419; x_wconf 87' lang='lat' dir='ltr'>Sub</span> <span class='ocrx_word' id='word_1_502' title='bbox 1462 2388 1597 2418; x_wconf 89' lang='lat' dir='ltr'>Tiberio</span> <span class='ocrx_word' id='word_1_503' title='bbox 1619 2389 1733 2418; x_wconf 85' lang='grc' dir='ltr'><strong>01111οι11</strong></span> <span class='ocrx_word' id='word_1_504' title='bbox 1756 2387 1904 2428; x_wconf 88' lang='lat' dir='ltr'>quaestio</span> <span class='ocrx_word' id='word_1_505' title='bbox 1926 2387 1959 2417; x_wconf 90' lang='lat' dir='ltr'>in</span> <span class='ocrx_word' id='word_1_506' title='bbox 1987 2396 2032 2418; x_wconf 86' lang='lat' dir='ltr'>se-</span> 
     </span>
     <span class='ocr_line' id='line_1_77' title="bbox 1178 2441 2032 2482; baseline -0.002 -9"><span class='ocrx_word' id='word_1_507' title='bbox 1178 2448 1257 2473; x_wconf 88' lang='lat' dir='ltr'>natu</span> <span class='ocrx_word' id='word_1_508' title='bbox 1280 2443 1402 2482; x_wconf 72' lang='lat' dir='ltr'>agitata</span> <span class='ocrx_word' id='word_1_509' title='bbox 1426 2448 1483 2473; x_wconf 90' lang='lat' dir='ltr'>est.</span> <span class='ocrx_word' id='word_1_510' title='bbox 1514 2442 1617 2472; x_wconf 85' lang='lat' dir='ltr'>Tacit.</span> <span class='ocrx_word' id='word_1_511' title='bbox 1640 2442 1731 2472; x_wconf 84' lang='lat' dir='ltr'>Ann.</span> <span class='ocrx_word' id='word_1_512' title='bbox 1754 2442 1781 2472; x_wconf 95' lang='lat' dir='ltr'>I.</span> <span class='ocrx_word' id='word_1_513' title='bbox 1805 2441 1853 2473; x_wconf 76' lang='lat'>79.</span> <span class='ocrx_word' id='word_1_514' title='bbox 1891 2441 1957 2472; x_wconf 89' lang='lat' dir='ltr'>Sed</span> <span class='ocrx_word' id='word_1_515' title='bbox 1985 2441 2032 2471; x_wconf 89' lang='lat' dir='ltr'>ni-</span> 
     </span>
     <span class='ocr_line' id='line_1_78' title="bbox 1177 2495 2031 2527; baseline -0.001 -1"><span class='ocrx_word' id='word_1_516' title='bbox 1177 2497 1224 2527; x_wconf 93' lang='lat' dir='ltr'>hil</span> <span class='ocrx_word' id='word_1_517' title='bbox 1247 2501 1419 2526; x_wconf 87' lang='lat' dir='ltr'>mutatum.</span> <span class='ocrx_word' id='word_1_518' title='bbox 1442 2496 1550 2526; x_wconf 85' lang='lat' dir='ltr'>Lacus</span> <span class='ocrx_word' id='word_1_519' title='bbox 1572 2495 1716 2526; x_wconf 86' lang='lat' dir='ltr'>Velinus</span> <span class='ocrx_word' id='word_1_520' title='bbox 1738 2495 1843 2525; x_wconf 85' lang='lat' dir='ltr'>adhuc</span> <span class='ocrx_word' id='word_1_521' title='bbox 1865 2495 1905 2525; x_wconf 90' lang='grc'>110</span> <span class='ocrx_word' id='word_1_522' title='bbox 1919 2498 2031 2525; x_wconf 85' lang='grc'><strong>11101110</strong></span> 
     </span>
     <span class='ocr_line' id='line_1_79' title="bbox 1176 2547 2030 2588; baseline -0.002 -10"><span class='ocrx_word' id='word_1_523' title='bbox 1176 2549 1296 2579; x_wconf 85' lang='lat' dir='ltr'>decidit</span> <span class='ocrx_word' id='word_1_524' title='bbox 1329 2548 1490 2588; x_wconf 89' lang='lat' dir='ltr'>efficitque</span> <span class='ocrx_word' id='word_1_525' title='bbox 1512 2547 1726 2587; x_wconf 67' lang='lat' dir='ltr'>magnificmn</span> <span class='ocrx_word' id='word_1_526' title='bbox 1754 2551 1952 2578; x_wconf 80' lang='lat' dir='ltr'>catarracten</span> <span class='ocrx_word' id='word_1_527' title='bbox 1983 2547 2030 2586; x_wconf 80' lang='lat' dir='ltr'>(la</span> 
     </span>
     <span class='ocr_line' id='line_1_80' title="bbox 1176 2599 2030 2638; baseline -0.002 -7"><span class='ocrx_word' id='word_1_528' title='bbox 1176 2601 1292 2632; x_wconf 72' lang='lat' dir='ltr'>cadum</span> <span class='ocrx_word' id='word_1_529' title='bbox 1315 2600 1398 2631; x_wconf 79' lang='lat' dir='ltr'>delle</span> <span class='ocrx_word' id='word_1_530' title='bbox 1420 2611 1579 2637; x_wconf 75' lang='lat' dir='ltr'>marmore,</span> <span class='ocrx_word' id='word_1_531' title='bbox 1602 2600 1641 2629; x_wconf 73' lang='lat' dir='ltr'>de</span> <span class='ocrx_word' id='word_1_532' title='bbox 1662 2600 1814 2630; x_wconf 72' lang='lat' dir='ltr'>waterval</span> <span class='ocrx_word' id='word_1_533' title='bbox 1835 2610 1897 2630; x_wconf 77' lang='lat' dir='ltr'>van</span> <span class='ocrx_word' id='word_1_534' title='bbox 1913 2599 2030 2638; x_wconf 64' lang='lat' dir='ltr'>Termi),</span> 
     </span>
     <span class='ocr_line' id='line_1_81' title="bbox 1177 2652 2030 2694; baseline -0.002 -10"><span class='ocrx_word' id='word_1_535' title='bbox 1177 2663 1275 2693; x_wconf 87' lang='lat' dir='ltr'>quem</span> <span class='ocrx_word' id='word_1_536' title='bbox 1298 2654 1452 2694; x_wconf 87' lang='lat' dir='ltr'>Byronus</span> <span class='ocrx_word' id='word_1_537' title='bbox 1474 2654 1574 2693; x_wconf 79' lang='lat' dir='ltr'>digne</span> <span class='ocrx_word' id='word_1_538' title='bbox 1595 2652 1715 2684; x_wconf 87' lang='grc'><strong>00011111</strong></span> <span class='ocrx_word' id='word_1_539' title='bbox 1738 2652 1870 2692; x_wconf 83' lang='lat' dir='ltr'>(Childe</span> <span class='ocrx_word' id='word_1_540' title='bbox 1892 2652 2030 2689; x_wconf 86' lang='lat' dir='ltr'>Harold,</span> 
     </span>
     <span class='ocr_line' id='line_1_82' title="bbox 1177 2704 2030 2746; baseline -0.004 -9"><span class='ocrx_word' id='word_1_541' title='bbox 1177 2706 1215 2737; x_wconf 92' lang='lat' dir='ltr'>L.</span> <span class='ocrx_word' id='word_1_542' title='bbox 1239 2706 1300 2736; x_wconf 84' lang='lat' dir='ltr'>IV.</span> <span class='ocrx_word' id='word_1_543' title='bbox 1325 2710 1362 2736; x_wconf 88' lang='lat' dir='ltr'>st.</span> <span class='ocrx_word' id='word_1_544' title='bbox 1394 2705 1540 2744; x_wconf 62' lang='lat' dir='ltr'>(js—72),</span> <span class='ocrx_word' id='word_1_545' title='bbox 1573 2706 1711 2746; x_wconf 84' lang='lat' dir='ltr'>pictores</span> <span class='ocrx_word' id='word_1_546' title='bbox 1741 2705 1890 2736; x_wconf 86' lang='lat' dir='ltr'>certatim</span> <span class='ocrx_word' id='word_1_547' title='bbox 1920 2704 2030 2744; x_wconf 84' lang='lat' dir='ltr'>depin-</span> 
     </span>
     <span class='ocr_line' id='line_1_83' title="bbox 1178 2757 2029 2799; baseline -0.002 -10"><span class='ocrx_word' id='word_1_548' title='bbox 1178 2764 1270 2799; x_wconf 79' lang='lat' dir='ltr'>gunt.</span> <span class='ocrx_word' id='word_1_549' title='bbox 1294 2758 1343 2790; x_wconf 85' lang='lat' dir='ltr'>Cf.</span> <span class='ocrx_word' id='word_1_550' title='bbox 1367 2758 1580 2795; x_wconf 78' lang='lat' dir='ltr'>NiebuhriuS,</span> <span class='ocrx_word' id='word_1_551' title='bbox 1602 2758 1689 2788; x_wconf 84' lang='lat' dir='ltr'>Hist.</span> <span class='ocrx_word' id='word_1_552' title='bbox 1712 2758 1807 2788; x_wconf 88' lang='lat' dir='ltr'>Rom.</span> <span class='ocrx_word' id='word_1_553' title='bbox 1826 2758 1891 2788; x_wconf 92' lang='grc' dir='ltr'><strong>ΙΙΙ.</strong></span> <span class='ocrx_word' id='word_1_554' title='bbox 1906 2757 1967 2788; x_wconf 81' lang='grc'>486</span> <span class='ocrx_word' id='word_1_555' title='bbox 1982 2767 2029 2797; x_wconf 86' lang='lat' dir='ltr'>sq.</span> 
     </span>
    </p>

    <p class='ocr_par' dir='ltr' id='par_1_20' title="bbox 1179 2810 2027 2896">
     <span class='ocr_line' id='line_1_84' title="bbox 1219 2810 2027 2851; baseline -0.002 -10"><span class='ocrx_word' id='word_1_556' title='bbox 1219 2810 1315 2850; x_wconf 71' lang='lat' dir='ltr'>Apud</span> <span class='ocrx_word' id='word_1_557' title='bbox 1334 2812 1496 2842; x_wconf 62' lang='lat' dir='ltr'>consulem.</span> <span class='ocrx_word' id='word_1_558' title='bbox 1532 2811 1681 2851; x_wconf 88' lang='lat' dir='ltr'>Appium</span> <span class='ocrx_word' id='word_1_559' title='bbox 1712 2810 1896 2847; x_wconf 88' lang='lat' dir='ltr'>Claudium,</span> <span class='ocrx_word' id='word_1_560' title='bbox 1930 2818 2027 2850; x_wconf 82' lang='lat' dir='ltr'>quem</span> 
     </span>
     <span class='ocr_line' id='line_1_85' title="bbox 1179 2864 1757 2896; baseline -0.003 0"><span class='ocrx_word' id='word_1_561' title='bbox 1179 2866 1212 2896; x_wconf 86' lang='lat' dir='ltr'>in</span> <span class='ocrx_word' id='word_1_562' title='bbox 1234 2865 1295 2896; x_wconf 89' lang='lat' dir='ltr'>hac</span> <span class='ocrx_word' id='word_1_563' title='bbox 1318 2875 1351 2896; x_wconf 90' lang='lat' dir='ltr'>re</span> <span class='ocrx_word' id='word_1_564' title='bbox 1375 2865 1483 2896; x_wconf 84' lang='lat' dir='ltr'>Varro</span> <span class='ocrx_word' id='word_1_565' title='bbox 1505 2865 1526 2895; x_wconf 95' lang='grc'>1.</span> <span class='ocrx_word' id='word_1_566' title='bbox 1549 2874 1577 2895; x_wconf 91' lang='grc'>0.</span> <span class='ocrx_word' id='word_1_567' title='bbox 1599 2864 1757 2895; x_wconf 85' lang='lat' dir='ltr'>nominat.</span> 
     </span>
    </p>

    <p class='ocr_par' dir='ltr' id='par_1_21' title="bbox 1178 2917 2028 3118">
     <span class='ocr_line' id='line_1_86' title="bbox 1218 2917 2028 2959; baseline 0 -11"><span class='ocrx_word' id='word_1_568' title='bbox 1218 2919 1247 2948; x_wconf 75' lang='lat' dir='ltr'><em>A</em></span> <span class='ocrx_word' id='word_1_569' title='bbox 1269 2919 1317 2948; x_wconf 60' lang='lat' dir='ltr'>M*</span> <span class='ocrx_word' id='word_1_570' title='bbox 1341 2919 1442 2949; x_wconf 69' lang='lat' dir='ltr'>Cario.</span> <span class='ocrx_word' id='word_1_571' title='bbox 1473 2919 1509 2950; x_wconf 90' lang='lat' dir='ltr'>C.</span> <span class='ocrx_word' id='word_1_572' title='bbox 1538 2918 1576 2950; x_wconf 92' lang='lat' dir='ltr'>G.</span> <span class='ocrx_word' id='word_1_573' title='bbox 1605 2919 1775 2959; x_wconf 84' lang='lat' dir='ltr'>Zumptius</span> <span class='ocrx_word' id='word_1_574' title='bbox 1806 2917 1946 2948; x_wconf 86' lang='lat' dir='ltr'>coniecit</span> <span class='ocrx_word' id='word_1_575' title='bbox 1975 2918 2028 2957; x_wconf 82' lang='lat' dir='ltr'>agi</span> 
     </span>
     <span class='ocr_line' id='line_1_87' title="bbox 1178 2971 2028 3013; baseline -0.001 -10"><span class='ocrx_word' id='word_1_576' title='bbox 1178 2974 1217 3004; x_wconf 88' lang='lat' dir='ltr'>de</span> <span class='ocrx_word' id='word_1_577' title='bbox 1240 2973 1299 3003; x_wconf 90' lang='lat' dir='ltr'>illo</span> <span class='ocrx_word' id='word_1_578' title='bbox 1321 2974 1369 3004; x_wconf 63' lang='grc' dir='ltr'>Μ’</span> <span class='ocrx_word' id='word_1_579' title='bbox 1393 2972 1502 3010; x_wconf 90' lang='lat' dir='ltr'>Curio,</span> <span class='ocrx_word' id='word_1_580' title='bbox 1526 2973 1582 3013; x_wconf 89' lang='grc'><strong>(1111</strong></span> <span class='ocrx_word' id='word_1_581' title='bbox 1611 2983 1637 3003; x_wconf 90' lang='lat' dir='ltr'>a.</span> <span class='ocrx_word' id='word_1_582' title='bbox 1669 2972 1727 3003; x_wconf 80' lang='lat'>693</span> <span class='ocrx_word' id='word_1_583' title='bbox 1756 2977 1908 3012; x_wconf 88' lang='lat' dir='ltr'>quaestor</span> <span class='ocrx_word' id='word_1_584' title='bbox 1936 2971 2028 3002; x_wconf 87' lang='lat' dir='ltr'>urba-</span> 
     </span>
     <span class='ocr_line' id='line_1_88' title="bbox 1179 3024 2027 3067; baseline -0.004 -9"><span class='ocrx_word' id='word_1_585' title='bbox 1179 3038 1248 3064; x_wconf 67' lang='grc'><strong>11115,</strong></span> <span class='ocrx_word' id='word_1_586' title='bbox 1277 3038 1304 3058; x_wconf 88' lang='lat' dir='ltr'>a.</span> <span class='ocrx_word' id='word_1_587' title='bbox 1335 3027 1395 3058; x_wconf 86' lang='grc'>696</span> <span class='ocrx_word' id='word_1_588' title='bbox 1424 3028 1574 3058; x_wconf 89' lang='lat' dir='ltr'>tribunus</span> <span class='ocrx_word' id='word_1_589' title='bbox 1602 3027 1645 3067; x_wconf 90' lang='lat' dir='ltr'>pl.</span> <span class='ocrx_word' id='word_1_590' title='bbox 1675 3026 1745 3057; x_wconf 86' lang='lat' dir='ltr'>fuit.</span> <span class='ocrx_word' id='word_1_591' title='bbox 1781 3025 1858 3056; x_wconf 89' lang='lat' dir='ltr'>Vid.</span> <span class='ocrx_word' id='word_1_592' title='bbox 1896 3024 1965 3056; x_wconf 87' lang='lat' dir='ltr'>Cic.</span> <span class='ocrx_word' id='word_1_593' title='bbox 1996 3035 2027 3066; x_wconf 91' lang='lat' dir='ltr'>p.</span> 
     </span>
     <span class='ocr_line' id='line_1_89' title="bbox 1178 3077 2025 3118; baseline -0.005 -7"><span class='ocrx_word' id='word_1_594' title='bbox 1178 3080 1307 3118; x_wconf 84' lang='lat' dir='ltr'>Flacco,</span> <span class='ocrx_word' id='word_1_595' title='bbox 1338 3081 1388 3111; x_wconf 88' lang='grc'><strong>30.</strong></span> <span class='ocrx_word' id='word_1_596' title='bbox 1417 3081 1457 3110; x_wconf 82' lang='grc'><strong>1111</strong></span> <span class='ocrx_word' id='word_1_597' title='bbox 1481 3080 1522 3118; x_wconf 88' lang='lat' dir='ltr'>Q.</span> <span class='ocrx_word' id='word_1_598' title='bbox 1546 3079 1583 3110; x_wconf 89' lang='lat' dir='ltr'>fr.</span> <span class='ocrx_word' id='word_1_599' title='bbox 1605 3080 1632 3110; x_wconf 84' lang='lat'>1.</span> <span class='ocrx_word' id='word_1_600' title='bbox 1654 3080 1683 3115; x_wconf 82' lang='lat'>4,</span> <span class='ocrx_word' id='word_1_601' title='bbox 1707 3080 1735 3109; x_wconf 87' lang='lat'>3.</span> <span class='ocrx_word' id='word_1_602' title='bbox 1760 3077 1824 3108; x_wconf 85' lang='lat' dir='ltr'>Sed</span> <span class='ocrx_word' id='word_1_603' title='bbox 1847 3077 1942 3108; x_wconf 87' lang='lat' dir='ltr'>nobis</span> <span class='ocrx_word' id='word_1_604' title='bbox 1958 3087 2025 3108; x_wconf 90' lang='lat' dir='ltr'>non</span> 
     </span>
    </p>
   </div>
   <div class='ocr_carea' id='block_1_14' title="bbox 1156 3130 2025 3173">
    <p class='ocr_par' dir='ltr' id='par_1_22' title="bbox 1156 3130 2025 3173">
     <span class='ocr_line' id='line_1_90' title="bbox 1156 3130 2025 3173; baseline -0.006 -8"><span class='ocrx_word' id='word_1_605' title='bbox 1156 3137 1158 3144; x_wconf 78' lang='lat'><em>&#39;</em></span> <span class='ocrx_word' id='word_1_606' title='bbox 1177 3133 1345 3173; x_wconf 80' lang='lat' dir='ltr'>persuasit,</span> <span class='ocrx_word' id='word_1_607' title='bbox 1368 3132 1602 3173; x_wconf 78' lang='lat' dir='ltr'>sequimurque</span> <span class='ocrx_word' id='word_1_608' title='bbox 1622 3130 1841 3161; x_wconf 86' lang='lat' dir='ltr'>Niebuhrium</span> <span class='ocrx_word' id='word_1_609' title='bbox 1871 3130 1950 3161; x_wconf 82' lang='lat' dir='ltr'>haee</span> <span class='ocrx_word' id='word_1_610' title='bbox 1980 3138 2025 3161; x_wconf 86' lang='lat' dir='ltr'>re-</span> 
     </span>
    </p>
   </div>
  </div>
 </body>
</html>
