2117 3533
298 168 384 207 228
694 164 778 206 ΕΡ.
812 163 889 204 ΑΙ)
921 163 968 203 Τ.
1001 162 1351 207 POMPONIUM
1382 167 1646 210 ATTICUM.

295 298 415 357 ρίων
447 295 592 356 οὔρια
626 296 828 338 vidissem.
865 299 905 337 2.
940 296 1000 337 De
1034 296 1208 339 Messala
1241 299 1291 340 ad
1322 304 1362 341 te
1396 302 1546 353 statim,
1579 306 1626 343 ut
1659 302 1808 354 audivi,
1843 303 1891 344 de
1918 304 2050 360 Gyaro

294 371 387 412 dedi
418 371 567 420 literas,
612 374 652 410 et
683 369 725 409 id
758 369 891 424 ipsum
924 369 1136 411 consilium
1181 377 1363 414 nostrum
1405 375 1525 416 etiam
1569 374 1618 415 ad
1664 376 1940 427 Hortensium,
1985 377 2050 417 cui

294 442 456 496 quidem
488 442 601 483 valde
636 441 967 500 συνηγωνίων.
1015 442 1092 483 Sed
1124 448 1215 485 tuas
1248 445 1296 486 (16
1331 446 1415 488 eius
1448 447 1590 488 iudicii
1623 447 1873 489 sermonibus
1905 453 1945 489 et
1970 463 2051 490 me-

293 515 453 556 hercule
487 516 595 556 omni
629 516 677 557 de
710 517 767 557 rei
799 515 984 571 publicae
1019 521 1129 558 statu
1161 518 1296 560 literas
1330 526 1529 575 exspecto,
1564 517 1941 579 πολιτικώτερον
1965 521 2050 576 qui—

258 598 271 621 5
293 587 383 628 dein
424 587 591 643 scriptas
633 613 689 617 —
731 589 919 643 quoniam
968 604 1076 630 meos
1122 605 1213 631 cum
1257 592 1509 634 Thallumeto
1556 599 1691 635 nostro
1734 594 1962 650 pervolutas
2004 594 2051 635 li-

236 962 271 988 10

238 1327 267 1353 [5

292 658 384 700 bros
418 685 490 711 —,
525 660 722 701 eiusmodi
755 660 920 714 inquam
952 660 1102 712 literas,
1137 677 1184 703 ex
1218 663 1366 718 quibus
1399 680 1486 719 ego,
1520 681 1601 706 non
1635 666 1731 720 quid
1765 667 1833 708 fiat
1868 693 1924 698 —
1959 683 2051 709 nam

291 731 333 772 id
367 732 428 772 vel
461 732 674 785 Helonius,
710 733 769 774 vir
802 733 1075 788 gravissimus,
1110 740 1242 789 potest
1275 737 1442 789 efficere,
1478 738 1602 779 cliens
1634 743 1730 780 tuus
1765 765 1837 789 -,
1862 741 1931 782 sed
1954 741 2052 796 quid

291 805 473 846 futurum
507 806 571 857 sit,
607 806 743 847 sciam.
786 805 923 856 Quum
956 805 1054 846 haec
1087 806 1208 862 leges,
1250 808 1488 851 habebimus
1534 812 1729 853 eonsules.
1780 812 1926 855 Omnia
1966 829 2052 869 per-

291 878 441 933 spicere
486 879 647 934 poteris,
694 879 741 919 de
787 878 968 929 Caesare,
1015 879 1064 920 de
1108 881 1313 937 Pompeio,
1360 882 1407 923 de
1452 884 1549 938 ipsis
1594 884 1770 926 iudiciis.
1827 886 1868 924 3.
1902 884 2052 925 Nostra

290 957 425 993 autem
457 952 632 1006 negotia,
669 951 857 1006 quonian]
892 952 1041 993 Romae
1076 955 1345 1005 commoraris,
1392 955 1532 997 amabo
1566 961 1620 1006 te,
1667 957 1836 1012 explica.
1886 956 1963 997 Cui
1994 956 2051 997 rei

290 1024 446 1079 fugerat
478 1039 540 1065 me
573 1023 803 1074 rescribere,
847 1023 896 1064 de
931 1028 1039 1065 strue
1084 1025 1269 1077 laterum,
1314 1027 1431 1082 plane
1472 1043 1580 1082 rogo,
1625 1028 1673 1069 de
1717 1044 1833 1084 aqua,
1876 1029 1909 1070 si
1953 1029 2050 1084 quid

288 1097 434 1152 poterit
466 1097 565 1147 fieri,
600 1110 645 1136 eo
679 1096 732 1136 sis
767 1095 913 1147 animo,
949 1112 1027 1151 quo
1062 1098 1163 1140 soles
1197 1114 1303 1150 esse,
1335 1115 1454 1154 quam
1487 1115 1560 1155 ego
1595 1116 1719 1155 quum
1763 1117 1850 1143 mea
1892 1106 2049 1157 sponte,

288 1177 375 1211 tum
406 1171 489 1212 tuis
523 1169 774 1211 sermonibus
809 1170 975 1211 aestimo
1008 1171 1186 1226 plurimi.
1231 1173 1338 1227 Ergo
1371 1178 1417 1214 tu
1449 1173 1492 1214 id
1525 1174 1725 1216 conficies.
1759 1175 1982 1226 Praeterea,
2017 1175 2051 1216 si

289 1243 385 1298 quid
420 1243 633 1298 Philippus
666 1241 839 1297 rogabit,
875 1243 981 1297 quod
1014 1244 1055 1285 in
1089 1249 1160 1286 tua
1204 1260 1244 1286 re
1290 1245 1452 1296 faceres,
1496 1246 1538 1286 id
1582 1247 1699 1288 velim
1744 1247 1877 1289 facias.
1930 1247 2052 1288 Plura

288 1315 459 1357 scribam
493 1315 543 1357 ad
575 1321 630 1366 te,
666 1330 788 1369 quum
824 1316 1061 1367 constitero,
1096 1333 1205 1358 1111110
1239 1333 1346 1359 eram
1379 1318 1496 1373 plane
1529 1319 1572 1360 in
1605 1320 1736 1361 medio
1769 1321 1883 1362 mari.

329 1493 346 1525 7
369 1495 386 1531 †
407 1493 458 1524 vel
479 1493 636 1525 Helonius
658 1513 699 1518 --
721 1497 740 1526 S
762 1496 870 1528 sciam.
896 1495 975 1534 Iam,
1000 1507 1065 1528 eum
1088 1498 1167 1529 haec
1188 1518 1228 1522 -
1251 1500 1287 1529 11
1312 1510 1395 1539 roqo.
1419 1499 1467 1531 De
1488 1511 1571 1542 aqua
1592 1519 1632 1523 -—
1657 1501 1696 1531 13
1718 1501 1841 1542 aliquid
1854 1502 2051 1544 conficies—

288 1547 328 1577 14
348 1547 471 1588 royavz't
492 1565 533 1570 ———
553 1547 588 1578 in
611 1558 669 1580 sua
692 1559 726 1581 re
748 1568 788 1572 -«

287 1711 341 1750 28)
372 1717 403 1743 et
435 1711 517 1743 Sim.
552 1712 645 1743 Bosii
675 1712 723 1752 (in
754 1712 911 1744 Lambini
939 1723 1058 1745 comm.
1079 1715 1144 1746 Lu·
1170 1710 1173 1735 ¹.

286 1769 364 1795 eret.
386 1774 415 1805 p.
445 1764 520 1805 687)
551 1765 756 1803 coniecturis,
785 1770 950 1807 utcunque
979 1767 1144 1807 speciosis,

287 1818 371 1848 nihil
394 1828 476 1859 opus
499 1824 557 1850 est.

327 1871 345 1910 ξ
368 1871 400 1900 2.
419 1870 468 1901 De
490 1870 640 1902 Messala.
669 1872 716 1902 M.
742 1871 896 1903 Valerius
919 1873 1072 1910 Messala,
1096 1883 1145 1904 so-

286 1923 367 1953 roris
389 1923 477 1954 filius
503 1923 544 1961 Q.
566 1924 740 1954 Hortensii
764 1934 791 1954 a.
816 1924 876 1956 700
898 1926 1038 1957 ambitus
1069 1936 1143 1957 reus

286 1976 388 2007 factus
411 1982 458 2007 est
481 1987 499 2007 a
521 1976 563 2015 Q.
585 1977 745 2018 Pompeio
766 1978 864 2009 Rufo.
880 1979 951 2010 Att.
968 1980 1031 2010 IV.
1050 1979 1098 2016 16,
1113 1981 1141 2011 8.

287 2031 328 2068 Q.
352 2030 389 2061 fr.
412 2031 478 2062 III.
502 2032 529 2068 2,
554 2033 582 2062 3.
627 2031 693 2063 Sed
715 2042 818 2073 quum
848 2035 963 2064 consul
993 2035 1085 2066 fieret
1114 2045 1142 2065 a.

285 2083 356 2121 701,
380 2093 479 2115 causa
505 2089 578 2115 acta
600 2094 667 2115 non
692 2091 748 2116 est.
772 2085 951 2117 Accusatio
964 2087 1143 2119 deindere-

285 2143 405 2168 novata
427 2143 476 2168 est
499 2144 531 2168 et
552 2143 680 2178 praeter
701 2139 892 2179 opinionem
909 2140 1055 2171 iudicum
1072 2151 1142 2172 sen-

285 2191 396 2221 tentiis
418 2191 588 2222 absolutus
611 2197 669 2229 est,
693 2193 858 2223 avunculo
880 2203 939 2233 pro
951 2203 990 2224 eo
1002 2195 1142 2225 dicente.

286 2244 416 2275 Caelius
439 2246 479 2275 ad
501 2244 596 2276 Fam.
618 2245 718 2276 VIII.
741 2246 769 2283 2,
805 2247 833 2276 1.
870 2245 918 2277 Cf.
949 2245 1041 2278 Brut.
1072 2249 1142 2278 328.

285 2298 361 2329 Val.
384 2299 476 2329 Max.
500 2299 542 2330 V.
574 2300 602 2336 9,
631 2300 659 2330 2.
704 2299 770 2330 Sed
800 2301 948 2332 nondum
979 2308 1141 2339 evaseram

285 2360 362 2381 nam
385 2351 495 2382 statim
518 2352 591 2391 lege
612 2352 744 2383 Licinia
773 2353 813 2384 de
843 2354 1002 2385 sodalitiis
1035 2360 1143 2395 postu-

286 2404 370 2434 latus
392 2410 425 2435 et
446 2406 682 2436 condemnatus
706 2412 763 2437 est.
798 2408 886 2438 Cael.
917 2407 1010 2439 Fam.
1045 2409 1142 2439 VIII.

286 2459 315 2494 4,
339 2458 366 2488 1.
406 2458 520 2489 Cicero
543 2459 701 2497 dolorem,
733 2470 831 2501 quem
862 2471 904 2492 ex
933 2462 995 2492 hoc
1025 2463 1143 2493 nuntio

287 2515 462 2550 acceperat,
485 2511 664 2542 Hortensio
686 2513 875 2544 declaravit.
906 2514 947 2544 Id
976 2514 1065 2545 enim
1094 2520 1143 2546 est

288 2560 524 2605 συνηγωνίων,
547 2573 605 2603 pro
627 2572 691 2602 quo
714 2564 910 2595 recentiores
933 2565 1047 2598 dicunt
1069 2577 1143 2597 con-

287 2618 408 2649 dolere.

330 2669 417 2701 Meos
439 2669 536 2700 libros
558 2670 598 2700 de
620 2670 668 2701 Re
690 2671 822 2711 publica
844 2673 992 2713 scriptos.
1018 2673 1145 2704 Thallu-

288 2726 387 2754 metus
408 2725 438 2754 et
461 2723 618 2754 Helonius
642 2724 710 2754 sive
733 2724 896 2763 Helenius,
920 2732 955 2757 ut
976 2727 1010 2757 in
1024 2727 1146 2758 Faerni

289 2776 399 2806 codice
426 2776 617 2817 appellatur,
641 2776 747 2815 ignoti
770 2777 922 2809 homines
938 2784 1024 2810 sunt.
1047 2780 1145 2811 Alter

290 2828 412 2858 ironice
434 2833 570 2859 vocatur
591 2827 639 2858 vir
666 2828 880 2867 yramssssz'mus,
910 2831 979 2862 sive
1008 2832 1050 2862 ob
1078 2841 1144 2862 cor-

289 2881 376 2921 poris
399 2881 530 2918 molem,
555 2881 623 2911 sive
647 2881 689 2911 ob
703 2882 873 2921 gravitatis
893 2883 1143 2916 affectationem.

1236 1713 1425 1745 Habebimus
1447 1715 1590 1746 eonsules
1612 1725 1643 1746 o:
1676 1715 1828 1747 consules
1862 1715 1896 1746 in
1927 1725 2051 1746 annum

1192 1772 1383 1807 sequentem
1406 1772 1501 1799 erunt
1522 1768 1632 1798 creati.

1237 1822 1255 1861 ξ
1278 1824 1307 1853 3.
1336 1822 1385 1853 De
1406 1824 1493 1853 strue
1521 1823 1668 1854 laterum.
1707 1823 1799 1854 Haec
1833 1828 1865 1854 et
1891 1832 1974 1864 quae
2005 1833 2051 1855 56-

1191 1881 1338 1916 quuntur
1360 1877 1498 1907 obscura
1520 1881 1605 1914 sunt,
1629 1876 1748 1907 amissa
1769 1876 1875 1908 Attici
1903 1876 2051 1917 epistola,

1170 1929 1243 1973 gcui
1266 1929 1490 1969 respondetur,
1519 1929 1639 1969 partim
1667 1929 1762 1970 culpa
1792 1929 1961 1966 editorum,
1992 1929 2049 1970 qui

1191 1984 1393 2015 divellerunt
1415 1993 1498 2024 quae
1521 1984 1753 2024 coniungenda
1776 1990 1862 2015 sunt.
1899 1984 1935 2015 C.
1963 1984 2050 2015 Mul-

1191 2036 1277 2066 lerus
1299 2035 1385 2066 coni.
1408 2036 1496 2066 Tull.
1519 2046 1550 2077 p.
1574 2037 1612 2066 10
1627 2042 1714 2068 recte
1735 2035 1951 2077 interpunxit.
1974 2037 2047 2067 Iam

1191 2088 1305 2120 Cicero
1327 2089 1480 2120 Atticum
1501 2089 1599 2129 plane
1622 2095 1716 2129 rogat
1736 2090 1776 2120 de
1795 2094 1883 2120 strue
1902 2089 2048 2126 laterum,

1190 2148 1228 2172 ut
1250 2142 1291 2172 sit
1314 2151 1419 2182 aequo
1442 2141 1563 2179 animo,
1587 2142 1627 2172 de
1650 2151 1744 2182 aqua,
1774 2142 1932 2182 quoniam
1961 2142 2049 2172 idem

1190 2194 1288 2235 plane
1311 2203 1427 2234 rogare
1457 2204 1523 2225 non
1553 2198 1690 2234 poterat,
1721 2199 1825 2234 rogat,
1855 2200 1892 2225 ut
1919 2194 1978 2225 tali
2008 2194 2050 2224 sit

1191 2248 1311 2285 animo,
1336 2248 1363 2278 si
1385 2248 1457 2278 fieri
1478 2248 1590 2288 possit.
1631 2247 1809 2287 Ingeniose
1838 2258 1934 2288 porro
1962 2247 2050 2279 Wie-

1190 2301 1307 2332 landus
1331 2301 1365 2331 in
1388 2302 1499 2332 adnot.
1522 2302 1563 2331 ad
1584 2301 1616 2331 h.
1639 2301 1660 2331 l.
1684 2301 1750 2331 III.
1773 2311 1803 2341 p.
1827 2301 1888 2331 294
1909 2310 1955 2341 sq.
1976 2310 2050 2331 con-

1191 2354 1266 2384 iecit
1289 2354 1343 2393 agi
1365 2355 1405 2385 de
1428 2363 1512 2394 aqua
1543 2353 1666 2385 Crabra
1694 2363 1751 2394 per
1780 2363 1895 2393 agrum
1925 2353 2049 2384 Tuscu-

1190 2407 1304 2437 lanum
1316 2408 1474 2438 ducenda.
1490 2407 1556 2447 (Cf.
1570 2407 1663 2438 Fam.
1678 2406 1775 2438 XVI.
1789 2407 1838 2444 18,
1851 2408 1896 2448 3).
1918 2406 2050 2438 struem

1190 2461 1330 2491 laterum
1352 2460 1487 2491 fortasse
1510 2461 1695 2491 destinabat
1717 2460 1944 2501 aquaeductui.
1974 2460 2048 2490 Phi-

1191 2513 1301 2553 lifflous,
1323 2513 1380 2553 qui
1402 2513 1437 2543 in
1466 2514 1580 2544 eadem
1610 2522 1644 2544 re
1674 2518 1874 2544 memoratur
1902 2523 1951 2554 ep.
1981 2522 2047 2553 seq.

1191 2570 1274 2596 extr.
1297 2565 1427 2596 videtur
1449 2566 1556 2605 operis
1579 2566 1760 2596 conductor
1781 2565 1892 2597 fuisse.

1232 2618 1314 2659 Eryo
1334 2618 1410 2659 quid
1427 2619 1581 2659 conjicies.
1596 2619 1674 2650 Una
1688 2619 1782 2650 litera
1796 2624 1923 2650 mutata
1936 2619 2046 2650 Klotz.

1190 2671 1350 2702 restituit:
1382 2670 1464 2712 Eryo
1494 2673 1527 2701 tu
1555 2670 1592 2701 id
1618 2672 1780 2713 conficies;
1816 2672 1904 2712 quod
1943 2671 2048 2712 magis

1191 2727 1306 2767 placet,
1329 2737 1428 2768 quam
1450 2727 1614 2758 Aldinum
1635 2727 1768 2768 aliquid.

1234 2779 1275 2808 Ia
1304 2781 1359 2809 tua
1390 2789 1424 2810 re
1452 2789 1484 2810 o:
1516 2780 1543 2810 si
1579 2785 1634 2811 tua
1662 2789 1713 2811 res
1743 2784 1904 2820 ageretur,
1939 2789 1957 2812 e
1979 2780 2049 2811 cod.

1192 2830 1312 2862 Faerni
1334 2837 1365 2862 et
1387 2832 1476 2862 Med.
1498 2832 1659 2869 revocavi,
1682 2842 1740 2873 pro
1761 2832 1795 2863 in
1816 2842 1875 2862 sua
1897 2842 1932 2862 re
1961 2831 2048 2872 quod

1192 2883 1341 2914 Victorio
1363 2884 1511 2915 debetur.
1534 2884 1587 2915 Ex
1609 2885 1668 2914 illo
1691 2894 1822 2925 quoque
1845 2889 1979 2915 notatur
1999 2893 2046 2914 ro-

334 2935 417 2975 Quid
428 2935 578 2975 flitmum
599 2935 651 2972 sit,
666 2935 771 2965 seiam.
798 2935 893 2976 Quum
910 2943 970 2968 cet.
995 2938 1049 2969 Sic
1069 2939 1144 2969 scri·
1187 2940 1245 2978 yut
1268 2948 1325 2978 pro
1348 2937 1489 2979 roffam&
1514 2938 1570 2969 sed
1584 2943 1726 2979 praestat
1740 2937 1861 2978 rossabit
1875 2938 2048 2979 corrigere,

292 2989 445 3019 bendum.
483 2988 551 3018 Iam
573 2989 662 3029 quod
679 2988 823 3021 Orellius
838 2990 872 3020 in
887 2991 988 3022 altera
1001 2992 1143 3023 editione

290 3046 365 3072 ante
387 3052 418 3072 v.
441 3052 530 3082 quum
567 3041 712 3078 inseruit,
741 3052 808 3072 non
838 3047 885 3073 est
914 3045 1142 3082 necessarium,

290 3102 396 3133 neque
425 3103 443 3123 a
474 3094 633 3126 Cicerone
666 3094 760 3125 initio
790 3096 970 3129 sententiae
998 3098 1143 3138 positum

291 3146 413 3178 fuisset.

1190 2994 1228 3020 ut
1250 2990 1326 3021 fecit
1349 2989 1523 3022 Corradus.

1233 3043 1327 3075 Eram
1345 3045 1444 3085 plane
1466 3044 1499 3075 in
1521 3044 1621 3075 medio
1643 3044 1731 3075 mari.
1753 3043 1855 3075 Delus
1878 3044 1966 3075 enim
1986 3044 2047 3085 Cy·

1192 3096 1322 3128 cladum
1344 3098 1461 3135 media,
1486 3098 1526 3128 dc
1548 3106 1613 3138 qua
1636 3096 1805 3136 Vergilius
1823 3096 1909 3128 Aen.
1927 3096 1991 3127 III.
2007 3095 2045 3129 73

1168 3163 1170 3181 1
1190 3151 1270 3181 mari
1291 3151 1406 3182 colitur
1429 3150 1537 3182 medio.
