2117 3533
251 149 306 188 42

647 144 731 186 ΕΡ.
765 143 842 185 AD
874 144 920 184 T.
955 143 1305 185 POMPONIUM
1338 144 1600 186 ATTICUM.

248 281 431 332 debatur,
465 280 545 322 nisi
578 280 647 334 qui
678 294 751 320 nos
785 277 882 320 deus
916 279 1145 335 respexerit,
1180 279 1359 334 elapsum
1393 280 1493 321 scito
1526 294 1609 321 esse
1639 280 1687 321 de
1716 280 1902 323 manibus
1925 297 2006 323 uno

246 358 321 398 1100
354 354 526 405 1110110103
562 354 595 394 81
627 352 825 394 iudicium
858 357 931 403 est,
966 352 1134 407 triginta
1167 352 1348 393 homines
1392 352 1530 408 populi
1574 352 1745 393 Romani
1785 354 2006 395 levissimos

245 446 289 471 ac
323 427 600 483 nequissimos,
635 426 813 466 numulis
848 425 1035 480 acceptiS,
1070 425 1133 465 ius
1168 440 1211 465 ac
1246 425 1304 466 fas
1339 440 1455 466 0111110
1490 425 1634 476 delere,
1670 430 1722 477 et,
1744 427 1851 480 quod
1869 442 2005 468 omnes

244 518 324 544 non
358 500 475 542 modo
509 500 690 541 homines
724 515 860 540 verum
895 499 1015 540 etiam
1048 499 1221 553 pecudes
1255 499 1407 539 factum
1440 514 1524 540 esse
1558 499 1699 550 sciant,
1736 499 1778 540 id
1811 500 2006 541 Thalnam

217 591 229 615 5
245 580 285 616 et
318 574 508 615 Plautum
541 578 582 614 et
615 573 830 628 Spongiam
865 577 904 612 et
945 576 1094 612 ceteras
1136 572 1366 612 huiusmodi
1411 571 1647 626 quisquilias
1688 576 1861 613 statuere
1905 587 2008 613 111111-

246 661 366 702 quam
399 661 482 687 esse
516 646 681 687 factum.
728 646 766 686 7.
802 644 878 686 Sed
912 649 1059 695 tamen,
1095 649 1140 686 ut
1172 649 1211 686 te
1246 644 1294 685 de
1328 660 1368 685 re
1402 644 1564 699 publica
1597 644 1788 695 consoler,
1822 659 1905 686 non
1936 645 2007 696 ita,

245 725 291 761 ut
325 725 534 775 sperarunt
565 720 674 770 mali,
715 723 829 760 tanto
870 718 1057 773 imposito
1100 719 1157 760 rei
1201 718 1385 773 publicae
1429 718 1605 769 vulnere,
1651 717 1790 758 alacris
1835 718 2009 759 exsultat

246 792 481 848 improbitas
514 793 557 833 in
591 792 770 833 victoria.

835 792 942 832 Nam
975 791 1092 846 plane
1124 792 1181 832 ita
1224 796 1482 846 putaverunt,
1524 805 1648 845 quum
1689 790 1842 845 religio,
1885 805 2010 845 quum

246 865 457 921 pudicitia,
492 880 617 919 quum
649 864 891 905 iudiciorum
924 863 1035 913 fides,
1071 878 1196 918 quum
1217 868 1378 904 senatus
1398 863 1614 904 auctoritas
1642 862 1896 914 concidisset,
1930 864 2011 904 fore

203 951 237 976 1ο
248 944 295 980 ut
328 942 461 994 aperte
496 938 639 978 victrix
672 936 853 991 nequitia
887 951 932 976 ac
964 935 1090 976 libido
1123 951 1271 991 poenas
1305 935 1354 977 ab
1389 936 1539 990 optimo
1573 950 1731 990 quoque
1764 939 1917 991 peteret
1950 935 2013 976 sui

250 1012 410 1061 doloris,
456 1025 574 1065 quem
625 1008 920 1063 improbissimo
965 1008 1110 1063 cuique

1158 1009 1357 1050 inusserat
1408 1009 1595 1049 severitas
1644 1008 1875 1049 consulatus
1919 1007 2013 1048 mei.

253 1090 292 1124 S.
338 1084 452 1126 Idem
485 1098 557 1138 ego
590 1082 657 1123 1110
692 1108 749 1113 —-
783 1096 865 1122 non
898 1081 1005 1121 enim
1038 1081 1138 1121 mihi
1171 1081 1307 1122 videor
1338 1081 1556 1121 insolenter
1588 1081 1763 1135 gloriari,
1799 1095 1923 1135 quum
1964 1079 2012 1120 de

250 1174 311 1198 me
345 1157 451 1212 apud
484 1161 523 1197 te
555 1156 709 1210 loquor,
743 1154 786 1195 in
830 1169 875 1195 ea
915 1154 1146 1210 praesertim
1189 1155 1369 1210 epistola,
1415 1169 1535 1209 quam
1576 1154 1667 1195 nolo
1713 1154 1800 1195 aliis
1839 1154 1920 1208 legi
1954 1178 2010 1182 ——

250 1230 370 1280 idem,
401 1229 580 1281 inquam,
615 1243 688 1283 ego
721 1227 895 1269 recreavi
928 1227 1094 1268 afflictos
1128 1228 1281 1269 animos
1313 1227 1509 1268 bonorum
1553 1242 1879 1282 unumquemque
1921 1241 2012 1267 0011-

206 1315 236 1340 15
250 1306 425 1353 firmans,
459 1301 651 1342 excitans.
686 1299 936 1342 Insectandis
970 1315 1062 1341 vero
1095 1300 1425 1355 exagitandisque
1457 1300 1650 1341 numariis
1683 1299 1886 1341 iudicibus
1933 1314 2013 1340 om-

252 1393 342 1418 nem
377 1375 562 1417 omnibus
595 1374 785 1416 studiosis
819 1388 864 1414 ac
904 1373 1128 1415 fautoribus
1169 1374 1278 1415 illius
1319 1374 1506 1415 victoriae
1546 1370 1828 1431 παρῥησίαν
1870 1372 2012 1428 eripui,

254 1451 438 1490 Pisonem
474 1447 677 1489 consulem
710 1447 821 1487 nulla
853 1446 895 1487 in
929 1461 970 1486 re
1004 1447 1219 1488 consistere
1254 1462 1433 1502 unquam
1468 1462 1556 1487 sum
1590 1462 1743 1501 passus,
1776 1446 2013 1500 desponsam

295 1614 313 1652 ξ
343 1612 372 1643 6.
407 1611 555 1651 Elapsum
590 1610 628 1642 de
663 1610 812 1641 manibus,
856 1610 948 1641 Nihil
978 1621 1111 1652 unquam

254 1666 327 1703 nidi,
350 1666 432 1708 qaod
452 1668 512 1695 lam
538 1676 554 1696 e
569 1665 709 1695 manibus
724 1665 913 1702 elaberetur,
930 1675 1021 1706 quam
1036 1664 1111 1694 milti

253 1723 315 1751 tum
338 1721 384 1750 est
407 1720 517 1759 elapsa
540 1719 600 1749 z'llzt
623 1728 729 1749 ccl-usa.
774 1718 823 1749 De
846 1717 935 1749 Orat.
964 1718 1011 1748 II.
1042 1718 1111 1748 202.

254 1774 330 1804 Uno
359 1774 417 1804 illo
450 1773 572 1803 iudicio
605 1773 667 1802 hoc
703 1771 855 1803 effectum
891 1781 961 1802 esse
997 1771 1111 1802 Cicero

253 1828 400 1863 affirmat,
424 1825 581 1867 quoniam
602 1825 705 1855 omm‘ct
727 1827 801 1854 suat
823 1825 956 1861 incerta,
980 1834 1069 1864 qulam
1092 1834 1111 1853 a

254 1880 321 1911 mre
343 1879 510 1910 discessum
534 1881 589 1915 est,
613 1878 705 1909 Fam.
728 1878 792 1909 IX.
817 1878 864 1914 16,
888 1878 917 1908 3.
946 1877 1112 1908 Absoluto

256 1935 373 1966 (slodio
388 1934 483 1964 malis
495 1938 610 1969 metus,
626 1933 782 1964 securitas
793 1932 885 1963 bonis
895 1937 942 1963 est
951 1933 1111 1972 adempta.

296 1987 410 2028 Populi
424 1987 564 2017 Romani.
581 1986 752 2017 Immerito
766 1986 846 2016 haec
855 1986 953 2016 verba
963 1990 1112 2025 suspecta

256 2041 390 2072 suerunt
411 2041 561 2071 Ernesto.
585 2039 736 2069 Pendent
759 2048 777 2068 a
799 2047 887 2078 seqq.
903 2037 1110 2078 superlativis

254 2095 468 2134 indicantque
490 2092 667 2122 ‹emim-sam
681 2091 850 2128 civitatem,
866 2101 969 2131 quum
979 2091 1114 2130 populus

257 2149 345 2180 solus
362 2158 456 2188 saepe
480 2147 651 2178 inferiores
674 2152 803 2177 tantum
826 2146 913 2176 cives
936 2156 960 2176 8.
984 2146 1113 2185 plebem

257 2204 389 2235 indicet.
413 2202 463 2234 Cf.
486 2202 591 2233 Kritz.
615 2203 655 2232 ad
678 2201 744 2231 Sal.
768 2202 842 2240 Ing.
866 2202 914 2237 85,
940 2201 988 2230 10.
1012 2200 1114 2232 Orell.

258 2258 297 2287 ad
320 2257 414 2287 Brut.
437 2256 494 2285 321
520 2255 569 2285 ed.
591 2254 672 2284 min.
695 2253 788 2283 Fam.
812 2253 838 2282 I.
862 2254 890 2289 4,
915 2252 942 2282 2.

303 2310 505 2352 Quisquz'liaS.
528 2309 689 2340 Similiter
703 2308 736 2338 in
753 2307 837 2338 Sest.
853 2308 893 2337 94
907 2307 1115 2343 Numerium,

259 2364 446 2399 Serranum,
469 2362 607 2393 Aelium
627 2360 812 2402 quisquilias
841 2360 1013 2391 seditionis
1043 2358 1115 2389 Clo-

258 2419 374 2448 dianae
402 2422 580 2457 nuncupat,
611 2421 643 2446 et
670 2415 821 2445 homines
858 2414 983 2444 nullius
1019 2413 1116 2453 pretii

259 2471 338 2501 dicit
360 2480 461 2500 meras
482 2478 582 2509 mugla-5·
604 2468 676 2498 Att.
701 2468 762 2497 VI.
786 2468 814 2503 3,
838 2468 865 2496 5.
889 2466 930 2504 Q.
946 2466 985 2496 fr.
1002 2466 1029 2496 Ι.
1043 2467 1070 2502 2,
1086 2467 1116 2496 4.

259 2526 331 2556 Att.
354 2524 417 2555 VI.
440 2525 467 2559 3,
492 2524 510 2553 2
532 2532 682 2561 nuqarum
705 2520 828 2561 aliquid
849 2520 1038 2561 relinquere.

303 2580 320 2618 ξ
343 2577 372 2610 7.
412 2577 513 2607 Tanto
534 2575 675 2616 imposito
698 2574 743 2605 rei
759 2585 793 2615 p.
822 2575 961 2605 vulnere.
999 2573 1117 2605 Casan-

261 2633 366 2663 bonus
389 2631 530 2661 contulit
551 2631 591 2660 de
613 2629 688 2659 Fin.
712 2628 774 2659 IV.
798 2628 847 2658 66.
888 2627 976 2668 Quae
999 2626 1049 2657 laio
1072 2626 1117 2657 rei

255 2695 288 2724 p.
314 2684 444 2714 vulnera
466 2681 649 2722 imponebat,
672 2680 729 2710 ille
750 2680 885 2710 sanabat
908 2686 940 2710 et
962 2679 1047 2710 infra
1075 2679 1118 2709 V.

262 2739 309 2775 17,
334 2738 362 2768 6.
385 2736 471 2767 Satis
493 2735 588 2766 habeo
611 2734 728 2775 neqolz'i
750 2734 782 2765 z‘n
806 2733 962 2764 sanandis
985 2732 1119 2763 vulneri-

261 2792 324 2827 bus,
348 2800 426 2832 quae
447 2791 520 2819 secut
541 2787 687 2828 imposita
703 2786 896 2827 provinciae.
919 2786 1000 2816 Alia
1021 2790 1120 2816 meta-

263 2846 364 2886 phora
386 2849 494 2875 orator
515 2853 593 2873 usus
623 2847 671 2873 est
700 2852 730 2882 p.
759 2842 872 2871 Plane.
902 2840 941 2872 70
972 2849 1120 2880 ‘'ff-avem

263 2898 310 2928 rei
326 2908 359 2937 p.
383 2896 524 2937 instiqere
545 2894 710 2925 securim.''
746 2894 786 2924 In
811 2893 970 2929 Sestiana,
1002 2892 1039 2925 17
1069 2901 1120 2923 ve-

263 2951 449 2982 hementius
472 2950 604 2980 vulnera
624 2949 732 2979 inusta
755 2947 849 2988 ree'pb.
872 2948 968 2978 dixit.

306 3004 456 3035 &saltat
479 3022 519 3025 —-
547 3002 581 3032 ilz
610 3001 753 3033 victoria.
788 3001 865 3031 Non
894 3001 1004 3031 111111118
1034 3005 1120 3031 reete

264 3059 383 3089 dicitur
405 3057 565 3088 emulum-e
579 3055 721 3092 victoria,
738 3055 825 3096 quod
842 3054 964 3094 legitur
979 3065 1008 3094 p.
1022 3054 1118 3085 Rosc.

265 3113 343 3144 Am.
367 3111 415 3144 17.

310 3164 409 3205 Quum
432 3163 543 3205 relzyz'o
565 3182 605 3187 —-
627 3161 814 3194 concidisset
842 3171 897 3193 „02
928 3170 1003 3193 cum
1032 3169 1122 3192 sacra

1159 1613 1385 1653 polluerentur
1414 1619 1446 1644 et
1475 1618 1644 1643 matronae
1678 1613 1930 1641 attrectarentur
1959 1608 2017 1639 im-

1158 1675 1255 1707 pune,
1292 1676 1368 1696 cum
1401 1665 1524 1696 iudices
1561 1664 1769 1694 immemores
1805 1661 2015 1692 iurisiurandi

1159 1720 1297 1760 pecunia
1333 1724 1463 1758 accepta
1498 1717 1606 1758 palam
1642 1716 1761 1746 noxios
1798 1714 2015 1750 absolverent,

1158 1782 1233 1803 011111
1256 1777 1388 1803 senatus
1411 1780 1525 1802 severa
1546 1770 1676 1801 decreta
1705 1774 1772 1799 tam
1800 1767 1896 1798 facile
1925 1766 2015 1796 irrita

1156 1827 1306 1857 fierent.”
1329 1826 1355 1855 I.
1378 1824 1415 1855 F.
1438 1823 1528 1854 Gron

1201 1878 1257 1909 Sm'
1278 1878 1405 1908 doloris.
1428 1876 1546 1908 Malim
1568 1875 1635 1905 ems
1658 1874 1711 1905 vel
1733 1872 1840 1903 summa·
1861 1871 1989 1903 doloris.

1204 1932 1378 1962 sumserat.
1402 1931 1491 1961 Usus
1515 1935 1563 1960 est
1585 1929 1700 1959 eodem
1723 1926 1880 1968 loquendi
1898 1935 2017 1965 genere

1162 1986 1256 2016 Verr.
1280 1985 1306 2015 I.
1330 1985 1389 2014 113
1413 1994 1467 2013 cur
1482 1983 1564 2012 ltmze
1578 1981 1714 2012 dolorem
1728 1979 1828 2010 cineri
1845 1979 1912 2010 eius
1927 1981 2018 2019 atque

1161 2038 1280 2069 ossibus
1301 2036 1456 2067 inussisti.
1478 2036 1551 2066 Mil.
1574 2036 1613 2065 99
1643 2034 1762 2064 nullum
1792 2032 1867 2063 mila·
1896 2034 2019 2062 tantum

1163 2093 1298 2123 dolorem
1321 2090 1466 2121 inurelis.
1492 2089 1577 2119 Phil.
1602 2088 1665 2118 Xl.
1689 2089 1728 2118 38
1750 2085 2019 2127 te1·tzssoyener2·—-

1163 2146 1251 2186 cupio
1265 2156 1354 2186 quam
1369 2143 1598 2174 acerbissimum
1611 2142 1746 2172 dolorem
1762 2141 1898 2171 inurere.
1923 2140 2019 2171 Catil.

1165 2199 1213 2228 11.
1236 2199 1285 2229 20.
1308 2197 1439 2227 Illorum
1462 2198 1627 2235 temporum
1642 2193 1731 2224 dolor
1744 2193 1867 2224 inustas
1883 2194 1929 2223 est
1945 2191 2019 2221 eivi-

1165 2251 1236 2282 tati.
1256 2251 1407 2281 Verbum
1419 2250 1555 2280 ductum
1570 2258 1589 2278 a
1609 2257 1713 2288 poena
1733 2256 1910 2278 servorum.
1932 2245 2020 2284 Quo-

1165 2306 1262 2337 modo
1285 2310 1394 2335 autem
1417 2314 1435 2334 a
1462 2303 1596 2333 notione
1624 2302 1753 2341 propria
1780 2301 1820 2331 ad
1846 2301 2021 2340 figuratam

1165 2364 1360 2399 perventum
1384 2357 1434 2393 sit,
1450 2355 1650 2394 intelligitur
1663 2354 1723 2384 1100
1740 2353 1908 2393 exemploz
1935 2351 2021 2392 Quae

1166 2414 1240 2442 nola
1269 2409 1456 2440 domesticae
1483 2407 1688 2448 smpitudiuis
1716 2417 1776 2437 non
1803 2406 1910 2436 inusta
1938 2404 2023 2435 vilae

1166 2469 1240 2496 lacae
1263 2464 1336 2495 est?
1359 2463 1430 2494 Cat.
1453 2463 1480 2492 I.
1504 2463 1551 2492 13.
1590 2461 1650 2492 Cff.
1681 2459 1781 2491 Gron.
1805 2464 1836 2490 et
1857 2459 1958 2490 Drak.
1982 2459 2021 2488 ad

1167 2518 1255 2550 Livii
1278 2516 1341 2548 IX.
1365 2517 1392 2553 3,
1418 2516 1466 2545 13.

1211 2571 1228 2610 ξ
1252 2572 1280 2600 8.
1309 2568 1393 2599 Aliis
1415 2566 1489 2608 leqi.
1531 2567 1607 2597 Non
1631 2572 1679 2597 est
1701 2565 1738 2596 ab
1761 2565 1836 2595 aliis
1864 2564 1936 2605 leyz',
1966 2565 2023 2596 sed

1169 2623 1244 2654 aliis
1263 2620 1403 2652 recitari.
1429 2620 1478 2651 Cf.
1501 2619 1600 2650 XVI.
1625 2620 1672 2656 13,
1698 2619 1725 2649 1.
1748 2618 1841 2649 Fam.
1863 2617 1927 2649 IX.
1946 2618 1972 2655 1,
1995 2619 2022 2648 l.

1169 2678 1266 2708 Tusc.
1289 2676 1331 2706 V.
1356 2675 1425 2705 113.
1449 2680 1482 2705 et
1503 2673 1619 2704 Haasii
1642 2674 1716 2703 adn.
1740 2673 1797 2702 551
1822 2673 1863 2702 ad.
1885 2671 2022 2711 Reisigii

1169 2729 1315 2761 Scholas.
1344 2727 1533 2766 Madvigius
1569 2726 1609 2755 ad
1636 2725 1710 2755 Fin.
1746 2735 1777 2765 p.
1812 2723 1851 2756 27
1885 2724 2023 2759 dubitat,

1169 2788 1280 2812 utrum
1302 2781 1387 2810 hanc
1410 2778 1712 2819 interpretationem
1734 2777 1848 2817 probet
1870 2786 1911 2806 an
1926 2775 2022 2806 scribi

1170 2838 1280 2868 iubeat
1298 2835 1336 2866 ab
1360 2835 1444 2871 aliis,
1468 2835 1554 2875 quod
1577 2833 1711 2864 Klotzio
1734 2833 1842 2863 solum
1862 2831 1995 2872 placuit.

1214 2889 1389 2919 Consistere
1410 2887 1577 2928 proprium
1599 2895 1668 2917 esse
1688 2895 1810 2922 eorum,
1824 2884 1880 2925 qui
1896 2884 2025 2914 immoti

1171 2944 1330 2983 impetum
1352 2942 1455 2973 hostis
1478 2946 1678 2981 exspectant,
1702 2949 1796 2979 saepe
1825 2939 1891 2969 iam
1918 2938 2024 2968 obser-

1172 3003 1285 3028 vatum
1313 3001 1371 3026 est.
1410 2995 1487 3025 Vid.
1516 2993 1657 3024 Goeller.
1687 2993 1727 3023 ad
1764 2991 1830 3023 Cic.
1868 2990 1958 3023 Orat.
1994 3000 2024 3030 p.

1172 3050 1242 3080 220.
1264 3048 1408 3079 Ellendt.
1432 3047 1472 3078 de
1495 3046 1585 3078 Orat.
1609 3045 1655 3076 ΙΙ.
1678 3055 1708 3085 p.
1732 3044 1802 3075 266.

1213 3101 1405 3140 Desponsam
1429 3119 1468 3121 —
1490 3098 1592 3129 ademi
1617 3107 1673 3127 no:
1699 3103 1730 3127 et
1753 3107 1811 3127 sua
1829 3100 1862 3127 et
1876 3095 2024 3126 omnium

1172 3154 1327 3197 opinione
1349 3153 1546 3186 destinatam
1573 3150 1777 3193 provinciam
1806 3155 1843 3181 ut
1870 3149 1900 3181 ei
1929 3157 2025 3189 nega-
