2117 3533
280 116 332 158 72
680 121 764 163 ΕΡ.
799 122 875 163 ΑΙ)
907 123 954 163 Τ.
988 120 1339 164 POMPONIUM
1370 117 1635 161 ATTICUM.

275 258 408 294 essent
441 255 652 304 orationes,
687 270 788 308 quae
822 256 1049 297 consulares
1083 255 1402 296 nominarentur.
1458 254 1639 305 Quarum
1672 267 1755 294 una
1787 256 1848 293 est
1890 251 1934 292 in
1978 266 2034 292 se-

274 331 373 367 natu
407 327 498 368 Kal.
534 328 644 378 1311,
680 327 802 369 altera
836 329 885 370 ad
919 329 1114 385 populum
1154 329 1202 370 de
1250 329 1337 383 lege
1383 327 1557 382 agraria3
1601 326 1720 368 tertia
1763 325 1811 366 de
1854 323 2013 366 Othone
2023 342 2034 376 ;

273 404 414 453 quarta
446 416 517 455 pro
550 399 735 453 Rabiri03
771 403 912 456 quinta
946 402 994 443 de
1027 402 1341 458 proscriptorum
1376 401 1489 451 filiis;
1526 404 1651 451 sexta,
1676 414 1768 440 611111
1790 398 2037 454 provinciam

272 471 315 512 in
349 472 533 513 contione
568 473 735 530 deposui
744 494 755 526 3
792 477 973 531 septima,
1012 491 1091 531 qua
1125 475 1344 517 Catilinam
1376 474 1491 516 emisi
1502 493 1513 525 3
1560 478 1713 524 octava,
1760 487 1879 527 quam
1911 471 2038 512 habui

239 556 253 580 5
273 543 322 584 ad
355 544 548 599 populum
580 547 786 601 postridie,
822 564 942 603 quam
975 548 1150 590 Catilina
1181 547 1360 603 profugit
1369 565 1379 598 3
1414 561 1520 587 nona
1549 546 1593 587 in
1626 545 1826 596 contione,
1861 559 1940 599 quo
1974 544 2037 585 die

272 616 507 671 Allobroges
540 619 566 663 †
598 619 838 661 invocarunt
847 639 858 671 3
910 620 1064 662 decima
1107 620 1152 661 in
1199 623 1341 661 senatu
1384 618 1515 660 Nonis
1548 617 1759 659 Decembr.
1795 618 1899 658 Sunt
1927 632 2038 672 prae-

272 694 380 730 terea
414 689 515 731 duae
560 690 712 743 breves,
756 693 871 746 quasi
908 689 1310 750 οέποσπασμάτια
1358 692 1459 746 legis
1505 691 1696 746 agrariae.
1761 691 1853 731 Hoc
1906 695 2038 732 totum

274 762 422 818 σῶμα
455 763 603 805 curabo
636 770 683 805 ut
714 765 878 807 habeas.
914 767 968 808 Et
1002 766 1191 822 quoniam
1224 770 1263 807 te
1299 780 1423 820 quum
1456 764 1617 820 scripta,
1652 769 1738 805 tum
1762 779 1824 806 res
1843 779 1954 805 meae
1972 763 2039 805 de-

273 836 438 886 lectant,
473 837 617 879 iisdem
650 853 698 879 ex
730 838 844 881 libris
877 840 1092 896 perspicies
1126 845 1166 881 et
1199 854 1300 895 quae
1333 839 1524 894 gesserim
1557 843 1596 879 et
1619 853 1720 893 quae
1743 837 1932 879 dixerim:
1969 842 2044 880 aut

218 920 252 946 10
271 925 321 952 116
353 911 621 966 poposcisses3
657 927 729 967 ego
763 913 870 954 enim
901 912 979 955 tibi
1011 928 1074 955 me
1107 928 1189 955 11011
1222 912 1471 967 offerebam}
1515 913 1555 952 4.
1590 911 1710 963 Quod
1744 911 1916 966 quaeris,
1942 909 2040 965 quid

314 1075 332 1106 6
355 1074 560 1118 z‘nvolqarunt
580 1093 623 1099 —

272 1261 413 1292 eundem
436 1259 601 1292 Orellium
623 1262 832 1302 reprehendit
859 1277 870 1288 «ι
883 1264 970 1304 (1110(1
989 1263 1075 1294 113116
1091 1262 1136 1293 lo-

269 1313 436 1344 cutionem
458 1314 495 1344 ab
517 1313 666 1345 iudiciali
688 1314 817 1346 dicendi
835 1326 952 1355 (seuere
973 1325 1006 1346 se
1029 1315 1135 1345 abiun-

265 1376 341 1407 (μη-ε
369 1366 505 1398 miretur
533 1376 594 1398 nec
624 1368 814 1399 meminerit
843 1368 936 1399 Fam.
967 1369 993 1399 I.
1036 1368 1064 1405 9,
1095 1369 1133 1398 23

269 1429 400 1460 prorsus
424 1420 539 1450 eodem
560 1421 659 1451 modo
682 1421 764 1451 dici:
788 1421 826 1451 ab
860 1420 1057 1451 orationibus
1087 1420 1133 1451 di-

269 1471 365 1512 imagso
387 1481 433 1502 me
446 1471 555 1512 fe7·e.'’⁷
600 1472 666 1504 Sed
690 1473 749 1503 illo
771 1473 845 1504 loeo
867 1474 955 1504 hunc
984 1484 1052 1504 non
1081 1474 1133 1504 de-

269 1525 361 1556 fendi
384 1526 492 1557 eidem
514 1526 658 1557 concedo
681 1526 850 1558 Rinkesio.
873 1527 961 1557 Nam
982 1527 1072 1557 aliud
1086 1531 1133 1558 est

269 1579 412 1620 abimeyo,
437 1590 501 1620 (1110
523 1580 624 1611 verbo
647 1579 762 1611 Cicero
784 1591 953 1622 nunquam
974 1591 1051 1612 usus
1075 1585 1131 1618 est,

269 1632 358 1662 aliud
379 1631 517 1671 driunyo,
540 1633 627 1673 quod
657 1633 690 1663 in
721 1633 849 1673 scriptis
878 1633 1043 1664 Tullianis
1072 1632 1132 1664 fre-

269 1692 407 1727 quenter
429 1687 559 1727 legitur.

313 1739 510 1770 consulares.
544 1741 620 1771 Non
643 1741 775 1778 definio,
798 1746 907 1772 utrum
930 1741 995 1772 sint
1018 1751 1035 1771 a
1058 1751 1133 1772 eon·

271 1792 341 1823 sule
364 1792 503 1829 habitae,
527 1803 568 1823 an
599 1793 733 1824 consule
763 1793 924 1833 rebusque
955 1793 988 1823 in
1019 1802 1132 1823 consu-

271 1846 339 1877 latu
361 1847 460 1886 gestis
482 1847 613 1887 dignae.
658 1846 706 1877 Cf.
730 1848 789 1878 hac
812 1857 861 1888 ep.
886 1848 904 1887 ξ
928 1849 944 1877 5
970 1857 1029 1877 72072
1063 1857 1133 1877 con.-

271 1901 379 1931 sulare
401 1900 526 1931 dicium.
552 1900 726 1932 Caeterum
748 1902 788 1933 de
811 1901 951 1941 singulis
974 1901 1041 1931 illis
1063 1911 1130 1931 013-

271 1956 417 1986 tionibus
440 1966 507 1986 non
531 1956 686 1987 dicemus.
719 1955 779 1987 Cff.
804 1966 878 1986 cum
900 1956 962 1985 hoc
986 1956 1058 1985 1060
1082 1954 1133 1985 Ρ1-

272 2018 341 2039 5011.
364 2010 393 2044 4,
417 2018 464 2048 sq.
488 2014 519 2038 et
550 2008 638 2039 Plin.
662 2008 706 2039 H.
729 2009 770 2038 N.
795 2008 874 2039 VII.
907 2008 976 2045 116,
1008 2007 1134 2038 laudati

273 2071 290 2090 a
313 2061 473 2091 Manutio.

317 2114 413 2154 Quium
431 2114 627 2154 provinciam
649 2132 691 2136 —-
713 2113 848 2154 deposui.
885 2113 1050 2144 Solemnis
1074 2112 1135 2143 for-

273 2168 363 2199 mula
395 2169 435 2199 de
463 2168 513 2204 iis,
543 2168 600 2208 qui
628 2167 833 2207 provinciam
862 2165 1134 2206 praetermittunt,

274 2222 308 2252 in
331 2221 535 2261 provinciam
557 2220 604 2250 ire
626 2225 786 2250 recusant.
807 2219 883 2249 Vid.
898 2218 991 2248 Fam.
1005 2218 1046 2247 V.
1062 2218 1090 2254 2,
1105 2219 1133 2248 3.

319 2273 387 2313 Qua
412 2273 580 2303 Catilinam
604 2272 703 2303 emis-i,
726 2271 870 2303 Orellius
893 2265 1016 2316 ἄκυρον
1041 2276 1136 2301 vocat

1185 1267 1295 1292 tamen
1318 1260 1352 1290 id
1373 1260 1557 1291 obtruditur
1586 1259 1739 1291 Ciceroni
1769 1263 1801 1290 et
1829 1258 2042 1290 eximendum

1185 1318 1232 1344 est
1254 1323 1271 1344 e
1294 1322 1433 1344 numero
1454 1314 1521 1344 τῶν
1551 1310 1648 1352 ἅπαξ
1676 1310 1857 1357 εἰρημένων
1880 1312 1966 1353 apud
1986 1311 2041 1343 El-

1170 1367 1347 1414 'lendtium
1368 1369 1409 1398 ad
1432 1368 1466 1399 ll.
1490 1369 1529 1400 de
1553 1368 1641 1401 Orat.
1665 1369 1710 1399 II.
1740 1379 1771 1409 p.
1801 1368 1871 1405 213,
1902 1367 1979 1408 quia
2006 1371 2043 1398 ut

1181 1420 1359 1452 Rinkesius
1381 1431 1411 1461 p.
1434 1420 1562 1452 XXIII
1584 1421 1819 1452 demonstravit
1832 1430 1899 1451 non
1918 1424 2043 1461 poterat
2092 1444 2095 1446 .

1182 1474 1247 1505 dici
1269 1474 1309 1504 de
1331 1473 1556 1514 Allobrogum
1578 1473 1700 1505 indicio
1723 1474 1757 1504 in
1781 1473 1871 1504 curia
1892 1472 1988 1504 facto.

1227 1528 1340 1571 σῶμα,
1364 1531 1399 1557 ut
1422 1535 1532 1566 eorpus
1555 1527 1595 1558 de
1617 1536 1715 1567 opere
1737 1527 1772 1557 in
1788 1531 1893 1567 partes
1913 1526 2043 1567 digesto

1180 1588 1362 1624 usurpatur.
1388 1582 1437 1613 Cf.
1460 1582 1552 1613 Fam.
1577 1583 1619 1613 V.
1643 1583 1692 1620 12,
1715 1584 1744 1613 4.
1768 1582 1809 1621 Q.
1827 1582 1865 1613 fr.
1881 1583 1926 1613 II.
1942 1583 1991 1620 13,
2009 1585 2039 1614 4.

1182 1636 1248 1668 Sed
1271 1636 1434 1667 orationes
1457 1634 1557 1666 variis
1581 1635 1614 1665 in
1638 1635 1743 1666 causis
1764 1635 1905 1672 habitae,
1929 1635 1957 1666 si
1974 1646 2042 1667 uno

1181 1687 1350 1719 volumine
1375 1688 1523 1724 eduntur,
1546 1697 1614 1718 non
1638 1687 1784 1718 efficiunt
1806 1689 1921 1733 σῶμα.
1947 1688 2042 1720 Pote-

1181 1748 1253 1773 rant
1284 1742 1346 1772 hoc
1369 1742 1504 1773 nomine
1534 1743 1701 1783 designari
1723 1742 1887 1775 orationes
1909 1744 2041 1775 habitae

1181 1796 1215 1826 in
1239 1795 1286 1826 M.
1309 1795 1505 1832 Antonium,
1528 1806 1595 1826 non
1619 1796 1739 1826 debent
1761 1797 1925 1828 orationes
1948 1807 1967 1828 a
1988 1797 2040 1829 Ci-

1181 1857 1299 1878 cerone
1321 1847 1456 1878 consule
1485 1847 1626 1879 habitae.
1670 1848 1761 1879 Male
1790 1858 1921 1889 quoque
1950 1850 2042 1881 omit-

1181 1905 1294 1931 tuntur
1316 1901 1478 1932 orationes
1501 1911 1559 1941 pro
1583 1901 1619 1933 C.
1643 1901 1765 1933 Pisone
1789 1901 1911 1942 (Flacc.
1935 1903 1990 1943 98)
2011 1909 2044 1935 et

1182 1964 1240 1994 pro
1262 1953 1302 1983 L.
1325 1954 1474 1990 Murena,
1498 1954 1647 1984 omnium
1669 1954 1736 1985 fere
1754 1955 2042 1995 praestantissima.

1223 2006 1263 2037 Et
1285 2007 1429 2048 quoniam
1453 2026 1495 2030 ——
1516 2007 1686 2039 delectant.
1712 2009 1786 2039 Nisi
1808 2009 1904 2050 plura
1926 2010 1960 2040 in
1981 2010 2042 2041 hae

1184 2061 1202 2100 ξ
1225 2060 1343 2091 vitiosa
1365 2065 1482 2098 essent,
1499 2061 1695 2101 recepissem
1710 2062 1929 2093 necessariam
1943 2063 2042 2094 Bakii

1183 2115 1419 2145 correctionem
1440 2116 1504 2144 tam
1526 2133 1567 2137 —
1589 2125 1679 2154 quam
1701 2125 1760 2155 pro
1784 2115 1833 2152 iis,
1849 2125 1931 2156 quae
1949 2117 2042 2148 codd.

1184 2168 1263 2198 dant
1285 2178 1375 2209 quum
1403 2187 1445 2190 -—
1467 2170 1541 2198 tum.

1226 2220 1342 2251 Iisdem
1366 2231 1404 2252 ex
1427 2221 1517 2252 libris
1540 2232 1571 2252 o:
1597 2231 1614 2252 e
1636 2223 1872 2254 commentario
1894 2224 2042 2255 consula—

1184 2280 1235 2305 tus
1257 2275 1322 2306 mei
1346 2280 1377 2306 et
1399 2285 1443 2306 ex
1464 2275 1532 2306 illis
1547 2275 1757 2307 orationibus.
1776 2275 1951 2316 Per-efficies
1964 2288 2043 2319 quae

274 2340 341 2360 non
365 2329 481 2360 additis
504 2339 543 2359 e.z·
565 2328 648 2365 urbe,
672 2337 755 2367 quae
783 2327 882 2357 verba
914 2327 1077 2357 adduntur
1105 2336 1134 2365 p.
1178 2328 1328 2368 yesserz'm
1350 2328 1467 2359 merito
1489 2333 1525 2358 ut
1547 2329 1659 2369 inepta
1679 2334 1845 2360 notantur.
1876 2330 1945 2361 Vid
1965 2331 2044 2362 Rin-

275 2382 357 2413 Sull.
383 2381 431 2413 17.
454 2382 540 2412 Mur.
564 2382 582 2411 6
606 2380 789 2421 (Catilinam
812 2397 854 2400 —
876 2389 915 2408 ea·
938 2378 1012 2408 urbe
1040 2388 1134 2418 expec-

275 2435 375 2473 lisse).
401 2435 465 2465 Pis.
491 2436 508 2464 5
533 2433 654 2474 (effredi
677 2444 715 2463 ex
738 2433 810 2463 arbe
833 2431 939 2473 iussi).
962 2431 1029 2462 Sed
1049 2431 1134 2461 Atti-

276 2498 331 2518 cus
361 2498 439 2518 sane
480 2498 547 2517 non
580 2486 784 2517 desiderabat
821 2485 1024 2516 mentionem
1060 2484 1133 2520 loci,

274 2543 362 2573 unde
386 2541 529 2572 Catilina
551 2541 670 2572 eiectus
693 2540 799 2570 fuerit.
839 2539 890 2569 Ne
913 2538 1038 2569 librarii
1066 2538 1133 2578 qui-

276 2597 352 2627 dem
374 2596 609 2626 desiderarunt.
625 2612 666 2616 —
680 2594 731 2624 Nc
747 2593 819 2633 quis
839 2593 977 2623 verbum
994 2592 1134 2622 emittere

278 2650 312 2680 in
334 2650 395 2680 hac
425 2658 459 2679 re
489 2649 596 2679 lenius
626 2653 724 2688 putet,
755 2646 906 2687 inspiciat
935 2645 1005 2677 Cat.
1034 2646 1060 2676 I.
1085 2645 1133 2682 27,

277 2703 322 2733 II.
347 2703 374 2739 1,
398 2706 451 2731 aut
481 2701 537 2741 qui
568 2701 619 2731 his
654 2700 701 2730 uti
736 2710 803 2729 non
837 2699 908 2729 vult
941 2699 1051 2728 locum
1081 2698 1133 2728 cit.

278 2766 308 2796 p.
333 2755 435 2786 Sulla.
458 2772 499 2776 —-
523 2753 621 2791 Quod
642 2762 720 2783 vero
735 2751 878 2783 Orellius
894 2761 953 2791 pro
965 2761 1025 2791 qua
1040 2752 1134 2782 scrib.

278 2815 388 2841 censet
410 2819 508 2850 quum,
533 2818 598 2848 quo
620 2807 708 2837 ducit
736 2806 834 2837 lectio
864 2806 934 2836 cod.
957 2805 1045 2836 Med.
1068 2816 1134 2846 quo,

278 2864 312 2894 id
333 2863 430 2903 plane
452 2862 657 2902 probandum
679 2860 816 2890 videtur.

320 2919 336 2954 †
357 2916 549 2946 Ina-oemunt
570 2915 604 2945 in
627 2915 716 2945 Med.
749 2918 797 2944 est
824 2913 988 2943 vitiosum.
1033 2912 1137 2944 Coni-

280 2970 425 3008 gendum
451 2973 528 3009 puto
558 2967 753 2997 indicarunt.
796 2966 883 2995 Nam
918 2965 1005 3005 quod
1034 2964 1136 3004 vulgo

280 3023 432 3053 scribitur
454 3022 654 3061 inrolyarnat
684 3021 820 3051 debetur
849 3019 958 3055 Bosio,
990 3018 1047 3058 qui
1070 3028 1134 3049 me-

279 3078 420 3108 minerat
444 3077 526 3107 illud
537 3074 756 3116 patefaciendi
778 3074 912 3105 notione
928 3073 995 3112 legi
1010 3073 1045 3103 in
1061 3072 1133 3104 Gel-

1182 2382 1239 2413 kes
1261 2392 1291 2422 p.
1316 2381 1430 2412 XXV.
1465 2382 1590 2413 Bakius
1613 2393 1642 2423 p.
1666 2384 1695 2413 4.
1729 2383 1870 2420 Atticus,
1894 2384 1951 2424 qui
1979 2385 2038 2415 illo

1182 2441 1327 2476 tempore
1349 2437 1473 2467 Romae
1502 2437 1616 2474 fuerat,
1656 2437 1777 2478 quique
1806 2438 1874 2478 ipse
1903 2440 1943 2470 de
1973 2439 2040 2470 illis

1182 2489 1277 2520 rebus
1300 2488 1479 2528 scripserat,
1513 2489 1657 2520 triennio
1690 2496 1763 2530 post
1792 2500 1859 2521 non
1889 2496 1958 2522 erat
1987 2493 2041 2524 do-

1183 2541 1315 2577 cendus,
1339 2550 1422 2580 quae
1445 2540 1561 2572 Cicero
1583 2542 1699 2572 consul
1722 2549 1875 2581 gesserat.

1227 2594 1291 2623 Aut
1323 2604 1362 2624 ne
1384 2594 1597 2634 poposeisses;
1627 2605 1682 2635 eqo
1711 2597 1791 2626 enim
1820 2597 1876 2627 libi
1904 2608 1950 2627 me
1978 2608 2040 2629 non

1184 2647 1359 2688 offerebam.
1405 2647 1628 2685 Quamobrem
1661 2648 1742 2678 haec
1776 2649 1876 2679 verba
1911 2649 2038 2681 Orellio

1184 2710 1299 2740 parum
1325 2701 1469 2731 humana
1503 2706 1598 2741 atque
1633 2702 1714 2732 adeo
1755 2702 1935 2733 subrustiea
1969 2704 2040 2734 visa

1185 2753 1260 2789 sint,
1284 2763 1350 2783 non
1374 2754 1534 2794 intelligo.
1564 2755 1604 2785 In
1628 2755 1765 2795 epistola
1785 2756 1940 2788 familiari
1960 2758 2040 2789 talia

1184 2816 1251 2836 non
1275 2806 1454 2837 offendunt.
1483 2807 1532 2837 Ne
1547 2808 1742 2847 poposcisses
1765 2814 1812 2840 est
1832 2820 1899 2841 non
1922 2812 2039 2843 debue-

1184 2870 1234 2890 ras
1256 2870 1399 2900 poscere.
1441 2861 1698 2903 IVesenbergius
1720 2863 1753 2893 in
1777 2863 1870 2895 Obss.
1898 2865 1968 2896 crit.
1997 2867 2036 2898 ad

1185 2913 1267 2944 Sest.
1290 2925 1319 2954 p.
1343 2916 1360 2945 3
1383 2917 1582 2956 comparavit
1603 2917 1711 2947 locuni
1734 2928 1752 2947 a
1774 2927 1807 2949 se
1830 2920 2038 2950 emendatum

1185 2967 1218 2998 in
1242 2968 1336 2998 Verr.
1360 2969 1404 2999 11.
1429 2970 1447 3009 ξ
1470 2969 1509 3001 57
1532 2970 1572 3000 al.
1617 2970 1768 3001 Similem
1790 2972 1946 3002 orationis
1975 2972 2036 3004 for-

1185 3032 1272 3052 mam
1287 3022 1436 3054 invenies
1450 3023 1535 3054 infra
1550 3024 1646 3054 XVI.
1663 3025 1711 3061 11,
1729 3024 1756 3056 7.
1774 3024 1901 3055 Publice
1914 3026 2034 3066 scripsi,

1182 3073 1210 3103 si
1233 3074 1278 3103 ati
1300 3075 1393 3105 vellet
1415 3076 1460 3106 eis
1489 3075 1647 3106 Valerz'us:
1670 3079 1725 3107 aut
1740 3076 1815 3107 milti
1829 3077 2032 3109 nomz'aamit-

279 3132 316 3163 lii
345 3131 385 3162 N.
416 3132 457 3162 A.
489 3130 539 3161 eff.
568 3132 639 3161 intt.
670 3130 711 3160 ad
739 3128 821 3160 Gell.
853 3128 918 3159 111.
943 3127 991 3157 11.
1035 3126 1134 3158 Falso
1183 3129 1273 3158 teret.
1297 3128 1337 3160 ad
1361 3128 1402 3167 Q.
1428 3128 1468 3159 fr.
1498 3129 1560 3160 111.
1590 3130 1618 3160 4.
1649 3130 1683 3161 3:
1713 3130 1908 3161 Alterutrum
1927 3130 2033 3172 defen-
