2117 3533
285 168 341 206 68

684 167 769 208 ΕΡ.
804 167 880 208 AD
913 167 959 208 T.
993 167 1343 215 POMPONIUM
1375 174 1639 217 ATTICUM.

533 317 602 364 Οἱ
630 318 727 378 μὲν
760 319 874 382 παρ’
910 316 1059 368 οὐδέν
1091 321 1205 381 εἰσι,
1244 331 1349 379 τοῖς
1382 322 1426 371 δ’
1462 322 1611 373 οὐδὲν
1640 326 1791 387 μέλει.

282 430 388 471 Mihi
421 445 512 472 vero
545 435 591 472 ut
623 431 832 473 invideant
863 433 1069 488 piscinarii
1102 437 1242 489 nostri,
1277 443 1348 480 aut
1381 439 1554 481 scribam
1587 439 1636 481 ad
1669 445 1708 481 te
1751 439 1848 481 alias
1892 442 1962 480 aut
2001 439 2045 480 in

282 519 537 559 congressum
570 509 752 546 nostrum
785 506 1007 548 reservabo.
1049 509 1085 548 A
1120 510 1230 551 curia
1263 516 1396 553 autem
1429 512 1540 554 nulla
1572 527 1635 553 me
1667 527 1729 553 res
1763 511 1938 564 divellet,
1982 511 2045 553 vel

282 576 389 631 quod
421 577 478 617 ita
510 582 663 619 rectum
698 583 770 630 est,
805 580 867 620 vel
898 580 1005 634 quod
1029 581 1148 623 rebus
1170 584 1269 625 meis
1291 586 1463 627 maxime
1487 591 1812 637 consentaneum,
1836 585 1899 626 vel
1921 584 2043 640 quod,

246 664 259 689 5
281 665 303 691 a
337 655 478 691 senatu
511 652 653 706 quanti
683 653 788 703 fiam,
831 653 996 695 minime
1037 670 1100 697 me
1140 658 1333 711 poenitet.
1389 661 1429 700 4.
1464 659 1525 701 De
1570 659 1779 715 SicyoniiS,
1824 663 1872 700 ut
1911 657 1961 699 ad
2004 662 2044 699 te

281 722 421 777 scripsi
454 728 584 776 antea,
619 739 700 766 non
732 725 905 767 multum
939 728 1023 783 spei
1055 733 1115 770 est
1146 730 1190 772 in
1224 736 1380 773 senatu.
1423 733 1554 774 Nemo
1588 738 1648 775 est
1691 733 1798 775 enim
1837 731 1932 783 iam,
1975 730 2046 786 qui

280 800 482 850 queratur.
518 797 665 848 Quare,
701 798 734 838 si
766 798 808 839 id
839 804 1057 855 exspectas,
1076 801 1241 857 longum
1265 809 1338 845 est.
1372 805 1465 846 Alia
1487 805 1565 857 via,
1589 807 1623 848 si
1643 821 1722 861 qua
1743 809 1870 862 potes,
1894 818 2044 859 pugna.

278 868 415 920 Quum
448 874 508 910 est
540 875 687 922 actum,
721 887 850 926 neque
884 873 1204 917 animadversum
1237 882 1310 928 est,
1345 877 1395 918 ad
1428 893 1526 932 quos
1559 879 1790 934 pertineret,
1833 882 1873 919 et
1896 877 2043 933 raptim

278 942 321 983 in
355 958 440 984 eam
474 945 713 986 sententiam
746 945 898 1000 pedarii
933 954 1208 990 cucurrerunt.
1250 950 1478 992 Inducendi
1512 956 1674 993 senatus
1708 950 1882 992 consulti
1914 954 2044 991 matu-

224 1031 258 1057 10
278 1016 375 1057 ritas
407 1017 587 1058 nondum
622 1022 695 1069 est,
731 1019 838 1072 quod
871 1035 1001 1074 neque
1035 1026 1142 1073 sunt,

1178 1022 1249 1077 qui
1282 1028 1515 1078 querantur,
1561 1029 1601 1066 et
1633 1025 1751 1066 multi
1782 1023 1929 1079 partim
1961 1038 2042 1064 ma-

277 1088 504 1140 levolentia,
538 1090 685 1145 partim
729 1091 917 1146 opinione
959 1094 1174 1148 aequitatis
1219 1095 1484 1138 delectantur.
1534 1098 1573 1137 5.
1615 1097 1804 1138 Metellus
1843 1101 1939 1138 tuus
1983 1101 2044 1138 est

277 1161 461 1216 egregius
495 1162 648 1203 consul.
699 1164 837 1204 Unum
870 1165 1130 1220 reprehendo,
1166 1167 1273 1222 quod
1320 1169 1447 1210 otium
1492 1169 1672 1210 nuntiari
1715 1184 1735 1210 6
1780 1169 1913 1211 Gallia
1960 1184 2043 1210 non

277 1249 422 1288 magno
457 1250 572 1291 opere
605 1236 769 1290 gaudet.
812 1237 949 1293 Cupit,
985 1239 1116 1290 credO,
1157 1240 1421 1297 triumphare.
1467 1243 1556 1283 Hoc
1598 1242 1740 1283 vellem
1780 1241 2020 1283 mediocrius
2030 1259 2042 1292 3

278 1312 407 1350 cetera
440 1309 611 1364 egregia.
657 1310 753 1351 Auli
786 1310 892 1352 filius
924 1327 1016 1353 vero
1049 1313 1106 1354 ita
1140 1328 1180 1354 se
1213 1314 1330 1369 gerit,
1364 1320 1412 1356 ut
1444 1315 1530 1357 eius
1564 1315 1795 1356 consulatus
1828 1330 1910 1357 non
1951 1329 2043 1356 con-

220 1394 254 1420 15
278 1380 433 1422 sulatus
468 1381 533 1432 sit,
569 1382 637 1423 sed
672 1383 813 1438 Magni
846 1385 973 1425 nostri
1007 1381 1242 1430 ὑπώπιον.
1284 1391 1325 1428 6.
1360 1388 1420 1429 De
1453 1388 1552 1429 meis
1586 1387 1744 1443 scriptis
1775 1388 1867 1429 misi
1912 1387 1962 1429 ad
2003 1391 2043 1428 te

277 1454 427 1495 Graece
461 1454 682 1509 perfectum
716 1456 969 1498 consulatum
1002 1473 1150 1499 meum.

275 1531 314 1568 te
348 1527 505 1568 Latinis
538 1528 636 1569 meis
670 1528 859 1571 delectari
869 1548 880 1581 3
915 1529 1010 1572 huic
1045 1536 1179 1572 autem
1214 1533 1368 1575 Graeco
1403 1534 1603 1575 Graecum
1643 1533 1836 1575 invidere.

1184 1460 1289 1501 Eum
1323 1460 1472 1502 librum
1504 1460 1553 1502 L.
1588 1461 1770 1502 Cossinio
1795 1460 1902 1502 dedi.
1936 1460 2043 1501 Puto

1891 1533 1975 1574 Alii
2012 1533 2043 1573 si

274 1600 519 1656 scripserint,
553 1601 760 1644 mittemus
794 1603 843 1644 ad
876 1608 937 1655 te3
981 1604 1063 1656 sed,
1108 1606 1209 1647 mihi
1244 1607 1372 1658 crede,
1420 1607 1539 1648 simul
1581 1612 1701 1662 atque
1739 1607 1815 1648 hoc
1859 1610 2041 1647 nostrum

271 1673 469 1728 legerunt,
504 1675 638 1715 nescio
674 1691 752 1730 quo
785 1681 902 1731 pacto
935 1678 1203 1720 retardantur.
1243 1681 1281 1721 7.
1315 1681 1438 1722 Nunc
1473 1705 1530 1710 —
1564 1686 1611 1721 ut
1644 1680 1694 1722 ad
1717 1695 1800 1721 rem
1830 1693 1960 1720 meam
1982 1693 2041 1719 re-

219 1760 254 1787 20
273 1744 388 1787 deam
423 1771 480 1777 -
513 1746 562 1788 L.
597 1747 782 1803 Papirius
823 1749 985 1801 Paetus,
1031 1750 1090 1791 vir
1139 1750 1265 1793 bonus
1308 1758 1540 1808 amatorque
1582 1757 1729 1804 noster,
1774 1752 1875 1794 mihi
1918 1751 2042 1793 libros

277 1920 367 1962 gistr.
389 1922 483 1954 Rom.
507 1924 532 1955 Ι,
557 1925 606 1962 41,
631 1925 664 1956 in
687 1935 751 1966 quo
774 1926 971 1966 explicando
991 1932 1138 1959 versatur
1182 1920 1252 1964 οἷος
1281 1932 1313 1958 et
1340 1922 1419 1964 ‘bo-og
1440 1937 1498 1967 pro
1520 1923 1573 1959 ’ὁτι
1601 1927 1768 1967 τοιοῦτος,
1800 1921 1853 1958 ’ὅτι
1880 1926 2043 1962 τοσοῦτος

276 1975 483 2007 Β6111·61181118
506 1977 540 2007 in
564 1976 699 2010 Collect.
716 1978 817 2009 Liter.
830 1979 869 2010 L.
888 1980 926 2010 B.
945 1980 1035 2011 1815.
1050 1991 1079 2021 p.
1098 1981 1136 2011 69
1180 1982 1246 2013 vid.
1268 1983 1427 2014 Matthiae
1451 1983 1484 2013 in
1506 1983 1617 2014 Grani.
1639 1982 1695 2014 Gr.
1719 1983 1737 2022 ἓ
1759 1984 1829 2020 480,
1853 1993 1884 2024 p.
1907 1984 1978 2014 899.

276 2037 364 2069 seqq.

1222 2037 1240 2076 ξ
1262 2038 1292 2067 4.
1314 2036 1437 2077 Raptim
1460 2056 1501 2060 —
1521 2040 1736 2069 cucurrerunt.
1759 2051 1773 2064 a
1784 2037 1910 2078 Lepide
1929 2038 1970 2068 ad
1985 2047 2040 2068 ex-

316 2078 359 2113 Οἱ
386 2077 445 2126 μὲν
474 2096 524 2102 —-
554 2080 658 2126 μέλει,
683 2093 715 2114 o:
753 2083 813 2114 alii
841 2084 935 2114 nihili
964 2088 1046 2123 sunt,
1075 2086 1135 2117 aliz·
1179 2090 1384 2130 primendam
1406 2091 1574 2122 levitatem
1602 2098 1634 2123 et
1661 2091 1951 2132 praecipitantiam‚
1981 2101 2040 2132 pro

275 2137 359 2169 nihil
379 2140 504 2168 curant.
537 2138 630 2177 Quae
651 2150 754 2180 quum
777 2141 978 2181 aptissimam
1007 2148 1134 2174 senten-

275 2191 356 2222 tiam
379 2191 530 2228 efficiant,
554 2201 620 2222 non
643 2193 781 2223 debebat
803 2194 861 2224 illa
883 2195 949 2225 suis
972 2196 1134 2227 coniectu-

275 2245 320 2276 ris
338 2249 496 2285 temptare
509 2244 633 2275 Theod.
649 2246 761 2286 Bergk
777 2247 810 2277 in
819 2246 1031 2290 Diar.Antiq.
1043 2250 1132 2287 1841,

274 2309 305 2340 1).
329 2298 369 2329 86
392 2304 423 2330 et
445 2309 474 2339 p.
498 2298 569 2329 336.
592 2298 678 2329 Nam
700 2301 850 2340 quamvis
873 2301 985 2333 Schol.
1002 2304 1043 2333 ad
1057 2303 1134 2334 Ari-

277 2351 382 2392 stoph.
404 2352 487 2383 Rau.
512 2352 551 2385 72
573 2362 616 2384 ex
639 2353 806 2394 Euripidis
831 2353 942 2386 Oeneo
960 2356 1048 2387 hunc
1065 2366 1134 2388 ver-

276 2414 349 2435 sum
372 2405 566 2437 servaverit:
592 2402 622 2437 οἱ
650 2402 710 2450 μὲν
739 2403 806 2451 γὰρ
833 2401 940 2440 οὐκέτ’
968 2407 1067 2451 εἰσίν,
1102 2407 1132 2442 οἱ

276 2455 307 2494 δ’
346 2457 452 2500 ὄντες
478 2462 592 2503 κακοί,
628 2463 776 2494 Rhinton
817 2474 875 2505 pro
905 2475 964 2496 suo
993 2467 1132 2498 consilio

275 2519 442 2560 Euripidis
466 2529 597 2550 versum
626 2528 753 2552 mutare
781 2524 898 2562 potuit.
941 2525 1058 2566 Neque
1087 2537 1133 2558 as-

276 2572 398 2604 sentior
431 2572 615 2603 Fritzschio
656 2574 697 2604 ad
733 2574 836 2606 Arist.
878 2577 987 2609 Ranas
1029 2589 1060 2619 p.
1093 2581 1130 2611 31

277 2634 319 2656 ex
343 2625 451 2656 verbis
471 2627 546 2664 post
577 2624 682 2655 catuli
712 2630 835 2658 mortem
866 2631 1048 2662 necessario
1078 2632 1132 2663 hic

274 2674 344 2731 ’ζὰρ
373 2673 479 2710 οὐκέτ’
502 2678 711 2709 scribendum
734 2682 901 2713 statuenti.
923 2677 1005 2729 παρ’
1035 2681 1131 2718 οὐδὲν

276 2731 363 2763 εἰναι
385 2731 549 2770 dicuntur,
573 2733 628 2774 qui
650 2734 849 2774 reipublicae
864 2738 1016 2777 prodesse
1029 2748 1132 2778 quum

276 2785 421 2817 maxime
438 2787 542 2818 velint
562 2798 627 2818 non
645 2794 796 2828 possunt3
823 2788 920 2824 οὐδὲν
947 2789 1041 2836 μέλει
1063 2802 1131 2833 per-

278 2837 361 2869 tinet
383 2839 423 2869 ad
445 2839 634 2879 piscinarios
651 2840 735 2871 illos.

317 2891 346 2921 A
368 2894 480 2922 senatu
504 2894 614 2934 quanti
626 2894 707 2933 fiam
730 2894 851 2925 minime
873 2905 918 2926 me
932 2896 1077 2935 poenitet
1098 2906 1130 2927 o:

278 2945 365 2985 quod
387 2946 473 2985 apud
495 2951 644 2977 senatum
666 2951 794 2977 tantum
816 2948 952 2985 valeam,
969 2949 1050 2979 mihi
1063 2958 1131 2990 per-

277 3003 409 3037 gratum
431 3003 487 3029 est.
512 2998 561 3030 Cf.
583 2998 667 3030 infra
690 2999 773 3030 XII.
796 3000 844 3037 28,
868 3001 896 3038 2,
919 3011 979 3032 non
988 3002 1133 3041 poenitet

279 3059 334 3087 me,
350 3052 496 3089 quantum
503 3050 705 3091 profecerim.
728 3051 791 3084 Off.
807 3053 834 3084 1.
850 3054 877 3091 2,
894 3053 1014 3084 tamdiu
1030 3056 1132 3085 autem

280 3101 430 3143 (discere)
453 3103 534 3134 velle
555 3103 686 3141 debebis,
710 3105 814 3146 quoad
834 3107 874 3143 te,
897 3108 1045 3147 quantum
1060 3116 1133 3146 pro-

266 3156 376 3197 ficias,
400 3167 459 3188 non
475 3157 765 3197 poesn'lebil.—De
788 3159 887 3190 simili
909 3170 970 3192 usu
983 3170 1132 3201 pronom.

1179 2143 1319 2174 solemni
1340 2144 1478 2174 ierunt.''
1500 2144 1580 2175 Ern.

1221 2195 1399 2226 Inducendz'
1432 2194 1504 2226 Soli
1539 2195 1708 2227 maturitas
1751 2195 1885 2227 nondum
1921 2197 1969 2226 est
2002 2205 2037 2226 0:

1180 2247 1305 2280 SCtum
1327 2258 1440 2280 reeens
1462 2250 1610 2280 nondum
1638 2249 1762 2280 aboleri
1790 2254 1907 2290 potest.
1943 2247 2039 2279 Simi-

1179 2302 1253 2333 liter
1274 2303 1302 2332 I.
1326 2302 1373 2339 17,
1397 2303 1416 2333 9
1439 2301 1546 2333 induci
1568 2302 1685 2333 locatio
1707 2302 1836 2333 dieitur.

1221 2354 1239 2393 ξ
1262 2355 1290 2384 5.
1314 2353 1425 2395 Illa-qni
1448 2354 1551 2385 nostri
1573 2350 1726 2387 ὑπώπιον
1750 2365 1784 2385 o:
1800 2353 1960 2394 Pompeii,
1981 2353 2039 2394 qui

1178 2410 1387 2440 consulatum
1409 2410 1550 2441 Afranio
1573 2412 1794 2448 mandaverat,
1824 2409 1955 2440 macula
1984 2409 2038 2440 vel

1179 2462 1381 2502 opprobium.
1406 2454 1578 2495 ‘Ymbmov
1603 2472 1743 2503 sequens
1773 2467 1860 2494 aetas
1897 2460 2038 2492 reddidit

1179 2527 1236 2558 per
1257 2518 1521 2559 suyydlationenz,
1545 2519 1641 2559 quod,
1665 2524 1702 2549 ut
1726 2518 1810 2548 illud
1838 2526 1880 2548 ex
1909 2512 1976 2549 ὑπὸ
2007 2519 2039 2546 et

1179 2569 1246 2616 ὤψ,
1271 2573 1315 2603 ita
1337 2583 1380 2604 ex
1402 2573 1456 2604 sub
1479 2580 1511 2605 et
1533 2573 1638 2604 cilium
1659 2572 1877 2613 compositum
1897 2571 2037 2602 videtur.

1222 2629 1239 2668 ξ
1263 2629 1290 2659 6.
1328 2628 1414 2660 Huic
1446 2629 1564 2660 Graeco
1594 2629 1744 2660 Graecum
1773 2627 1915 2658 invidere
1942 2636 1976 2657 0:
2006 2632 2038 2657 te

1178 2683 1348 2714 hominem
1377 2684 1411 2714 in
1441 2683 1578 2716 Graecia
1607 2684 1775 2716 viventem
1810 2691 1906 2722 aegre
1943 2681 2036 2718 serre,

1178 2737 1267 2776 quod
1287 2746 1348 2777 ego
1363 2737 1533 2768 Romanus
1547 2736 1670 2769 Graece
1687 2736 1827 2768 seribere
1842 2744 1939 2766 ausus
1954 2744 2036 2766 sum.

1220 2791 1238 2830 ἓ
1262 2790 1289 2823 7.
1326 2790 1361 2821 L.
1390 2791 1536 2832 Papirius
1564 2791 1694 2822 Paetum
1728 2790 1786 2822 Ad
1815 2799 1890 2821 eum
1917 2788 2037 2820 missae

1177 2848 1254 2874 sunt
1276 2843 1369 2884 epist.
1393 2844 1524 2881 15—26,
1547 2844 1587 2874 L.
1610 2842 1663 2874 IX
1681 2844 1722 2874 ad
1750 2842 1870 2873 Famil.
1905 2841 2037 2871 Amator

1177 2897 1282 2926 noster
1305 2906 1336 2926 o:
1361 2905 1489 2936 semper
1511 2905 1624 2927 amans
1646 2894 1766 2926 nostri:
1797 2903 1875 2925 nam
1902 2897 1940 2924 ut
1966 2893 2036 2934 ipse

1178 2950 1293 2981 Cicero
1316 2951 1412 2982 Tusc.
1435 2952 1499 2982 IV.
1522 2950 1560 2983 27
1583 2950 1713 2981 monuit
1736 2963 1750 2975 u
1762 2948 1852 2979 aliud
1874 2952 1922 2979 est
1949 2957 2035 2978 ama-

1176 3009 1281 3035 torem
1304 3015 1382 3042 esse‚
1406 3005 1497 3036 aliud
1519 3004 1717 3035 amantem.''
1753 3002 1890 3043 Saepius
1911 3003 2035 3032 amator

1177 3064 1306 3099 turpem
1328 3060 1550 3100 significatum
1571 3059 1679 3095 habet,
1695 3067 1763 3088 non
1779 3065 1916 3096 semper.
1938 3054 2034 3085 Alias

1179 3113 1293 3145 Cicero
1316 3124 1422 3155 neque
1445 3114 1624 3154 scripsisset
1645 3113 1679 3143 in
1708 3112 1822 3147 Bruto,
1853 3109 1907 3140 66:
1941 3108 2034 3139 Ama-

1178 3169 1260 3198 tores
1285 3168 1395 3200 (atoni
1416 3169 1538 3206 desunt,
1572 3177 1679 3208 neque
1707 3167 1740 3197 in
1770 3165 1907 3196 Timaeo
1936 3174 1962 3194 c.
1994 3160 2033 3192 14
