2117 3533
209 1520 241 1545 10

205 1932 236 1957 15

276 152 326 189 9ss
670 151 754 191 ΕΡ.
788 151 865 191 AD
897 151 943 191 T.
978 151 1327 192 POMPONIUM
1361 153 1623 194 ATTICUM.

271 288 450 324 nantem.
486 284 618 334 Quare
652 298 778 337 usque
814 283 863 324 ad
897 284 1005 324 Non.
1042 284 1140 324 Mai.
1181 290 1220 325 te
1264 286 1306 326 in
1350 286 1561 327 Formiano
1606 287 1856 341 exspectabo.
1912 289 2033 329 Nunc

270 356 332 396 fac
365 361 411 395 ut
445 356 581 405 sciam,
617 371 695 410 quo
729 356 793 396 die
826 362 865 397 te
900 357 1024 397 visuri
1057 357 1194 397 simus.
1230 357 1294 397 Ab
1330 358 1450 412 Appii
1484 358 1585 398 Foro
1619 358 1715 400 hora
1749 365 1904 414 quarta.
1956 361 2032 401 De-

269 429 400 469 deram
437 428 554 468 aliam
589 428 721 483 paullo
755 433 845 469 ante
878 428 1023 469 Tribus
1056 428 1263 470 Tabernis.

268 592 427 621 Ernestus
449 591 532 622 illud
553 592 665 622 retulit
679 593 720 622 ad
734 592 830 622 Antii
845 592 988 629 delicias,
1002 592 1064 622 hoc
1083 593 1124 623 ad
1171 593 1258 623 cium
1280 593 1319 624 de
1343 593 1430 624 ludis
1459 594 1667 633 cognoscitur
1696 603 1738 625 ex
1771 594 1865 625 Fam.
1893 594 1970 624 VII.
2003 595 2031 625 1.

269 644 460 684 spectacula,
469 653 551 684 quae
567 644 696 685 ineptus
712 649 804 681 esset,
819 645 874 684 qui
883 645 981 675 Antii
993 654 1122 676 6011566-
1147 678 1148 682 Ἰ
1211 645 1304 685 Appii
1317 646 1394 686 χον-ο
1416 664 1457 669 —
1482 645 1589 676 Tribus
1613 646 1771 678 Tabernis.
1803 646 1911 677 Situm
1948 647 2030 677 loeo-

268 702 398 733 taretur,
432 697 555 728 Romae
584 703 816 729 contemneret.
851 697 1018 729 Ciceronis
1040 699 1122 728 iudi-
1146 698 1148 735 l
1171 709 1243 729 mm
1266 699 1408 730 indicavi
1432 700 1472 729 ad
1495 700 1522 730 Ι.
1548 700 1595 737 13,
1621 701 1647 731 l.

883 804 959 844 XI.
1028 805 1092 856 (Α.
1135 804 1178 844 U.
1218 805 1259 844 C.
1296 806 1415 858 695.)

333 920 373 959 1.
408 918 537 959 Narro
570 916 665 957 tibi:
709 916 824 972 plane
858 916 1056 971 relegatus
1089 917 1189 958 mihi
1231 918 1381 968 videor,
1426 923 1683 973 posteaquam
1729 919 1771 959 in
1815 920 2027 961 Formiano

269 1007 370 1032 511111.
406 991 501 1031 Dies
535 990 641 1031 enim
674 990 809 1030 nullus
843 995 940 1041 erat,
977 990 1092 1030 Antii
1126 1006 1249 1044 quum
1283 1006 1422 1041 essem,
1458 1007 1537 1046 quo
1571 991 1634 1032 (116
1668 1007 1749 1032 11011
1781 992 1924 1032 melius
1953 992 2026 1033 sci-

268 1080 364 1113 rem,
400 1064 547 1104 Romae
582 1063 679 1117 quid
723 1068 918 1117 ageretur,
963 1078 1083 1117 quain
1122 1063 1165 1114 ii,
1211 1064 1280 1117 qui
1321 1069 1433 1104 erant
1473 1064 1635 1104 Romae.
1685 1065 1846 1106 Etenim
1889 1065 2025 1106 literae

267 1142 359 1176 tuae
392 1151 472 1176 non
507 1136 635 1176 solum
669 1135 765 1189 quid
799 1136 962 1186 Romae,
998 1136 1066 1177 sed
1100 1136 1221 1176 etiam
1254 1136 1351 1190 quid
1385 1137 1427 1176 in
1461 1152 1502 1177 re
1535 1136 1710 1191 publica,
1745 1151 1874 1190 neque
1897 1137 2025 1177 solum

268 1209 364 1262 quid
395 1212 518 1257 fieret,
552 1223 689 1249 verum
723 1209 843 1249 etiam
877 1209 973 1263 quid
1008 1210 1189 1250 futuruln
1222 1214 1338 1258 esset,
1383 1209 1631 1250 indicabant.
1690 1210 1826 1259 Nunc,
1868 1209 1947 1249 nisi
1992 1210 2024 1250 si

267 1281 363 1335 quid
397 1297 444 1321 ex
478 1286 751 1335 praetereunte
786 1281 934 1321 viatore
968 1286 1177 1335 exceptum
1220 1286 1292 1330 est,
1335 1282 1432 1321 scire
1473 1281 1575 1321 nihil
1616 1296 1840 1335 possumus.
1891 1281 2023 1332 Quare

265 1368 503 1407 quzmiquam
537 1354 616 1393 iam
649 1358 687 1393 te
721 1354 853 1407 ipsum
886 1358 1085 1407 exspecto,
1120 1358 1253 1393 tamen
1286 1353 1354 1393 isti
1386 1368 1523 1407 puero,
1560 1368 1677 1406 quein
1712 1353 1761 1393 ad
1796 1368 1858 1394 me
1888 1355 2022 1395 statim

263 1426 363 1466 iussi
395 1441 607 1475 recurrere,
653 1426 703 1466 da
748 1425 1010 1481 ponderosam
1049 1425 1223 1479 aliquam
1268 1425 1476 1480 epistolam
1519 1425 1677 1479 plenam
1723 1427 1901 1467 omnium
1941 1443 2021 1469 non

263 1498 380 1538 niodo
415 1503 593 1539 actorum
627 1499 695 1539 sed
730 1499 849 1539 etiam
883 1499 1119 1553 opinionum
1151 1504 1326 1549 tuarum,
1362 1513 1405 1538 ac
1441 1498 1560 1549 diem,
1595 1514 1672 1552 quo
1706 1499 1831 1540 Roma
1865 1500 1918 1541 sis
1941 1501 2020 1541 exi-

262 1576 390 1620 turus,
426 1585 520 1610 eura
552 1576 599 1611 ut
633 1572 767 1611 sciam.
821 1574 860 1611 2.
895 1572 981 1611 Nos
1014 1571 1057 1611 in
1091 1571 1304 1611 Formiano
1338 1587 1421 1611 esse
1455 1572 1640 1612 volumus
1672 1587 1798 1625 usque
1833 1572 1882 1612 ad
1916 1573 2019 1627 prid.

261 1645 400 1685 Nonas
434 1644 532 1684 Mai.
568 1645 626 1684 Eo
661 1644 693 1684 51
727 1648 817 1684 ante
851 1658 937 1683 eam
972 1643 1076 1684 (116111
1110 1659 1191 1684 11011
1223 1644 1391 1693 veneris,
1428 1644 1575 1684 Romae
1608 1650 1647 1684 te
1670 1644 1835 1685 fortasse
1860 1644 2019 1685 videbo.

260 1717 364 1757 Nam
401 1717 598 1771 Arpinum
633 1717 728 1771 quid
763 1731 835 1770 ego
868 1722 907 1756 te
940 1717 1133 1757 invitem?

478 1826 695 1884 Τρηχεῖ,
731 1823 836 1867 ἀλλ)
871 1824 1045 1884 ἀγαθὴ
1079 1823 1426 1884 κουροτρόφος.
1465 1824 1572 1867 οὔτι
1609 1820 1757 1884 ἔγωγε

474 1896 567 1950 ἿῙς
601 1900 749 1958 γαίης
783 1893 1007 1955 δύναμαι
1044 1896 1395 1957 γλυκερώτερον
1429 1895 1547 1939 ἄλλο
1583 1892 1805 1940 ἰδέσθαι.

256 2013 367 2053 Haec
401 2012 539 2066 igitur,
574 2018 613 2052 et
647 2026 739 2052 cura
774 2017 819 2051 ut
853 2010 995 2050 valeas.

296 2177 313 2215 ξ
338 2177 365 2205 1.
390 2175 492 2205 Narro
515 2175 581 2205 tibi.
611 2174 768 2204 Formula
790 2173 949 2204 sermonis
972 2173 1108 2204 familia·
1157 2180 1245 2204 terus
1268 2173 1301 2203 in
1324 2172 1406 2202 Exe.
1431 2172 1482 2202 IV
1504 2172 1543 2202 ad
1568 2171 1635 2202 Cic.
1659 2172 1798 2202 Brutum
1828 2178 1860 2202 et
1889 2171 2013 2201 Bakius

253 2230 305 2265 ris,
335 2240 397 2270 qua
428 2230 602 2259 utebantur
630 2237 699 2258 rem
733 2237 852 2257 novam
883 2233 913 2258 et
943 2227 1110 2267 inexspec-
1157 2227 1197 2256 ad
1219 2226 1324 2265 Legg.
1347 2235 1377 2264 p.
1400 2224 1457 2256 271
1482 2234 1529 2264 sq.

252 2288 352 2312 tatmu
387 2282 515 2313 dicturi.
561 2281 646 2311 Vide
684 2280 902 2320 Malaspinam
939 2281 979 2309 ad
1009 2279 1108 2310 XIII.
1199 2278 1269 2307 Nisi
1291 2277 1319 2307 si
1341 2276 1424 2318 quid.
1448 2277 1525 2307 Vid.
1548 2277 1588 2307 ad
1611 2286 1657 2317 ep.
1682 2278 1710 2312 3,
1734 2277 1753 2306 2
1773 2276 1806 2306 h.
1830 2276 1849 2306 l.

253 2336 300 2372 51,
325 2336 353 2365 52.
1199 2330 1217 2369 ξ
1247 2330 1275 2360 2.
1310 2322 1441 2373 τρηχεῖ’
1479 2340 1510 2359 κ.
1549 2340 1583 2363 τ.
1618 2325 1650 2363 λ.
1685 2329 1810 2359 Versus
1839 2338 1881 2359 ex
1910 2328 2009 2359 Hom.

294 2389 369 2418 Dies
393 2406 432 2409 -—
453 2398 510 2428 quo
538 2386 599 2416 die.
636 2386 684 2416 De
715 2386 884 2416 iteratione
914 2385 1109 2415 substantivi
1157 2385 1301 2426 Odyssea
1325 2386 1387 2416 IX.
1411 2385 1449 2417 27
1481 2396 1526 2426 sq.
1556 2387 1595 2416 de
1626 2386 1748 2422 Ithaca,
1778 2395 1917 2426 quacum
1948 2386 2009 2416 Ar-

252 2448 321 2483 post
344 2452 436 2481 prou.
459 2440 631 2470 relativum
655 2439 753 2469 multi
775 2439 939 2475 dixemnt,
963 2448 1044 2478 quos
1060 2448 1106 2469 re·
1153 2440 1267 2479 pinum
1288 2440 1407 2469 iteruin
1430 2445 1634 2479 comparatur
1655 2440 1694 2469 de
1716 2439 1798 2478 Leg.
1821 2439 1867 2469 II.
1891 2440 1918 2469 1.

252 2501 361 2527 censet
384 2495 528 2525 Ellendt.
551 2494 590 2523 ad
614 2493 680 2524 Cic.
703 2493 742 2523 (le
766 2492 854 2524 Orat.
878 2493 922 2522 ΙΙ.
947 2502 978 2531 p.
995 2493 1033 2521 98
1048 2502 1104 2531 sq„
1195 2491 1283 2521 Haec
1304 2491 1411 2531 iqitmy
1435 2494 1464 2521 et
1488 2502 1561 2520 cura
1585 2493 1618 2520 ul
1641 2492 1748 2520 valea-s·
1763 2501 1796 2521 o:
1813 2491 1893 2522 haee
1909 2491 2009 2531 igitur

252 2550 320 2589 ipse
349 2549 436 2578 1111116
465 2557 559 2577 11511111
589 2557 606 2575 a
636 2546 764 2585 legibus
793 2550 824 2576 et
854 2545 1002 2575 formulis
1025 2545 1104 2575 iuris
1151 2548 1235 2579 sunt,
1259 2552 1341 2582 quae
1363 2548 1393 2573 te
1416 2543 1498 2573 scire
1521 2543 1604 2579 volo,
1629 2549 1659 2573 et
1681 2543 1837 2583 epistolae
1859 2543 2008 2574 adscribo

251 2608 410 2641 repetens.
434 2599 527 2630 Conf.
550 2605 723 2639 praeterea,
746 2608 829 2638 quae
851 2598 1018 2638 disputant
1046 2596 1104 2627 Pe·
1150 2597 1297 2627 solemne
1319 2596 1403 2626 illud
1426 2606 1501 2626 cura
1524 2599 1557 2626 ut
1579 2596 1697 2626 valeas.

853 2703 954 2744 XII.
1019 2704 1079 2755 (A.
1121 2703 1163 2742 U.
1203 2703 1243 2742 C.
1279 2702 1398 2755 695.)

319 2822 356 2861 1.
391 2821 552 2873 Negent
584 2818 641 2858 illi
674 2816 865 2857 Publium
898 2816 1097 2871 plebeium
1131 2816 1277 2856 factum
1319 2816 1422 2855 esse!
1467 2815 1555 2856 Hoc
1601 2829 1691 2855 vero
1734 2828 1900 2869 regumn
1944 2820 2003 2855 est

297 2983 315 3021 ξ
346 2983 372 3012 1.
408 2981 555 3022 Epistola
584 2980 662 3020 ipsis
698 2978 881 3010 Cerialibus
916 2978 949 3009 in
986 2976 1102 3008 itinere
1190 2973 1310 3014 Neyent
1333 2974 1384 3004 illi
1405 2979 1463 3005 cet.
1499 2974 1598 3005 Recte
1620 2980 1719 3014 negat
1747 2973 1920 3004 Schutzius
1949 2982 2001 3013 po-

255 3036 337 3071 data,
372 3036 485 3065 eodem
514 3034 566 3064 die
594 3043 669 3063 cum
702 3033 793 3072 epist.
824 3033 871 3068 10,
901 3032 958 3062 sed
993 3029 1103 3071 paullo
1148 3026 1249 3058 tuisse
1273 3027 1447 3058 Caesarem
1469 3032 1500 3058 et
1528 3027 1724 3067 Pompeium
1754 3035 1883 3066 negare,
1914 3028 2000 3066 quod

254 3094 328 3117 aute
352 3097 432 3117 cam.
476 3086 564 3118 Ordo
587 3090 727 3116 mutatus
750 3091 806 3121 est,
829 3085 905 3125 quia
926 3085 1005 3115 haec
1028 3093 1102 3114 cum
1148 3081 1272 3111 Romae
1294 3090 1407 3111 omnes
1430 3080 1550 3110 factum
1573 3089 1641 3111 esse
1664 3079 1825 3115 sciebant;
1856 3079 1913 3109 sed
1942 3088 2000 3109 sua

253 3149 318 3179 seq.
342 3140 474 3169 demum
498 3139 633 3178 epistola
657 3139 695 3167 ml
719 3138 867 3168 Atticum
889 3137 1046 3176 pervenit.
1149 3143 1244 3171 oper-‘1
1276 3133 1433 3162 Publium
1472 3132 1511 3161 ad
1547 3132 1675 3171 plebem
1711 3131 1892 3161 traductum
1931 3140 1998 3161 esse
