2117 3533
717 165 824 206 ΠΒ.
859 164 933 205 vr.
969 165 1052 206 Er.
1091 168 1130 204 3.
1413 218 1416 222 ¹
1715 161 1797 200 271

44 307 218 350 senatus,
254 307 300 341 ut
332 300 395 340 ius
429 299 627 340 diceretur
663 301 739 352 (ex)
774 300 851 339 ista
885 298 1124 353 syngrapha.
1159 298 1283 338 Nunc
1312 297 1389 337 ista
1412 295 1534 337 habet
1555 294 1653 335 iuris
1679 293 1801 342 idem,

45 373 149 427 quod
184 377 350 421 ceterae,
384 371 487 412 nihil
521 371 738 426 praecipui.
777 376 814 411 ὅ.
850 371 960 411 Haec
997 386 1018 410 a
1052 385 1113 410 me
1148 368 1286 409 ordine
1320 368 1425 409 facta
1458 373 1556 423 puto
1590 383 1651 408 me
1676 368 1803 408 Bruto

44 444 318 499 probaturum,
353 443 428 484 tibi
461 444 608 493 nesci0,
644 444 789 484 Catoni
821 450 926 483 certe
959 442 1150 497 probabo.
1203 441 1278 482 Sed
1313 442 1392 482 iam
1427 442 1476 482 ad
1509 449 1548 482 te
1581 442 1712 496 ipsum
1748 455 1806 480 re—

45 522 188 557 vertor.
225 517 304 556 Ain
338 516 514 565 tandem,
550 516 699 565 Attice,
735 515 919 555 laudator
953 515 1198 569 integritatis
1233 520 1273 554 et
1306 514 1528 567 elegantiae
1563 519 1743 554 nostrae:

539 617 670 655 Ausus
704 629 742 654 es
776 615 844 654 hoc
877 628 922 654 ea?
955 628 1018 654 ore
1054 618 1118 654 tuo
1155 638 1211 642 »-
1248 638 1304 641 -—

48 739 103 743 ——
138 714 272 768 inquit
304 713 461 754 Ennius
498 738 552 742 —
589 723 633 753 ut
667 713 822 767 equites
857 714 1017 768 Scaptio
1052 714 1100 754 ad
1146 714 1356 769 pecuniam
1400 711 1620 766 cogendam
1660 710 1808 760 darem,

48 802 109 827 me
143 787 306 840 rogare?
340 801 390 826 an
422 794 468 826 tu
502 787 535 826 si
569 801 726 826 mecum
760 801 878 834 esses,
912 787 981 840 qui
1016 787 1158 828 scribis
1191 786 1365 827 morderi
1398 792 1437 826 te
1461 783 1679 834 interdum,
1705 783 1811 837 quod

50 874 128 899 non
164 859 282 898 simul
316 859 382 908 sis,
416 864 592 913 paterere
628 873 688 898 me
722 858 761 898 id
810 858 952 909 facere,
999 860 1033 900 si
1076 859 1245 899 vellem?
1290 859 1385 899 Non
1432 855 1628 912 amplius,⁴
1662 856 1810 910 inquis,

49 931 356 986 quinquaginta.
402 931 501 971 Cum
538 932 726 986 Spartaco
760 932 893 972 minus
934 932 1052 972 multi
1098 932 1225 986 primo
1270 931 1446 972 fuerunt.
1494 928 1603 981 Quid
1649 928 1812 969 tandem

48 1004 116 1044 isti
148 1003 243 1044 mali
276 1004 319 1044 in
351 1008 432 1044 tam
466 1009 600 1044 tenera
635 1004 767 1044 insula
800 1004 1120 1045 11011100188011ϊζ3
1155 1005 1250 1045 Non
1274 1003 1464 1043 fecissent
1488 1003 1649 1043 autem?
1684 1002 1812 1042 Immo

49 1076 145 1131 quid
179 1081 270 1116 ante
304 1077 520 1118 adventum
566 1092 699 1117 meum
744 1093 825 1118 non
870 1077 1077 1119 fecerunt?
1134 1078 1343 1119 Inclusum
1388 1077 1429 1117 111
1475 1076 1585 1117 curia
1627 1081 1811 1116 senatum

48 1149 276 1190 habuerunt
308 1150 570 1191 Salaminium
604 1151 659 1191 ita
693 1150 840 1191 multos
876 1151 974 1200 dies,
1012 1156 1056 1191 ut
1089 1151 1319 1191 interierint
1352 1150 1538 1191 nonnulli
1566 1149 1680 1189 fame.
1715 1149 1814 1189 Erat

49 1223 153 1262 enim
188 1222 409 1277 praefectus
444 1224 566 1278 Appii
600 1224 784 1278 Scaptius
817 1229 857 1264 et
890 1223 1064 1264 habebat
1096 1229 1249 1264 turmas
1284 1223 1333 1264 ab
1368 1223 1516 1278 Appio.
1560 1221 1609 1262 Id
1643 1236 1705 1261 1110
1739 1222 1813 1275 igi-

47 1304 112 1336 tur
144 1303 204 1345 tu,
239 1297 354 1337 cuius
387 1296 611 1337 mehercule
646 1311 688 1336 os
721 1296 821 1336 mihi
855 1301 947 1337 ante
977 1296 1112 1336 oculos
1137 1296 1237 1337 solet
1260 1295 1423 1345 versari,
1452 1310 1580 1349 quum
1605 1294 1652 1334 de
1678 1294 1813 1347 aliquo

49 1369 177 1409 officio
211 1384 256 1409 ac
288 1369 406 1409 laude
452 1369 597 1423 cogito,
644 1375 689 1409 tu
733 1384 809 1419 me,
860 1370 1040 1423 inquam,
1087 1384 1216 1423 rogas,
1266 1368 1493 1423 praefectus
1538 1373 1585 1408 ut
1630 1367 1813 1421 Scaptius

49 1443 126 1483 sit?
172 1442 281 1482 Alias
314 1441 389 1482 hoc
423 1447 704 1491 statueramus,
738 1446 785 1482 ut
817 1442 1110 1495 negotiatorem
1143 1441 1360 1490 neminem,
1406 1440 1526 1494 idque
1568 1440 1694 1480 Bruto
1726 1455 1814 1494 pro-

49 1515 296 1556 baveramus.
348 1514 510 1555 Habeat
543 1515 577 1555 is
621 1516 800 1555 turmas?
842 1515 924 1555 Cur
966 1515 1101 1569 potius
1145 1529 1265 1569 quam
1311 1513 1521 1554 cohortes?
1569 1516 1608 1553 9.
1644 1514 1814 1567 Sumpta

49 1588 130 1628 iam
162 1603 285 1643 nepos
319 1587 453 1629 evadit
486 1588 681 1644 Scaptius.
732 1588 900 1638 Volunt,
934 1587 1082 1641 inquit,
1128 1587 1341 1642 principes,
1386 1586 1497 1637 Scio,
1542 1601 1636 1626 nam
1670 1584 1719 1626 ad
1752 1600 1814 1625 me

49 1660 254 1715 Ephesum
288 1676 413 1716 usque
447 1666 644 1702 Venerunt
675 1661 894 1715 flentesque
928 1661 1110 1715 equitum
1145 1660 1293 1701 scelera
1327 1664 1366 1700 et
1398 1659 1579 1700 miserias
1613 1673 1704 1699 suas
1749 1657 1814 1698 de-

49 1733 243 1775 tulerunt.
293 1736 435 1789 Itaque
471 1734 605 1775 statim
640 1734 732 1775 dedi
782 1734 932 1784 literas,
980 1739 1025 1775 ut
1067 1749 1115 1775 ex
1159 1734 1289 1788 Cypro
1333 1733 1487 1787 equites
1532 1736 1623 1773 ante
1668 1736 1815 1772 certam

49 1806 155 1848 diem
189 1808 439 1858 decederent,
475 1807 525 1849 ob
560 1823 725 1862 eamque
770 1823 945 1858 causam,
991 1812 1079 1848 tum
1120 1807 1170 1848 ob
1213 1812 1363 1847 ceteras
1408 1805 1617 1848 Salaminii
1657 1820 1730 1845 nos
1772 1805 1815 1844 in

49 1880 202 1921 caelum
236 1880 405 1921 decretis
439 1881 520 1921 suis
554 1880 816 1920 sustulerunt.
862 1880 939 1921 Sed
980 1881 1061 1921 iam
1106 1879 1204 1934 quid
1245 1894 1345 1934 opus
1387 1879 1602 1933 equitatu?
1647 1878 1817 1919 Solvunt

49 1953 154 1993 enim
184 1953 392 1994 Salaminii
403 1972 413 2004 3
448 1953 526 1993 nisi
560 1952 660 1993 forte
692 1952 735 1992 id
768 1953 953 1994 volumus
987 1953 1106 1993 armis
1149 1954 1315 2002 efficere,
1362 1956 1407 1992 ut
1450 1951 1566 1991 fenus
1612 1951 1816 2005 quaternis

49 2026 276 2067 centesimis
309 2025 471 2069 ducant.
505 2026 559 2067 Et-
591 2040 665 2083 ego
700 2024 854 2066 audebo
887 2025 1017 2079 legere
1053 2039 1229 2079 unquam
1263 2028 1334 2064 aut
1362 2024 1562 2077 attingere
1587 2038 1653 2064 008
1677 2021 1815 2072 libros,

91 2189 107 2218 1
130 2188 288 2220 diceretur
308 2189 372 2219 ista
393 2190 573 2230 synyraplza.
595 2206 637 2211 —
660 2190 697 2219 18
726 2189 849 2227 Volant,
871 2189 983 2230 inquis,
1002 2189 1164 2229 principes
1188 2207 1230 2212 —-

91 2345 161 2384 §8.
190 2344 394 2386 Inteyritalz's
416 2349 447 2376 et
469 2347 656 2387 eleqantiae.
689 2347 905 2387 Coniungun-
995 2346 1155 2377 Inclusam
1191 2365 1232 2369 -
1268 2347 1445 2378 habuerunt
1475 2357 1508 2377 o:
1539 2351 1728 2377 tenuerunt.
1766 2345 1815 2376 Cf.

49 2404 102 2429 tur
123 2400 238 2430 eadem
260 2400 294 2430 in
324 2407 404 2430 orat.
428 2411 457 2441 p.
488 2400 591 2438 Sulla,
624 2402 672 2438 79,
702 2408 815 2441 estque
845 2402 907 2432 ele·
954 2400 1059 2431 Kritz.
1095 2401 1136 2430 ad
1172 2399 1239 2430 Sal.
1277 2400 1347 2431 Cat.
1376 2401 1425 2437 23,
1458 2402 1488 2431 4.
1521 2400 1593 2430 Att.
1624 2399 1687 2430 IX.
1718 2399 1767 2436 12,
1797 2400 1816 2429 3

49 2452 161 2490 gantia
189 2462 321 2482 morum
352 2452 549 2490 innocentia,
581 2464 644 2494 qua
667 2464 830 2490 cavemus,
863 2463 904 2484 ne
945 2454 1041 2494 sessa
1064 2456 1094 2483 et
1117 2454 1204 2483 vallo
1226 2456 1364 2494 saeptum
1388 2456 1482 2484 tenet.

49 2505 90 2535 ab
118 2505 289 2536 honestate
317 2506 545 2537 desciscamus.
582 2508 677 2547 Belg.
716 2507 907 2538 kieselzlzeid.
996 2508 1014 2546 ξ
1037 2507 1066 2537 9.
1089 2506 1192 2546 Nepos
1213 2506 1318 2537 evadit
1341 2506 1494 2546 Scaptius.
1518 2506 1634 2546 Fingit
1649 2506 1764 2537 Cicero
1782 2514 1816 2536 80

50 2557 101 2589 Cf.
122 2559 278 2590 Halmius
300 2561 341 2590 ad
364 2560 386 2591 1.
408 2561 462 2591 cit.
955 2561 1077 2597 mirari,
1090 2570 1148 2591 cur
1162 2560 1313 2601 Scaptius
1327 2561 1478 2601 equitum
1487 2561 1604 2591 tunnis
1613 2560 1740 2591 alendis
1749 2570 1816 2590 ma-

96 2610 167 2642 Cum
197 2611 347 2653 Spartaco
377 2613 476 2643 minus
513 2614 602 2644 multi
631 2615 732 2655 primo
758 2614 909 2655 fuerunt.
932 2641 933 2663 Χ
955 2614 1040 2644 iores
1062 2619 1209 2654 sumptus
1232 2613 1339 2644 facere
1362 2614 1452 2651 velit,
1480 2623 1579 2654 quam
1611 2612 1639 2643 si
1668 2612 1818 2652 peditum

49 2663 168 2694 Florus
190 2665 256 2695 111.
280 2665 334 2695 202
366 2665 545 2706 SpartacuS,
579 2665 702 2704 Crixus,
735 2667 908 2698 Oenomaus
955 2666 1106 2697 cohortes
1128 2666 1274 2697 haberet.
1298 2665 1448 2706 Scaptius
1471 2666 1538 2703 ille,
1562 2665 1619 2706 qui
1642 2665 1722 2695 alias
1743 2675 1817 2695 ava-

49 2716 183 2757 effracto
211 2716 340 2747 Lentuli
368 2718 443 2748 ludo
474 2728 540 2748 eum
570 2719 701 2760 triyinz‘a
733 2720 820 2750 haud
848 2731 908 2750 am—
932 2703 933 2746 l
955 2731 1027 2750 runi
1049 2729 1083 2751 se
1104 2720 1246 2760 praebet,
1269 2720 1335 2750 iam
1364 2721 1401 2750 fit
1429 2720 1529 2750 homo
1559 2719 1724 2760 prodigus.
1761 2718 1815 2749 Sic

44 2771 133 2811 plius
155 2771 291 2803 eiusdem
305 2772 462 2812 forlunae
491 2773 567 2803 rz‘ris
597 2784 726 2814 erupere
761 2774 907 2815 Capuam.
932 2760 933 2808 l
955 2779 1042 2804 recte
1066 2773 1245 2803 Victorius.

50 2824 138 2864 APP·
161 2824 201 2855 Β·
224 2823 260 2855 C·
284 2825 310 2854 I·
336 2825 394 2854 116
429 2823 458 2863 ἐς
488 2822 732 2871 ἑβδομήκοντα
764 2823 906 2873 ἄνδρας,
932 2826 933 2851 l
1003 2826 1126 2864 Volunt,
1139 2826 1250 2868 inquit,
1260 2826 1423 2867 principes
1440 2836 1471 2856 o:
1489 2825 1640 2866 Scaptius
1661 2826 1714 2862 ait,
1732 2825 1818 2866 prin-

50 2879 191 2910 Liviana
213 2880 365 2920 perioche
388 2881 445 2911 lib.
468 2881 566 2913 XCV
587 2885 721 2923 quatuor
744 2885 774 2913 et
786 2885 908 2922 septaa-
932 2887 933 2928 ζ
956 2881 1043 2921 cipes
1079 2881 1132 2911 vel
1166 2881 1378 2920 magistratus
1409 2879 1583 2911 Salaminii
1614 2886 1737 2921 cogunt
1767 2888 1819 2909 1110

47 2932 139 2973 yinta
165 2933 363 2970 ,aladiatores
392 2934 576 2975 profugisse
606 2937 748 2966 tradunt.
794 2935 909 2967 Cicero
932 2933 933 2964 j
956 2942 1064 2966 tantos
1088 2940 1236 2975 sumptus
1260 2936 1381 2971 facere3
1405 2944 1473 2964 non
1506 2944 1580 2965 meo
1608 2934 1743 2964 arbitrio
1773 2934 1819 2964 810

50 2987 152 3017 utitur
174 2988 235 3017 hoc
257 2989 420 3029 exemplo,
444 2995 480 3019 ut
503 2991 652 3020 ostendat
681 3000 815 3031 parvam
844 3000 909 3021 ma·
932 2979 933 3019 Ῐ
957 2978 1028 3029 ago.
1051 2989 1241 3028 Respondet
1263 2987 1378 3019 Cicero
1401 2987 1525 3018 ironice
1549 2987 1641 3022 Sei0;
1665 2997 1737 3016 ozam
1759 2991 1819 3017 cet.

52 3051 131 3072 mun
153 3049 355 3082 armatorum
382 3043 524 3074 multum
558 3045 638 3074 mali
671 3044 774 3075 facere
805 3054 910 3084 posse.
932 3078 933 3082 Ἰ
998 3041 1038 3071 El
1061 3052 1116 3081 890
1139 3042 1268 3072 audebo·
1290 3040 1332 3070 Et
1354 3041 1407 3071 vel
1431 3042 1461 3070 eb
1484 3042 1587 3070 lamen
1611 3045 1659 3070 est
1681 3050 1755 3070 cum
1772 3040 1819 3070 ill-

93 3093 133 3125 In
162 3096 223 3126 iam
254 3098 364 3126 tenera
395 3096 511 3128 insula.
544 3098 686 3129 Notatur
714 3097 909 3138 Cypriorum
932 3101 934 3147 ἒ,
956 3096 1149 3135 dignatione
1172 3095 1374 3126 admirantis.
1398 3095 1562 3135 Exempla
1586 3095 1766 3131 abundant,
1783 3100 1818 3125 ut

52 3147 219 3179 mollities.
246 3147 366 3180 Tenem
390 3163 429 3177 Ξ
452 3150 589 3181 imbelli.
955 3159 984 3189 p.
1010 3149 1093 3180 Sest.
1117 3148 1165 3182 37.
1190 3148 1229 3180 Et
1251 3159 1375 3180 eausam
1393 3147 1472 3179 dicit
1494 3148 1530 3180 S.
1546 3148 1586 3179 de
1601 3147 1662 3178 vi?
1677 3158 1706 3189 p.
1722 3148 1817 3179 Rosc.

1836 1013 1868 1038 10

1837 1382 1868 1406 15

1837 1754 1872 1780 20
