2117 3533
234 992 269 1017 10

241 1349 270 1374 15

238 1715 271 1740 20

282 178 364 219 256
675 175 759 215 ΕΡ.
793 173 869 214 ΑΒ
900 173 947 213 Τ.
981 169 1330 212 POMPONIUM
1365 169 1627 211 ATTICUM.

284 312 402 353 simas
435 309 654 365 oportuisse
691 307 913 355 decernere,
948 305 1017 359 qui
1048 304 1092 344 in
1123 308 1208 344 tota
1241 304 1445 359 provincia
1478 302 1655 357 singulas
1688 302 1936 344 observarem
1964 302 2038 344 ita·

286 399 360 437 que
394 382 603 423 edixissem
636 379 757 434 idque
791 378 911 419 etiam
944 375 1209 417 acerbissimis
1241 375 1531 417 feneratoribus
1572 374 1819 429 probaretur,
1862 374 1895 415 si
1928 389 2038 429 prae-

285 457 477 496 fecturam
510 451 750 506 negotiatori
783 450 1018 504 denegatam
1066 452 1267 502 queretur,
1314 448 1420 501 quod
1464 463 1536 502 ego
1580 448 1780 500 Torquato
1822 451 1958 487 nostro
1997 447 2039 487 in

284 533 354 568 tuo
388 527 551 576 Laenio,
586 523 777 578 Pompeio
810 523 887 578 ipsi
921 523 963 563 in
997 524 1088 563 Sex.
1124 521 1252 561 Statio
1285 521 1428 574 negavi
1461 525 1500 561 et
1531 520 1581 561 iis
1615 519 1792 574 probavi,
1828 518 1861 559 si
1884 518 2038 573 equites

286 600 477 641 deductos
510 598 673 639 moleste
708 595 820 645 feret,
874 594 1065 649 accipiam
1101 592 1287 648 equidem
1321 592 1495 633 dolorem
1528 592 1628 633 milii
1660 592 1774 632 illum
1806 591 1937 640 irasci,
1973 590 2041 632 sed

287 673 412 713 multo
445 672 650 720 maiorem,
684 684 765 710 non
800 683 884 709 esse
917 682 1008 708 eum
1041 665 1177 715 talem,
1213 665 1368 718 qualem
1402 669 1618 720 putassem.
1668 664 1706 704 7.
1740 663 1847 704 Hlud
1882 662 2042 718 quidem

286 744 477 787 fatebitur
511 742 695 797 Scaptius
728 756 789 781 me
822 740 886 781 ius
920 739 1078 780 dicente
1113 737 1189 779 sibi
1233 753 1390 778 omnem
1434 738 1646 792 pecuniam
1690 752 1736 777 ex
1781 736 1912 777 edicto
1954 750 2042 776 meo

288 817 492 860 auferendi
524 820 761 871 potestatem
794 813 931 854 fuisse.
974 811 1092 853 Addo
1126 811 1246 852 etiam
1280 810 1397 861 illud,
1432 810 1538 865 quod
1571 825 1721 860 vereor,
1755 809 1831 850 tibi
1876 808 1954 864 ipsi
1996 813 2044 850 ut

288 891 470 947 probem:
509 889 722 930 consistere
756 902 877 928 usura
911 885 1066 935 debuit,
1101 899 1201 938 quae
1236 889 1320 924 era-t
1351 884 1394 924 in
1428 883 1559 925 edicto
1593 898 1694 923 meo.
1737 883 1944 937 Deponere
1978 896 2044 922 vo-

287 963 424 1004 lebant
434 981 445 1014 3
479 961 687 1016 impetravi
722 975 743 1000 a
778 958 1020 1007 Salaminiis,
1056 962 1101 998 ut
1134 955 1310 996 silerent.
1355 956 1523 996 Veniam
1557 955 1617 996 illi
1650 955 1811 1010 quidem
1844 953 1944 994 mihi
1979 953 2043 994 de-

292 1036 452 1084 derunt,
496 1033 563 1074 sed
599 1032 695 1086 quid
730 1032 779 1072 iis
813 1032 892 1081 fiet,
929 1031 962 1070 si
995 1029 1074 1070 huc
1108 1027 1274 1068 Paullus
1307 1027 1485 1068 venerit?
1530 1027 1607 1068 Sed
1639 1032 1770 1068 totum
1803 1027 1878 1067 hoc
1918 1027 2045 1067 Bruto

289 1105 395 1155 dedi,
431 1104 499 1158 qui
532 1105 579 1145 de
613 1120 675 1145 me
710 1104 759 1145 ad
791 1108 831 1144 te
863 1101 1171 1143 humanissimas
1203 1100 1338 1141 literas
1371 1100 1543 1154 scripsit,
1579 1099 1627 1140 ad
1661 1115 1724 1140 me
1755 1104 1901 1150 autem,
1926 1099 2045 1140 etiam

291 1193 413 1233 qumn
445 1183 559 1232 rogat
592 1177 758 1232 aliquid,
793 1175 1095 1222 contumaciter,
1130 1177 1375 1228 arroganter,
1416 1169 1766 1225 ἄκοινωνὴτως
1810 1172 1910 1213 solet
1954 1172 2047 1213 scri-

290 1252 397 1293 bere.
431 1252 493 1292 Tu
526 1255 659 1292 autem
692 1250 811 1291 velim
845 1249 894 1290 ad
928 1263 1020 1290 eum
1055 1246 1205 1288 scribas
1238 1246 1286 1286 de
1320 1245 1383 1286 his
1415 1245 1548 1296 rebus,
1583 1250 1629 1286 ut
1662 1246 1799 1296 sciam,
1834 1260 1912 1300 quo
1929 1245 2048 1286 modo

290 1324 388 1366 haec
422 1324 604 1379 accipiat.
639 1322 777 1363 Facies
811 1322 916 1361 enim
950 1335 1012 1360 me
1046 1319 1268 1360 certiorem.
1316 1319 1451 1371 Atque
1485 1318 1583 1358 haec
1617 1316 1889 1372 superioribus
1921 1317 2048 1358 literis

293 1398 342 1438 ad
373 1402 413 1438 te
447 1396 659 1450 diligenter
691 1394 1010 1450 perscripseram,
1072 1391 1139 1432 sed
1174 1391 1291 1446 plane
1324 1395 1364 1431 te
1407 1389 1630 1443 intelligere
1673 1389 1782 1430 volui
1825 1389 1925 1430 mihi
1968 1405 2048 1430 non

293 1469 484 1511 excidisse
518 1468 633 1518 fflud‚
680 1467 785 1521 quod
828 1472 874 1507 tu
919 1466 968 1508 ad
1017 1480 1079 1506 me
1124 1463 1366 1519 quibusdam
1406 1463 1534 1503 literis
1576 1462 1820 1517 scripsisses:
1871 1462 1905 1504 si
1947 1461 2049 1503 nihil

294 1543 401 1585 aliud
436 1543 483 1583 de
516 1543 591 1584 hac
624 1541 827 1597 provincia
861 1541 940 1581 nisi
971 1540 1081 1580 illius
1115 1537 1433 1579 benevolentiam
1469 1537 1753 1591 deportassem,
1788 1535 1887 1576 mihi
1919 1535 1962 1576 id
1991 1549 2050 1575 sa-

291 1618 344 1659 tis
378 1632 476 1658 esse.
521 1617 583 1657 Sit
617 1630 724 1665 sane,
761 1614 949 1668 quoniam
981 1612 1039 1652 ita
1072 1618 1118 1652 tu
1151 1612 1211 1652 vis
1222 1629 1232 1662 3
1269 1610 1336 1650 sed
1370 1616 1504 1650 tamen
1538 1623 1629 1649 cum
1663 1624 1722 1658 eo,
1768 1607 1899 1658 credo,
1944 1607 2049 1661 quod

293 1691 378 1731 sine
411 1694 574 1744 peccato
609 1702 694 1729 meo
728 1687 810 1727 fiat.
866 1686 1010 1740 Igitur,
1057 1691 1102 1726 ut
1143 1700 1229 1725 meo
1270 1683 1429 1724 decreto
1474 1682 1649 1723 solvatur
1695 1680 1855 1735 Scaptio
1901 1680 2051 1728 statim,

336 1881 375 1912 20
398 1880 501 1921 [qitzar
524 1890 589 1912 meo
611 1880 737 1910 decreto
759 1877 863 1908 soluta
886 1885 935 1907 res
957 1873 1082 1915 Scaptio
1105 1874 1220 1905 statim.
1247 1872 1343 1913 Quam
1366 1890 1405 1894 —-

341 2050 400 2091 Qui
422 2069 463 2073 —
484 2050 647 2080 edixissem
670 2049 762 2089 idque
786 2066 826 2069 —
841 2047 1041 2087 probaretur.
1065 2044 1150 2076 Con-

296 2106 509 2136 structionem
531 2104 697 2134 duriorem
720 2112 786 2133 11011
812 2100 950 2141 expedio
974 2106 1003 2130 et
1026 2109 1149 2134 vereor,

299 2168 338 2189 ne
361 2159 395 2188 in
417 2158 468 2188 his
490 2157 648 2188 mendum
672 2156 779 2191 lateat,
802 2155 889 2194 quod
912 2153 1007 2183 facile
1034 2152 1149 2182 tollam

298 2211 485 2241 scribendo:
502 2209 591 2250 irlqzoe
605 2208 665 2239 (sic
678 2213 859 2238 correctum
871 2207 905 2236 in
918 2202 1022 2245 Med.)
1035 2204 1148 2235 ediris-

297 2273 369 2300 sem,
391 2262 473 2303 qvod
493 2281 533 2284 -—
548 2261 746 2302 probaretur.
768 2260 854 2290 Nam
876 2267 959 2299 quae
982 2264 1053 2298 post
1067 2257 1148 2287 mul-

299 2322 347 2346 tos
371 2316 451 2345 alios
474 2314 664 2354 Madvigius
687 2314 728 2343 ad
756 2312 831 2342 Fin.
865 2312 890 2342 I.
924 2311 964 2341 42
1004 2311 1044 2341 de
1076 2320 1149 2339 con-

297 2368 484 2398 structionis
506 2366 687 2397 mutatione
710 2374 727 2396 e
750 2364 885 2395 relativa
902 2363 935 2393 111
951 2363 1151 2393 demonstra-

299 2420 399 2450 tivam
422 2419 560 2455 monuit,
583 2418 665 2448 alius
689 2417 818 2455 generis
841 2423 928 2446 sunt.

345 2472 379 2501 In
402 2474 454 2501 tuo
477 2470 595 2500 Laenio
618 2480 650 2500 o:
676 2470 708 2500 in
733 2476 788 2499 tuo
811 2468 966 2498 familiari
996 2467 1042 2497 M.
1072 2467 1152 2497 Lae-

300 2524 365 2560 nio,
395 2532 444 2563 ep.
474 2524 502 2559 3,
535 2525 551 2552 5
582 2522 613 2552 h.
644 2522 674 2558 l.,
706 2530 803 2561 quem
830 2520 928 2560 paulo
967 2524 1042 2550 ante
1078 2528 1152 2549 cum

301 2576 405 2607 Attici
427 2574 711 2605 commendatione
733 2573 817 2613 apud
841 2572 1035 2603 Ciceronem
1052 2571 1152 2601 fuisse

301 2629 452 2659 novimus
475 2637 517 2658 ex
541 2627 583 2657 V.
606 2627 654 2663 21,
677 2628 706 2656 4.
731 2626 780 2656 Cf.
803 2625 879 2655 ibid.
904 2626 922 2664 ξ
943 2625 991 2654 10.

342 2682 360 2720 ξ
383 2680 411 2712 7.
441 2679 617 2711 Consistere
636 2688 668 2708 a:
684 2688 750 2708 11011
766 2677 904 2717 amplius
918 2676 1002 2713 duci,
1017 2684 1152 2712 cessare,
1174 2685 1176 2724 ἶ

299 2734 572 2775 quemadmodum
608 2733 744 2769 labores,
778 2731 883 2761 morbi
918 2731 1045 2770 aliaque
1078 2740 1152 2760 con-

300 2788 413 2818 sistere
435 2787 596 2822 dicuntur,
620 2784 676 2814 ubi
698 2784 773 2814 finis
795 2784 834 2814 iis
857 2783 1046 2823 imponitur.
1080 2782 1152 2812 ICti

300 2839 413 2869 dicunt
435 2848 495 2868 non
517 2847 642 2867 currere
665 2842 695 2867 et
716 2836 841 2866 steriles
869 2844 943 2865 esse.
977 2835 1055 2864 Vid.
1085 2834 1107 2863 1.
1137 2832 1153 2864 Τ

302 2899 333 2922 et
356 2891 377 2922 l.
401 2892 439 2920 35
463 2890 502 2920 D.
526 2890 565 2920 de
588 2889 706 2919 usuris.

350 2942 386 2972 Ut
410 2943 541 2973 silerent
566 2956 579 2967 ιι
591 2942 631 2972 de
660 2940 797 2981 pecunia
827 2939 860 2969 in
891 2938 967 2969 fano
996 2939 1157 2978 deponen-

302 2997 375 3027 da.qq
398 2996 477 3026 Ern.

347 3050 491 3080 Paullus.
514 3050 560 3080 M.
584 3048 750 3080 Aemilius
771 3047 918 3083 Paullus,
934 3045 1049 3076 consul
1062 3045 1159 3075 huius

307 3105 394 3140 anni,
418 3108 485 3134 erat
508 3103 604 3134 frater
628 3102 800 3142 adoptivus
814 3102 860 3132 M.
878 3100 1017 3131 Aemilii
1032 3099 1158 3139 Lepidi,
1182 3085 1183 3123 Ῐ

307 3161 361 3200 qui
386 3161 432 3191 M.
455 3160 548 3190 Bruti
572 3169 715 3190 sororem
731 3159 763 3189 in
782 3157 993 3189 matrimonio
1008 3157 1160 3187 habebat.

1199 2041 1417 2072 Metuendum
1440 2041 1542 2081 igitur
1564 2047 1640 2077 erat,
1661 2049 1702 2071 ne
1719 2048 1777 2079 per
1791 2038 1880 2069 hunc
1893 2036 2054 2078 Scaptius,

1199 2107 1281 2137 quae
1303 2097 1415 2137 inique
1438 2096 1624 2137 postularet,
1648 2094 1821 2124 obtineret.

1238 2151 1350 2181 Facies
1372 2150 1452 2180 enim
1475 2160 1520 2179 me
1542 2148 1713 2179 certiorem.
1746 2148 1785 2177 Id
1815 2151 1878 2177 est:
1909 2155 1986 2176 nam
2019 2148 2054 2175 tu

1199 2203 1281 2233 mihi
1304 2203 1480 2239 nuntiabis,
1505 2202 1584 2242 quid
1608 2202 1730 2231 Brutus
1762 2199 1822 2230 tibi
1850 2197 2054 2238 respondeat.

1198 2257 1285 2286 Pam.
1308 2255 1447 2286 causalis
1470 2255 1555 2286 male
1572 2265 1589 2285 a
1604 2254 1749 2285 Mullero
1768 2252 1801 2282 111
1818 2251 1940 2282 Ρ111101.
1955 2249 2052 2282 XIX.

1198 2310 1257 2340 326
1280 2309 1484 2339 sollicitatur.

1243 2364 1313 2393 Cum
1337 2371 1382 2398 eo,
1410 2361 1492 2402 qnod
1518 2360 1587 2390 sine
1611 2361 1744 2399 peccato
1774 2367 1838 2388 meo
1856 2356 1921 2397 fiat
1952 2366 1984 2386 a:
2017 2364 2055 2386 ea

1200 2415 1282 2454 lege,
1306 2420 1341 2444 ut
1362 2414 1424 2444 1100
1447 2412 1632 2452 integritati
1654 2417 1686 2442 et
1709 2410 1852 2441 iustitiae
1876 2417 1967 2440 meae
1987 2417 2052 2438 non

1202 2472 1373 2507 repugnet.
1412 2465 1552 2496 Locutio
1583 2475 1647 2494 eum
1678 2474 1721 2500 eo,
1751 2462 1833 2504 quod
1861 2470 1928 2502 seq.
1956 2459 2053 2496 coni„

1200 2529 1282 2560 quae
1319 2528 1384 2549 11011
1419 2517 1499 2547 alibi
1528 2517 1613 2556 apud
1647 2515 1839 2547 Ciceronem
1877 2512 2053 2548 invenitur,

1199 2579 1272 2613 post
1287 2571 1422 2602 Livium
1438 2569 1638 2610 frequentari
1656 2574 1770 2609 coepta
1783 2572 1840 2599 est.
1855 2566 1932 2598 Vi‘d.
1945 2565 2054 2596 Hand.

1200 2628 1233 2658 in
1257 2627 1354 2657 Turs.
1375 2626 1421 2656 11.
1444 2635 1473 2665 p.
1496 2624 1556 2654 166
1579 2634 1626 2664 sq.

1242 2680 1354 2721 Iyilur,
1377 2681 1411 2709 ul
1435 2688 1498 2709 meo
1520 2678 1645 2708 cleerelo
1667 2676 1810 2706 solvatur
1838 2674 1963 2714 Scaptio
1989 2674 2054 2704 sla-

1174 2761 1177 2768 .
1201 2735 1264 2771 tim,
1287 2744 1376 2774 quam
1399 2733 1434 2763 z'cl
1455 2733 1569 2762 rectum
1593 2731 1645 2767 sil,
1669 2733 1703 2761 ln
1726 2729 1888 2760 iudicabis.
1910 2726 2054 2758 Difficul-

1176 2791 1178 2828 ᾗ
1201 2791 1282 2817 tates
1305 2785 1422 2826 quibus
1443 2785 1523 2814 haec
1546 2783 1645 2814 verba
1670 2788 1707 2813 ut
1728 2782 1762 2812 in
1786 2781 1878 2811 codd.
1895 2785 1927 2811 et
1945 2778 2054 2810 editio-

1178 2865 1179 2875 ,
1202 2841 1300 2871 nibus
1327 2838 1611 2874 circumferuntur,
1635 2836 1829 2866 laborabant
1846 2834 1932 2864 felici
1949 2841 2055 2863 emen·

1203 2893 1334 2923 datione
1356 2891 1491 2932 dispulit
1513 2889 1780 2936 ‘SVesenbei-gius,
1803 2886 1984 2924 Emend.p.
2004 2882 2055 2915 47.

1180 2963 1181 2990 3
1205 2945 1351 2975 Inseruit
1375 2946 1407 2973 ut
1430 2942 1698 2983 praecedentilnis
1725 2940 1829 2971 literis
1859 2938 2054 2976 absorptum.

1180 3008 1181 3030 1
1209 2997 1381 3028 Sententia
1412 2997 1492 3026 haec
1523 3002 1585 3026 est:
1618 2994 1708 3024 “Fac
1738 3002 1790 3023 me
1819 3000 1887 3022 rem
1917 2999 1992 3025 non,
2020 2992 2056 3018 ut

1205 3049 1311 3079 adhuc
1344 3048 1414 3085 feci,
1445 3047 1607 3086 integram
1642 3045 1836 3084 relinquere,
1867 3042 1923 3073 sed
1950 3042 2055 3071 decer-

1206 3112 1282 3133 nere
1313 3107 1348 3132 ut
1377 3102 1488 3132 statim
1517 3099 1650 3139 Scaptio
1683 3098 1851 3128 solvantur
1879 3099 2056 3135 quaternae

1205 3165 1281 3185 cum
1304 3153 1514 3190 anatocismo,
1540 3151 1695 3191 teipsum
1718 3148 1819 3188 igitur
1852 3147 1991 3179 iudicem
2011 3144 2055 3176 fa-
