2117 3533
709 155 816 197 LIB.
851 155 926 197 IV.

693 340 758 381 II.

960 155 1045 197 ΕΡ.
1081 157 1121 197 1.
1158 157 1198 196 2.
1747 154 1830 195 161

823 340 889 395 (Α.
931 342 975 383 U.
1010 339 1053 382 0.
1088 339 1207 396 697.)

139 462 179 501 1.
213 456 254 499 Si
286 456 386 497 forte
418 455 546 497 rarius
578 454 655 495 tibi
688 470 711 495 a
742 469 805 495 me
840 469 958 508 quam
993 472 1015 497 a
1049 455 1190 496 ceteris
1222 455 1360 496 literae
1402 455 1640 507 redduntur,
1682 457 1776 510 peto
1809 467 1832 494 a

74 537 113 573 te
145 535 192 572 ut
223 530 265 571 id
297 545 379 570 non
412 528 529 570 modo
562 528 831 583 negligentiae
864 543 974 570 meae
1009 529 1076 570 sed
1109 544 1159 570 ne
1188 529 1442 584 occupationi
1466 530 1629 584 quidem
1651 527 1807 570 tribuas
1816 547 1829 580 ;

74 619 174 660 quae
207 603 283 644 etsi
316 618 470 644 summa
502 606 575 652 est,
608 606 743 642 tamen
776 601 887 642 nulla
919 617 1003 643 esse
1036 606 1168 656 potest
1199 606 1325 653 tanta,
1361 607 1407 643 ut
1447 602 1712 658 interrumpat
1755 603 1831 644 iter

74 677 217 718 amoris
249 675 377 717 nostri
424 680 464 716 et
504 674 622 715 officii
665 674 757 715 mei.
802 674 909 714 Nam
952 679 999 715 ut
1041 674 1132 715 veni
1174 675 1356 726 Romam,
1398 675 1545 716 iterum
1587 691 1697 716 nunc
1741 691 1830 717 sum

74 749 216 790 certior
248 748 377 789 factus
411 763 509 799 esse,
544 747 609 788 cui
643 746 776 788 darem
808 747 966 798 literas3
1000 747 1136 802 itaque
1168 747 1240 789 has
1284 748 1426 789 alteras
1471 747 1577 789 dedi.
1622 747 1830 790 Prioribus

73 822 149 864 tibi
182 822 391 872 declaravi,
426 820 621 862 adventus
657 824 790 862 noster
824 820 952 873 qualis
996 820 1138 862 fuisset
1181 825 1220 862 et
1265 821 1353 875 quis
1395 825 1499 862 esset
1539 826 1667 863 status
1711 826 1831 876 atque

75 911 209 937 omnes
242 910 303 936 res
336 899 493 936 nostrae
527 893 865 948 quemadmodum
909 898 1042 935 essent
1090 895 1154 948 [ut
1192 895 1235 935 in
1281 894 1468 936 secundis
1511 894 1656 946 fluxae,
1700 900 1747 936 ut
1790 895 1834 936 in

74 968 248 1010 adversis
280 968 442 1022 bonae]
492 971 531 1008 2.

581 968 679 1008 Post
710 967 799 1008 illas
833 966 946 1007 datas
979 967 1114 1008 literas
1149 972 1286 1008 secuta
1329 973 1389 1009 est
1431 983 1586 1009 summa
1628 968 1834 1010 contentio

73 1041 121 1083 de
155 1042 286 1083 domo.
320 1041 507 1082 Diximus
541 1040 648 1095 apud
681 1040 889 1095 pontifices
923 1039 1050 1095 pridie
1084 1040 1177 1081 Kal.
1213 1039 1422 1081 Octobres.
1458 1041 1561 1081 Acta
1593 1056 1655 1083 res
1689 1046 1752 1084 est
1772 1057 1835 1083 ac·
1855 1053 1889 1078 10

73 1119 208 1155 curate
241 1129 264 1155 a
295 1113 411 1155 nobis
455 1119 494 1155 et
535 1114 568 1155 51
601 1128 779 1167 unquam
812 1113 855 1153 in
889 1113 1059 1154 dicendo
1094 1113 1243 1154 fuimus
1288 1113 1455 1168 aliquid,
1503 1118 1573 1155 aut
1617 1115 1751 1166 etiam,
1802 1116 1836 1157 51

73 1202 280 1242 nunquam
314 1188 410 1229 alias
443 1187 606 1238 fuimus,
640 1191 728 1228 tum
761 1186 938 1242 profecto
973 1186 1084 1227 dolor
1117 1192 1157 1227 et
1191 1187 1275 1242 (rei)
1310 1186 1547 1241 magnitudo
1580 1187 1662 1228 vim
1711 1203 1837 1242 quan-

76 1259 167 1300 dam
200 1259 316 1301 nobis
350 1261 511 1302 dicendi
545 1261 669 1301 dedit.
716 1261 859 1315 Itaque
894 1261 1019 1301 oratio
1053 1260 1257 1301 iuventuti
1291 1265 1450 1301 nostrae
1485 1259 1621 1302 deberi
1653 1276 1735 1302 non
1768 1277 1838 1316 po-

74 1337 154 1374 test
163 1352 173 1384 ;
209 1348 328 1388 quam
361 1334 451 1385 tibi,
496 1335 652 1375 etiamsi
697 1349 779 1375 non
821 1333 1036 1385 desideras,
1080 1337 1216 1374 tamen
1259 1334 1418 1375 mittam
1462 1334 1556 1375 cito.

1614 1336 1655 1375 3.
1700 1335 1838 1386 Quum

116 1509 135 1539 8
156 1510 191 1540 ut
212 1508 246 1540 in
267 1509 424 1547 secundis,
435 1509 561 1551 flmae,
582 1511 617 1540 ut
639 1509 673 1541 in
695 1508 848 1547 adversis,
872 1508 970 1540 bonae
991 1509 1063 1541 sine
1085 1509 1192 1541 obelo.
1215 1528 1257 1532 —
1278 1510 1318 1541 12
1339 1512 1356 1550 †
1378 1510 1468 1543 dolor
1489 1513 1521 1543 et
1542 1511 1725 1554 maqm'tudo
1747 1530 1789 1535 —-

118 1668 136 1708 ξ
159 1667 188 1699 l.
210 1667 281 1699 Non
303 1667 390 1698 modo
412 1687 453 1692 ——
474 1668 531 1700 sed
552 1679 589 1699 ne
611 1687 653 1692 —
674 1668 805 1709 quidem.
829 1668 931 1699 Loco-

76 1731 159 1758 rum,
182 1721 216 1752 in
241 1721 360 1761 quibus
383 1723 423 1752 ad
454 1732 514 1752 72022
545 1722 632 1752 modo
666 1722 768 1753 altera
800 1722 932 1761 negat-io

77 1775 199 1806 omissa
222 1775 358 1812 videtur,
383 1775 543 1806 eiusmodi
565 1776 649 1806 ratio
673 1780 729 1813 est,
752 1781 788 1806 ut
802 1775 856 1806 vel
872 1785 933 1805 non

76 1829 164 1859 modo
185 1839 244 1869 pro
266 1839 327 1859 non
350 1828 450 1859 dicam
472 1829 617 1870 positum
639 1830 688 1866 sit,
718 1830 849 1870 quando
878 1828 935 1858 sed

77 1888 107 1914 et
129 1881 187 1912 sed
207 1881 298 1912 etiam
322 1883 488 1922 sequitur3
512 1883 565 1914 vel
590 1892 606 1914 e
628 1883 736 1913 verbis
759 1882 816 1912 sed
835 1892 873 1912 ne
894 1901 936 1905 —

75 1934 196 1975 quidem
219 1944 261 1965 ex
285 1935 387 1966 altero
424 1936 572 1966 membro
602 1936 736 1976 negatio
764 1945 830 1965 una
859 1945 934 1966 cum

75 1990 260 2030 praedicato
282 1990 482 2030 cogitatione
499 1992 677 2032 repetenda
692 1991 742 2021 sit.
765 1991 861 2027 Nam,
877 1990 934 2020 ubi

75 2042 297 2082 praedicatum
320 2043 353 2073 in
376 2043 478 2083 priori
499 2044 647 2074 membro
670 2043 812 2084 ponitur,
833 2043 936 2073 altera

76 2096 208 2136 negatio
231 2107 297 2127 non
322 2097 421 2133 abest,
445 2102 482 2128 ut
504 2098 530 2128 Ι.
556 2098 603 2134 11,
628 2098 645 2128 1
678 2107 739 2128 non
768 2097 857 2127 modo
886 2106 934 2126 vo-

76 2148 229 2179 luntatem
253 2148 331 2186 eius,
355 2159 434 2190 quae
447 2149 563 2188 fuerat
587 2160 662 2190 erqa
686 2151 725 2186 le,
748 2159 935 2189 recuperare

77 2210 136 2230 non
164 2201 263 2241 potui,
293 2211 396 2232 verum
426 2212 464 2232 ne
499 2211 626 2231 eausam
662 2201 783 2242 quidem
821 2202 935 2232 elicere

76 2252 260 2284 immutatae
282 2253 466 2290 voluntalis,
489 2264 553 2294 quo
569 2254 641 2284 loco
654 2258 689 2284 ut
706 2253 821 2285 Cicero
836 2253 934 2285 etiam

79 2305 221 2336 scribere
243 2311 401 2346 potuerat,
425 2316 483 2335 72071
508 2305 594 2335 modo
617 2306 808 2336 volunlatem
832 2324 874 2329 —-
889 2316 935 2335 re-

78 2368 237 2398 στρήναν-0,
264 2368 365 2389 verum
395 2369 433 2389 ne
461 2368 587 2389 eausam
616 2359 736 2400 quidem
766 2358 846 2390 imm.
876 2359 935 2389 vol.

79 2410 191 2441 elicere
206 2411 306 2451 potui,
330 2411 373 2442 ita
396 2421 485 2442 nunc
508 2422 574 2441 non
597 2411 709 2442 minus
732 2417 819 2442 recte
835 2411 935 2442 dixis-

78 2469 134 2502 set,
160 2467 233 2504 pelo
264 2476 283 2495 a
312 2467 352 2502 te,
383 2467 417 2495 ut
446 2465 482 2495 id
509 2475 569 2495 non.
603 2465 690 2495 modo
721 2476 781 2495 non
821 2465 936 2506 neylie.

77 2528 164 2548 meae
185 2518 315 2556 tribuas,
338 2518 395 2548 sed
415 2529 453 2549 ne
474 2528 536 2549 000.
559 2518 690 2559 quidem.
720 2519 856 2556 Multos,
879 2519 936 2559 qui

78 2571 165 2601 hunc
188 2582 284 2602 usum
307 2572 496 2612 attigerunt,
520 2573 631 2603 laudat
653 2572 764 2603 Haase
793 2573 833 2602 ad
863 2572 935 2603 Rei-

78 2625 154 2665 sigii
184 2625 330 2663 Scholas,
362 2627 380 2666 ξ
409 2626 479 2663 250,
508 2626 628 2666 quibus
660 2631 772 2666 postea
800 2627 936 2657 accessit

79 2679 214 2710 Ellendt
237 2681 277 2710 ad
300 2679 370 2712 Cic.
399 2680 487 2712 Orat.
518 2681 564 2711 11.
594 2691 625 2721 p.
657 2681 705 2718 78,
739 2682 796 2722 qui
824 2687 933 2713 tamen

80 2731 189 2762 minus
211 2737 297 2763 recte
320 2734 470 2763 omnium
492 2733 640 2763 locorum
672 2735 811 2765 eandem
839 2735 934 2766 ratio-

80 2793 157 2815 nem
181 2793 249 2815 esse
272 2785 393 2815 statuit.
427 2786 467 2815 In
490 2785 598 2816 verbis
621 2786 661 2816 de
685 2785 774 2817 Orat.
808 2788 834 2818 Ι.
865 2787 934 2825 229,

80 2846 141 2867 non
164 2836 251 2867 modo
273 2837 402 2877 supplex
424 2837 580 2867 iudicibus
602 2846 669 2868 esse
691 2838 802 2875 voluis,
824 2840 882 2870 Sed
898 2850 937 2870 m>

80 2889 226 2919 ornatius
247 2889 367 2930 quidem
390 2891 446 2920 aut
469 2889 598 2920 liberius
620 2898 745 2920 eausam
761 2890 826 2921 diez*
840 2901 936 2930 suam,

81 2940 137 2970 ubi
160 2941 348 2972 Ellendtius
371 2951 387 2973 e
410 2941 559 2981 plurimis
582 2941 675 2972 libris
690 2943 790 2972 voluit
806 2945 936 2985 recepit,

82 3003 154 3025 mea
168 2995 301 3035 quidem
317 2996 479 3026 sententia
491 2995 543 3026 vel
560 2999 673 3025 contra
682 2997 832 3027 omnium
842 2998 938 3029 libro-

83 3055 156 3076 rum
163 3047 389 3078 auctoritatem
403 3047 506 3077 noluit
517 3047 614 3077 unice
622 3047 827 3087 probandum
845 3056 938 3082 esset.

125 3096 194 3129 Iter
216 3099 331 3131 amoris
352 3100 463 3131 nostri.
493 3099 542 3131 Cf.
564 3099 647 3139 Leg.
684 3100 711 3130 I.
734 3100 773 3133 37
794 3101 858 3132 iter
878 3112 940 3134 ser-

84 3150 181 3180 monis
203 3155 235 3182 et
255 3152 353 3184 Bakii
376 3152 542 3184 adnotatio
565 3152 605 3182 ad
627 3161 654 3183 0.
678 3152 698 3183 l.

146 3206 181 3247 I.

1023 1665 1061 1697 Ut
1084 1666 1117 1697 in
1139 1668 1287 1699 secundis
1299 1669 1423 1710 sturme,
1447 1671 1483 1700 ut
1505 1669 1539 1701 in
1561 1670 1704 1702 adversis
1729 1671 1838 1702 bonae.

977 1721 1069 1752 Haec
1093 1722 1201 1759 verba,
1226 1723 1267 1753 ad
1289 1724 1487 1755 sententiam
1508 1725 1620 1756 minus
1643 1726 1836 1763 necessaria,

978 1784 994 1805 e
1017 1785 1121 1815 praec.
1145 1776 1238 1816 epist.
1270 1777 1288 1816 ξ
1318 1779 1346 1814 8,
1376 1778 1441 1809 11110
1471 1789 1490 1809 a
1518 1779 1653 1810 librario
1682 1780 1840 1810 translata

978 1836 1047 1858 esse
1077 1829 1183 1859 credo.
1222 1828 1259 1860 Si
1288 1830 1408 1867 deleas,
1439 1832 1604 1863 sententia
1633 1842 1700 1863 non
1730 1833 1841 1864 minus

977 1885 1064 1911 recte
1087 1881 1244 1921 procedit.
1266 1882 1401 1914 Mecum
1424 1883 1500 1915 facit
1522 1884 1700 1922 Kahntius,
1723 1885 1839 1926 Symb-

979 1933 1058 1964 Crit.
1084 1944 1114 1974 p.
1139 1936 1168 1965 5.

1021 1988 1038 2027 ξ
1061 1988 1090 2018 2.
1125 1988 1206 2018 Λεία
1230 1998 1280 2019 res
1303 1992 1350 2020 es!
1374 1993 1524 2022 acam-ate
1552 1995 1613 2022 cet.
1647 1990 1840 2023 Orationem

978 2041 1017 2071 cle
1039 2042 1127 2072 domo
1148 2052 1216 2079 sm,
1240 2053 1323 2083 quae
1346 2044 1393 2074 M.
1425 2045 1531 2076 Tullii
1560 2046 1696 2077 nomine
1726 2046 1839 2084 fertur,

978 2095 1152 2136 indignam
1174 2097 1226 2127 his
1249 2097 1402 2129 laudibus
1425 2099 1614 2131 iudicarunt
1636 2101 1699 2131 Ier.
1730 2101 1841 2132 Mark-

979 2149 1097 2180 landus
1120 2154 1151 2180 et
1173 2149 1227 2181 Fr.
1251 2151 1342 2191 Aug.
1365 2152 1518 2190 Wolfius,
1542 2163 1603 2185 nec
1633 2159 1744 2186 tamen
1774 2165 1841 2186 om-

979 2204 1075 2235 nibus
1098 2215 1195 2235 suum
1218 2206 1376 2238 iudicium
1399 2209 1590 2248 probarunt.
1632 2210 1682 2242 Cf.
1713 2212 1841 2243 Baiteri

980 2262 1012 2287 et
1037 2257 1167 2288 Halmii
1189 2258 1289 2298 praef.
1314 2261 1355 2290 ad
1379 2260 1446 2291 Cic.
1471 2261 1554 2302 Opp.
1579 2263 1626 2294 ΙΙ.
1649 2264 1678 2300 2,
1701 2274 1732 2304 p.
1756 2263 1820 2295 IX.

1021 2309 1054 2339 Si
1084 2329 1125 2332 —
1147 2310 1272 2350 ficimus
1301 2312 1424 2353 aliquid
1452 2324 1484 2345 a:
1516 2315 1544 2345 si
1579 2316 1706 2356 aliquid
1739 2317 1841 2348 valui-

978 2374 1063 2394 mus.
1094 2365 1146 2394 Ita
1168 2365 1252 2395 msshz‘l
1272 2376 1339 2397 esse
1361 2374 1410 2399 est
1432 2369 1453 2399 i.
1477 2379 1506 2409 q.
1531 2370 1615 2400 nihil
1646 2381 1750 2411 posse.
1790 2371 1840 2403 Cf.

978 2419 1072 2449 Fam.
1095 2420 1177 2450 VII.
1200 2419 1248 2457 ⁶27,
1273 2421 1291 2451 2
1314 2421 1375 2452 isco
1397 2422 1430 2453 ia
1449 2435 1576 2464 yenere,
1590 2424 1623 2455 in
1639 2436 1697 2465 9210
1720 2426 1843 2467 aliquid

972 2482 1065 2510 posse
1089 2472 1143 2509 013,
1168 2475 1199 2503 fe
1221 2473 1303 2504 nihil
1325 2485 1392 2506 esse
1416 2487 1625 2517 coynosceres.
1664 2479 1750 2510 Ibid.
1779 2481 1841 2512 VI.

980 2525 1027 2561 19,
1059 2527 1077 2556 3
1109 2536 1163 2564 eye
1196 2537 1312 2567 quoque
1348 2529 1473 2570 aliquid
1501 2540 1578 2562 sum.
1622 2532 1662 2562 In
1687 2534 1779 2573 epist.
1802 2535 1843 2565 ad

979 2577 1158 2608 Lucceium
1182 2579 1223 2609 V.
1248 2580 1296 2616 12,
1330 2581 1358 2611 6.
1392 2582 1574 2615 Cratander
1604 2590 1690 2617 recte
1722 2587 1842 2619 edidit:

979 2630 1084 2671 Neque
1107 2633 1141 2660 lu
1164 2631 1190 2662 is
1207 2642 1248 2669 eS,
1264 2633 1407 2675 quiquid
1419 2636 1463 2666 sis
1480 2637 1612 2670 nescias.
1636 2640 1726 2671 Male
1742 2641 1843 2681 vulgo

980 2695 1041 2724 qm,
1065 2694 1116 2724 qut
1139 2695 1193 2722 szs,
1218 2687 1352 2718 nescias.

1020 2735 1119 2766 Dolor
1141 2739 1171 2766 ei
1192 2736 1266 2780 (rei)
1281 2740 1471 2780 magmitudO.
1494 2744 1614 2784 Recepi
1630 2746 1658 2776 I.
1673 2745 1844 2778 Gulielmii

980 2788 1209 2828 suspicionem,
1234 2800 1337 2831 quum
1359 2799 1433 2833 post
1456 2805 1472 2824 r
1486 2798 1516 2825 et
1532 2796 1660 2828 facilius
1675 2799 1722 2828 rei
1735 2801 1844 2832 omitti

980 2841 1129 2880 potuerit,
1155 2851 1254 2882 qnam
1277 2844 1367 2876 dolor
1390 2849 1420 2877 et
1442 2848 1542 2879 scribi
1564 2859 1623 2889 pro
1645 2851 1775 2889 doloris,
1807 2859 1844 2885 ut

981 2893 1015 2923 in
1039 2894 1177 2925 Iuntina
1200 2895 1331 2936 legitur.

1021 2946 1137 2976 Deberi
1171 2958 1233 2978 non
1267 2952 1375 2988 potest
1413 2962 1446 2982 o:
1487 2954 1601 2993 negari
1634 2965 1701 2986 non
1735 2957 1842 2996 (lebet,

983 2999 1109 3029 edenda
1131 3004 1190 3030 est.
1226 3001 1426 3042 comparant
1449 3005 1571 3036 similia
1594 3016 1611 3037 0
1633 3006 1726 3039 Fam.
1760 3009 1842 3041 VII.

989 3052 1036 3089 19,
1062 3053 1089 3082 1.
1113 3053 1210 3084 Τ1150.
1235 3055 1280 3085 11.
1305 3056 1354 3088 67.
1377 3057 1460 3098 Top.
1484 3060 1511 3090 I.
1533 3061 1563 3091 4.
1592 3060 1681 3093 Orat.
1704 3063 1768 3094 ΙΙΙ.
1793 3064 1843 3095 18.

985 3103 1068 3144 Leg.
1091 3105 1138 3136 ΙΙ.
1162 3105 1190 3138 7.

1028 3158 1046 3197 ξ
1069 3160 1098 3189 3.
1124 3158 1221 3199 chm
1241 3162 1408 3203 pontifices
1430 3168 1490 3196 cct.
1514 3165 1644 3198 Decrcti
1667 3168 1756 3201 illius
1772 3170 1841 3202 fun-

1600 3226 1650 3264 ll
