2117 3533
255 160 340 199 188
548 193 553 196 .
653 159 737 199 ΕΡ.
770 158 847 198 AD
879 157 926 198 Τ.
960 157 1309 199 POMPONIUM
1342 158 1605 200 ATTICUM.

250 294 363 336 libris
397 294 578 335 oratoriis
611 293 762 334 factum
795 298 855 335 est
888 309 910 335 a
945 308 1008 335 me
1042 293 1270 349 diligenter.
1320 294 1403 336 Diu
1447 295 1698 350 multumque
1742 296 1785 337 111
1830 297 2016 339 manibus

254 368 438 418 fuerunt3
463 366 664 408 describas
686 367 794 408 licet.
829 367 937 408 Hlud
962 367 1083 409 etiam
1104 372 1143 408 te
1166 382 1276 422 rogo,
1300 367 1390 422 τὴν
1411 368 1674 427 παροῦσαν
1697 366 2016 415 κατάστασιν

253 434 506 495 τυπωδῶς,
541 454 592 481 110
624 439 730 481 istuc
765 440 908 495 hospes
943 441 1117 482 veniam.

254 597 385 629 quoque
425 587 459 618 in
494 597 528 619 re
562 592 794 629 comparantur
833 586 968 619 Crassus
1004 592 1036 618 et
1071 587 1137 626 L.:
1199 587 1264 618 Diu
1292 587 1480 629 multumque
1507 598 1540 619 οε
1570 597 1628 629 per
1655 588 1795 628 longum
1828 592 1956 629 tempus
1986 592 2019 620 et

254 648 402 679 Paullus.
1160 641 1299 673 assidue.
1322 640 1410 674 Orat.
1435 642 1463 672 1.

303 700 347 731 De
367 700 458 731 libris
478 699 637 731 oratoriis.
674 700 763 731 Dicit
786 700 887 730 libros
909 700 948 731 de
977 698 1114 731 Oratore
1205 692 1268 729 τὴν
1297 706 1336 726 π·
1367 707 1400 731 κ.
1429 706 1463 727 τ.
1495 704 1527 725 o:
1552 700 1586 724 ut-
1608 698 1812 735 praesentem
1827 698 1949 725 statum
1968 693 2015 725 rei

257 759 331 792 tres,
355 763 435 794 quos
457 753 520 784 hoc
542 763 629 784 anno
652 752 685 783 in
708 752 798 783 villis
821 751 887 782 suis
906 751 1093 792 perfecerat.
1158 752 1309 792 publicae
1330 752 1519 783 summatim
1540 751 1714 784 describas.

847 857 970 899 XIV.
1036 858 1101 912 (A.
1143 859 1188 900 [J.
1227 859 1268 898 C.
1308 857 1424 912 700.)

325 977 365 1015 1.
399 973 607 1014 Vestorius
640 977 775 1014 noster
806 987 869 1013 me
903 986 972 1026 per
1004 971 1139 1013 literas
1173 972 1268 1014 fecit
1314 973 1523 1014 certiorem
1565 978 1604 1014 te
1638 973 1765 1014 Roma
1808 986 1844 1012 a.
1881 970 1922 1011 d.
1956 984 2017 1012 vr.

261 1046 324 1088 Id.
358 1046 458 1087 Mai.
496 1047 672 1100 [putare]
708 1045 931 1100 profectum
965 1060 1063 1096 esse,
1097 1044 1252 1086 tardius
1286 1061 1404 1100 quam
1438 1045 1605 1095 dixerat,
1649 1044 1754 1098 quod
1788 1044 1920 1085 minus
1953 1059 2019 1084 va-

259 1120 412 1160 luisses.
447 1119 488 1160 Si
522 1118 601 1159 iam
634 1118 777 1159 melius
811 1117 930 1168 vales,
964 1116 1219 1158 vehementer
1248 1117 1417 1172 gaudeo.
1456 1118 1583 1159 Velim
1605 1117 1766 1158 domum
1790 1116 1839 1158 ad
1862 1120 1902 1156 te
1925 1115 2019 1156 scri-

223 1206 236 1230 5
259 1191 344 1242 bas,
379 1196 425 1231 ut
458 1190 558 1231 mihi
590 1191 653 1231 tui
685 1190 778 1231 libri
812 1195 977 1245 pateant
1010 1206 1091 1231 non
1126 1206 1238 1232 secus
1273 1207 1317 1232 ac
1352 1192 1385 1232 si
1418 1191 1503 1246 ipse
1538 1191 1708 1242 adesseS,
1735 1205 1859 1244 quum
1883 1188 2017 1239 ceteri,

258 1269 345 1305 tum
379 1264 586 1305 Varronis.
620 1264 694 1304 Est
726 1263 833 1303 enim
868 1262 966 1303 mihi
999 1263 1195 1304 utendum
1229 1263 1471 1317 quibusdam
1504 1263 1623 1305 rebus
1657 1279 1705 1304 ex
1736 1263 1799 1303 his
1831 1261 1944 1302 libris
1968 1260 2018 1302 ad

260 1353 340 1387 eos,
375 1352 474 1391 quos
506 1337 549 1378 111
584 1335 770 1376 manibus
803 1334 944 1386 habeO,
980 1351 1092 1390 quos,
1127 1341 1173 1376 ut
1207 1351 1334 1391 spero,
1368 1336 1445 1378 tibi
1477 1336 1592 1377 valde
1635 1335 1823 1392 probabo.
1875 1338 1915 1376 2.
1957 1335 2019 1376 Tu

257 1411 389 1461 velim,
424 1410 457 1451 si
491 1409 587 1464 quid
622 1408 721 1449 forte
755 1408 849 1449 novi
881 1407 1018 1458 habes,
1054 1409 1222 1450 maxime
1256 1425 1278 1450 a
1311 1409 1464 1460 Quinto
1488 1409 1620 1459 fratre,
1643 1408 1786 1449 deinde
1811 1423 1833 1448 a
1853 1408 1899 1448 C.
1923 1408 2019 1449 Cae-

255 1500 354 1535 sare,
390 1489 429 1525 et
463 1484 495 1525 si
529 1482 625 1537 quid
659 1482 758 1522 forte
792 1481 840 1522 de
874 1482 1060 1533 comitiis,
1096 1482 1144 1523 de
1178 1498 1218 1523 re
1251 1483 1413 1538 publica
1447 1508 1504 1513 —
1539 1483 1639 1524 soles
1680 1482 1788 1523 enim
1830 1486 1876 1522 tu
1919 1480 2018 1521 haec

202 1575 236 1599 10
255 1558 394 1599 festive
428 1555 584 1598 odorari
619 1580 675 1585 —
710 1554 859 1595 scribas
893 1554 942 1595 ad
975 1570 1059 1606 111ος
1095 1556 1128 1596 si
1160 1556 1262 1597 nihil
1294 1555 1475 1606 habebis,
1512 1561 1646 1596 tamen
1670 1554 1818 1596 scribas
1852 1553 2018 1607 aliquid.

256 1633 479 1685 Nunquam
512 1629 617 1670 0111111
651 1628 752 1668 1111111
784 1633 854 1669 tua
888 1628 1055 1683 epistola
1089 1634 1159 1670 aut
1199 1630 1480 1685 intempestiva
1524 1634 1593 1670 aut
1630 1629 1778 1682 loquax
1820 1628 1904 1668 visa
1947 1630 2019 1667 est.

257 1703 434 1745 Maxime
469 1707 602 1743 autem
635 1716 731 1756 rogo
764 1701 883 1743 rebus
916 1702 998 1743 tuis
1031 1706 1196 1757 totoque
1230 1703 1374 1744 itinere
1408 1719 1456 1744 ex
1491 1701 1690 1743 sententia
1724 1700 1906 1742 confecto
1949 1714 2022 1740 nos

256 1791 375 1832 quam
408 1776 581 1831 primum
614 1775 776 1816 revisas.
810 1775 1051 1831 Dionysium
1083 1776 1178 1818 iube
1212 1776 1376 1819 salvere.
1411 1777 1517 1819 Cura
1550 1781 1596 1818 ut
1631 1776 1776 1817 valeas.

299 1933 317 1963 3
332 1933 449 1971 putare
471 1932 541 1963 sine
563 1931 666 1962 uncis.
689 1948 730 1953 —
753 1930 791 1961 10
804 1929 928 1970 festine
949 1948 990 1953 —
1011 1930 1059 1962 nil
1083 1948 1124 1953 —

300 2073 318 2112 ξ
341 2073 369 2103 1.
401 2071 441 2102 Te
463 2071 561 2102 Roma
583 2088 624 2092 —
654 2072 808 2112 [putare]
833 2072 1013 2112 profectum
1042 2081 1137 2121 essa*
1164 2073 1341 2114 republica.
1370 2072 1420 2104 Cf.
1444 2073 1492 2110 16,
1516 2073 1535 2104 2
1558 2081 1604 2113 sq.
1628 2072 1668 2102 ad
1692 2071 1732 2110 Q.
1764 2071 1802 2101 fr.
1832 2071 1878 2101 II.
1910 2071 1958 2107 14,
1991 2071 2020 2101 1.

257 2126 385 2159 Seclusi
409 2137 439 2156 v.
462 2128 588 2166 putare,
613 2128 701 2167 quod
716 2127 914 2158 sententiam
928 2127 1117 2170 corrumpit,
1136 2158 1137 2161 ,
1162 2127 1228 2157 111.
1253 2128 1280 2163 5,
1306 2127 1333 2157 1.
1356 2126 1422 2157 Eos
1445 2126 1535 2167 cupit
1550 2125 1685 2166 probare
1700 2124 1812 2156 Attico
1830 2134 1864 2154 o:
1893 2124 2019 2155 efficere

258 2191 323 2212 non
361 2181 458 2221 plane
492 2181 634 2221 probans
668 2181 825 2211 Lambini
863 2181 1115 2213 correctionem:
1162 2185 1198 2211 ut
1221 2180 1353 2211 Atticus
1376 2190 1430 2211 eos
1453 2181 1621 2221 approbet.

259 2235 340 2267 Puto
366 2237 397 2265 te
413 2234 592 2274 profectum
615 2244 682 2265 esse
705 2240 765 2266 cet.
1135 2226 1136 2260 1
1203 2233 1221 2272 ξ
1237 2233 1265 2263 2.
1280 2231 1403 2262 Festive
1420 2242 1437 2263 e
1452 2232 1540 2263 Med.
1557 2242 1638 2262 corr.
1657 2231 1807 2262 revocavi
1824 2241 1882 2271 pro
1888 2229 2021 2270 festine,

299 2289 365 2320 Pro
377 2288 618 2329 dixeratpaene
635 2289 749 2329 scripsi
765 2288 904 2326 dixeras,
918 2296 954 2320 ut
967 2289 1115 2321 Faernus
1135 2294 1136 2332 }
1162 2287 1250 2326 quod
1272 2285 1327 2317 Or.
1352 2295 1369 2317 e
1392 2286 1479 2316 Med.
1503 2296 1549 2326 pr.
1573 2285 1711 2325 scripsit.
1734 2285 1823 2315 Illud
1845 2288 1956 2324 aptum
1972 2288 2020 2314 est

258 2343 399 2373 volebat.
413 2342 478 2373 Sed
490 2342 523 2372 id
532 2343 619 2382 quod
632 2342 805 2373 Vestorius
811 2342 991 2382 perliteras
1002 2342 1114 2373 nunci-
1160 2351 1217 2381 pro
1240 2343 1348 2376 001016,-
1372 2341 1433 2371 hoc
1456 2349 1618 2380 nusquam
1641 2339 1720 2370 alibi
1742 2349 1800 2379 pro
1821 2337 2022 2378 festinanter

259 2395 335 2432 avit,
352 2400 457 2435 potest
469 2404 598 2435 quoque
613 2395 782 2435 opponiei,
796 2396 884 2435 quod
893 2400 967 2426 ante
977 2395 1114 2426 dixerat.
1135 2386 1136 2419 1
1159 2394 1300 2435 ponitur.
1327 2393 1418 2424 Nihil
1438 2399 1523 2426 recte
1546 2394 1580 2424 in
1602 2394 1691 2424 Med.
1714 2397 1894 2424 correctum
1916 2396 2006 2431 put0.

301 2448 384 2478 Mox
407 2447 525 2478 domum
549 2446 593 2477 ad
606 2449 636 2477 te
654 2452 701 2478 est
724 2448 743 2478 i.
767 2458 796 2488 q.
813 2448 933 2477 domum
947 2450 1041 2478 taam.
1059 2447 1108 2479 Cf.
1134 2443 1135 2492 1
1201 2447 1248 2477 Ec
1270 2447 1427 2478 sententia
1450 2458 1482 2478 o:
1507 2457 1548 2478 ex
1571 2447 1673 2477 animi
1703 2446 1874 2482 sententia,
1905 2453 2018 2485 quem-

261 2502 344 2533 XII.
367 2503 403 2532 11
429 2502 547 2532 domum
570 2502 614 2532 act
625 2513 659 2533 se
672 2503 800 2533 venisse.
817 2503 908 2534 Caes.
927 2503 966 2534 B.
983 2502 1056 2534 C.I.
1075 2505 1113 2533 53
1134 2502 1135 2517 ¹
1160 2503 1336 2532 admodum
1364 2502 1526 2542 cupiebas
1556 2501 1611 2532 Sic
1642 2501 1684 2531 V.
1715 2501 1764 2537 21,
1796 2500 1823 2536 1,
1853 2499 1894 2529 ad
1916 2498 1958 2537 Q.
1982 2497 2019 2528 fr.

261 2555 363 2596 maym'
386 2555 504 2586 domum
528 2565 693 2586 concursus
716 2555 760 2587 ad
780 2555 947 2597 Asi-aniam
959 2556 1093 2597 fiebant.
1160 2554 1206 2584 II.
1230 2554 1278 2591 14,
1303 2553 1330 2584 1.

302 2608 355 2639 Ad
375 2618 435 2646 808,
458 2618 532 2650 quos
554 2608 587 2639 ἐκ
616 2609 757 2640 manibus
787 2609 893 2640 habeo.
928 2608 1046 2640 Libros
1075 2609 1115 2640 de

865 2714 960 2755 XV.
1028 2714 1092 2767 (A.
1134 2713 1179 2754 U.
1218 2714 1259 2754 C.
1298 2713 1414 2766 700.)

330 2832 368 2871 1.
403 2830 463 2870 De
497 2828 720 2884 Eutychide
754 2833 926 2883 gratum,
969 2828 1037 2883 qui
1071 2833 1200 2869 vetere
1235 2827 1504 2882 praenomine,
1540 2841 1642 2867 novo
1676 2825 1835 2866 nomine
1868 2825 1914 2864 T.
1944 2823 2019 2863 erit

266 2903 477 2952 Caecilius,
511 2907 558 2943 ut
590 2907 650 2943 est
683 2917 731 2943 ex
764 2917 826 2943 me
860 2907 899 2943 et
932 2917 979 2943 ex
1011 2907 1050 2943 te
1073 2902 1235 2942 iunctus
1258 2901 1489 2955 Dionysius,
1514 2900 1574 2941 M.
1598 2897 1858 2953 Pomponius.
1891 2894 2017 2936 Valde

312 3058 329 3097 ξ
353 3058 368 3087 1
393 3057 441 3087 De
463 3056 637 3097 Eutychide
655 3059 795 3096 (fratum.
816 3067 868 3097 np.
901 3057 988 3097 quod
1017 3057 1073 3088 ille
1104 3066 1121 3086 a
1169 3058 1222 3086 tuo
1251 3055 1411 3086 excidisse
1442 3055 1632 3095 suspicatur,
1672 3053 1758 3093 quod
1793 3051 1913 3092 optimc
1949 3057 2021 3091 post

271 3116 301 3142 te
314 3111 463 3141 libertate
480 3110 663 3140 donabitur.
680 3110 720 3140 cf.
739 3110 829 3150 epist.
847 3110 894 3146 16,
910 3110 948 3140 15
965 3109 1060 3149 (mihi
1077 3109 1121 3148 9).
1169 3107 1289 3138 nomine
1318 3107 1540 3138 collocabitur.
1571 3106 1743 3137 Praeterea
1780 3104 1819 3135 cf.
1851 3103 2021 3144 inscriptio

318 3163 426 3193 Vetere
448 3163 662 3203 praenomine,
693 3173 769 3193 noco
798 3161 929 3192 nomine.
964 3162 1122 3193 Ernestus
1142 3130 1145 3188 1
1169 3162 1259 3202 epist.
1283 3162 1332 3194 20,
1357 3161 1412 3192 lib.
1436 3162 1499 3192 111.
1524 3179 1562 3183 ——
1584 3158 1754 3200 Dionysius
1777 3158 1842 3195 ille,
1877 3158 1932 3198 qui
1955 3167 2019 3188 ma-
