2117 3533
300 153 388 192 224
698 153 782 193 ΕΡ.
816 152 892 193 AD
924 151 970 193 Τ.
1004 152 1354 194 POMPONIUM
1387 155 1650 196 ATTICUM.

299 285 396 340 quid
429 290 502 336 est,
537 289 596 326 est
627 285 671 326 in
704 285 856 336 Ariste,
891 285 998 341 apud
1032 302 1151 341 quem
1184 303 1304 329 eram,
1338 289 1446 330 Nam
1478 290 1688 332 Xenonem
1721 295 1838 332 tuum
1870 292 1932 333 vel
1965 307 2054 334 nos-

298 363 404 398 trum
436 358 570 413 potius
605 357 760 408 Quinto
795 374 1089 411 concesseram,
1124 365 1164 401 et
1196 346 1331 403 tamen
1363 368 1524 418 propter
1557 363 1804 405 vicinitatem
1836 369 1942 406 totos
1969 365 2054 407 dies

297 430 415 470 simul
449 445 604 471 eramus
642 430 868 485 [invicem].
910 431 1046 482 Quum
1079 433 1252 487 primum
1284 435 1447 489 poteris,
1481 441 1551 476 tua
1584 436 1749 477 consilia
1782 436 1833 477 ad
1865 452 1927 478 1110
1961 439 2054 479 5011-

296 501 378 552 bas,
414 506 458 542 ut
492 503 613 543 sciam
647 502 744 557 quid
787 518 895 558 agas,
943 503 1013 544 ubi
1055 520 1212 560 quoque
1255 510 1445 562 tempore,
1489 509 1659 550 maxime
1701 509 1861 563 quando
1905 510 2053 553 Romae

260 599 271 611 ,-
295 574 452 616 futurus
487 575 554 616 sis.

335 737 354 768 3
376 748 498 770 eramus
520 738 646 770 iunctim
669 758 709 762 -

294 892 409 917 tamus.
444 886 638 917 For-mulam
667 884 826 916 Graecam
856 885 1083 918 Stalbaumius
1113 887 1148 917 il-

298 940 448 971 lustravit
484 941 524 970 ad
561 940 646 970 Piat.
679 938 837 979 Gorgiam
866 950 897 980 p.
926 941 985 970 481
1017 940 1056 971 D.
1099 941 1148 972 Cf.

293 994 437 1025 Boeckh.
463 994 503 1023 ad
526 992 672 1023 Simonis
695 992 782 1029 dial„
806 1002 837 1032 p.
854 992 990 1023 XVIII.
1013 993 1149 1025 Prover-

292 1047 346 1077 bio
368 1040 459 1077 τᾶνω
489 1044 595 1083 κάτω,
626 1041 669 1076 τὰ
698 1042 789 1076 κάτω
830 1036 932 1076 ὃόἷνω
965 1045 1150 1076 Menander

292 1113 370 1134 usus
393 1109 450 1134 est.
473 1103 529 1133 vid
555 1103 672 1143 fragm.
696 1102 811 1133 0011110.
833 1101 947 1133 Graec.
979 1102 1055 1132 Vol.
1085 1103 1147 1134 IV.

290 1166 320 1195 p.
344 1157 401 1187 221
433 1161 464 1187 et
494 1150 563 1186 ἅνω
602 1153 695 1186 κάτω
734 1150 751 1186 ὃ
788 1150 867 1197 βιός
902 1154 1149 1199 μεταστραφείς

290 1213 411 1253 legitur
432 1213 466 1244 in
490 1213 606 1253 fragm.
629 1213 682 1243 IV
703 1212 848 1252 Adelph.

330 1266 370 1296 In
392 1267 511 1297 Aristo.
540 1267 691 1297 Aristum
713 1265 873 1297 Antiochi
896 1265 1039 1303 fratrem,
1062 1271 1146 1297 vete-

288 1321 331 1351 ris
359 1321 559 1351 Academiae
588 1321 753 1357 heredem,
784 1319 899 1350 Cicero
929 1320 1091 1360 hospitem
1116 1326 1147 1351 et

287 1374 482 1405 familiarem
506 1384 600 1405 suum
622 1379 718 1404 vocat
740 1373 774 1403 in
799 1373 892 1403 Brut.
917 1373 986 1403 332.

327 1426 494 1457 Xenonem.
518 1426 655 1466 Saepius
678 1425 730 1455 hic
753 1430 954 1456 memoratur
978 1426 1012 1456 111
1029 1426 1143 1466 episto-

287 1480 336 1510 lis.
359 1479 424 1509 vid.
447 1478 566 1510 Onom.
589 1479 678 1509 Tull.
700 1478 733 1508 in
753 1478 815 1508 hoc
838 1478 981 1514 1101111110,
998 1479 1142 1519 locisque

285 1532 389 1562 citatis
425 1532 498 1562 add.
528 1532 600 1562 Att.
632 1530 711 1561 XV.
742 1531 791 1567 21,
823 1531 851 1560 2.
882 1530 980 1560 XVI.
1012 1531 1039 1568 1,
1063 1533 1080 1560 5
1105 1535 1136 1561 et

286 1586 313 1623 3,
338 1587 366 1616 2.
402 1586 477 1616 Νο11
502 1586 587 1616 male
611 1595 653 1616 ex
676 1585 726 1622 iis,
749 1594 831 1625 quae
854 1585 893 1615 de
917 1594 955 1615 eo
984 1585 1141 1624 leguntur

284 1640 382 1670 XVI.
408 1640 434 1676 1,
459 1641 496 1676 5.,
528 1639 733 1679 Mongaltius
762 1638 943 1678 suspicatur
976 1648 1051 1669 011111
1081 1639 1140 1669 At-

284 1693 339 1723 tici
362 1693 493 1732 negotia
517 1692 659 1723 Athenis
682 1700 819 1722 curasse.
843 1691 1021 1723 Xenonem
1039 1691 1140 1732 igitur

898 1810 975 1850 XI.

1171 890 1175 894 “
1194 898 1283 919 1111110
1308 890 1456 921 nominat
1479 901 1538 931 pro
1552 891 1705 922 Xenonis
1727 891 1861 923 aedibus
1879 892 2050 932 redditque

1193 942 1306 974 Attico
1328 943 1500 982 rationem,
1524 955 1581 975 cur
1602 955 1668 976 non
1692 945 1733 976 sit
1756 946 1839 985 apud
1861 955 1947 976 eum.

1235 996 1334 1026 Simul
1361 1007 1486 1027 eramus
1527 997 1702 1038 [invicem]
1747 997 1861 1029 Cicero
1894 998 2048 1029 adverbio

1192 1049 1321 1079 invicem
1359 1050 1528 1081 abstinuit.
1571 1050 1722 1081 Haudius
1751 1050 1785 1081 in
1815 1051 1910 1082 Turs.
1940 1052 1987 1082 ΙΙ.
2017 1062 2048 1092 p.

1192 1104 1254 1133 452
1275 1103 1337 1133 hoc
1360 1104 1431 1134 loeo
1454 1104 1536 1134 illud
1559 1114 1576 1135 e
1598 1105 1700 1135 veteri
1722 1105 1923 1136 correctione
1939 1110 2047 1136 ortum

1191 1161 1311 1192 censet,
1334 1165 1436 1195 quum
1459 1156 1620 1195 glossator
1643 1157 1683 1187 ad
1706 1167 1775 1188 voc.
1799 1157 1893 1187 simul
1906 1157 2046 1198 adscrip-

1191 1207 1284 1238 sisset
1305 1208 1444 1246 iunctim,
1467 1214 1503 1240 ut
1532 1210 1603 1239 cod.
1632 1209 1657 1240 Z
1686 1210 1811 1240 habuit.
1854 1209 2047 1251 Suspectam

1190 1271 1305 1293 vocem
1328 1262 1421 1293 uncis
1444 1262 1572 1300 inclusi,
1596 1263 1657 1294 etsi
1680 1273 1746 1294 non
1776 1263 1960 1301 delendam,
1990 1264 2046 1295 sed

1188 1316 1234 1346 sic
1264 1316 1492 1356 corrigendam
1525 1326 1660 1348 censeo:
1696 1317 1789 1347 simul
1816 1327 1949 1348 eramuS.
1991 1318 2045 1348 TU

1187 1377 1306 1405 VELIM,
1329 1380 1417 1410 quum
1434 1369 1565 1410 primum
1590 1369 1720 1409 poteris,
1750 1372 1806 1399 tua
1837 1369 1969 1400 consilia
2002 1370 2047 1399 ad

1187 1432 1233 1452 me
1254 1422 1382 1453 scribas.
1406 1422 1456 1453 Cf.
1479 1433 1527 1463 ep.
1552 1424 1599 1460 11,
1624 1423 1641 1455 7
1668 1423 1711 1452 Ta
1734 1424 1823 1453 velim
1841 1423 1957 1454 Piliam
1970 1423 2045 1454 meis

1186 1475 1286 1505 verbis
1308 1475 1475 1505 consolere.
1498 1476 1559 1515 Ep.
1587 1476 1634 1512 14,
1658 1476 1676 1506 3
1702 1475 1744 1505 Tu
1767 1476 1857 1506 velim
1871 1493 1911 1498 —-
1925 1476 2044 1506 scribas

1189 1529 1233 1558 acl
1259 1538 1304 1558 me
1332 1528 1444 1559 omnia.
1473 1529 1533 1569 Ep.
1564 1530 1613 1566 20,
1646 1530 1683 1558 10
1720 1529 1763 1559 Τιι
1793 1529 1882 1560 velim
1915 1548 1956 1552 —
1987 1531 2044 1560 clas

1187 1591 1320 1621 operam,
1336 1591 1378 1611 110
1392 1582 1582 1612 notissimae
1601 1581 1761 1613 formulae
1777 1582 1871 1622 plura
1891 1583 2043 1623 exempla

1187 1633 1331 1665 afferam.
1354 1634 1452 1672 Quod
1474 1644 1490 1665 e
1513 1634 1602 1665 Med.
1626 1639 1758 1665 notatur
1772 1634 1900 1666 iaveeim
1917 1635 2042 1666 coniec-

1186 1695 1276 1720 turae
1298 1698 1391 1720 meae
1413 1688 1510 1721 favet.

1041 1810 1105 1862 (A.
1148 1810 1192 1850 U.
1233 1810 1274 1850 C.
1312 1809 1429 1863 703.)

346 1938 385 1977 1.
420 1936 520 1987 Hui,
562 1935 763 1987 sstotiesne
797 1949 859 1975 me
892 1934 1027 1975 literas
1061 1934 1217 1976 dedisse
1252 1935 1433 1986 Romam,
1469 1950 1592 1990 quum
1626 1936 1676 1976 ad
1716 1942 1754 1978 te
1796 1937 1926 1978 nullas
1970 1937 2037 1979 da-

280 2025 360 2049 rem
372 2009 418 2051 Ρ),

278 2082 372 2132 rint,
409 2082 654 2123 committam
687 2085 734 2121 ut
765 2096 847 2122 11011
880 2080 984 2121 dem.

468 2012 523 2050 At
556 2024 646 2050 vero
680 2007 846 2063 posthac
880 2008 1026 2049 frustra
1058 2008 1193 2063 potius
1227 2008 1331 2050 dabo
1364 2024 1496 2063 quam,

1034 2082 1097 2122 Ne
1137 2082 1341 2136 provincia
1373 2081 1489 2123 nobis
1522 2087 1768 2139 prorogetur,
1802 2098 1872 2138 per
1912 2082 2036 2124 fortu-

1541 2010 1574 2050 si
1617 2014 1723 2050 recte
1768 2009 1853 2051 dari
1898 2014 2037 2065 potue-

241 2183 252 2204 ,
276 2155 369 2195 nas!
406 2154 501 2195 dum
535 2154 643 2205 ades,
679 2153 874 2208 quidquid
909 2153 1109 2208 provideri
1143 2158 1287 2209 potest,
1311 2154 1489 2209 provide.
1524 2156 1619 2196 Non
1642 2155 1722 2196 dici
1745 2160 1890 2211 potest,
1916 2171 2035 2211 quam

275 2227 436 2282 flagrem
471 2226 666 2268 desiderio
700 2225 823 2277 urbis,
848 2241 967 2281 quam
990 2225 1057 2266 vix
1078 2225 1220 2267 harum
1244 2242 1372 2268 rerum
1397 2227 1665 2269 insulsitatem
1689 2228 1825 2269 feram.

912 2298 1001 2339 Etsi
1033 2298 1100 2339 ille
1134 2299 1413 2353 magistratum
1445 2315 1525 2341 non
1559 2301 1738 2355 gesserit,
1783 2305 1867 2342 erat
1898 2304 2032 2343 tamen
2061 2345 2064 2347 Α

276 2299 398 2341 0011115
432 2299 544 2340 foede
578 2299 626 2340 de
661 2299 861 2340 Comensi.

315 2463 331 2495 7
354 2465 496 2504 qesserat
518 2480 558 2485 —

313 2613 330 2652 ξ
354 2614 382 2643 2.
405 2612 580 2643 Marcellus
593 2612 693 2652 foede
715 2611 753 2643 de
778 2612 924 2650 Comensi,
947 2618 1009 2644 cet.
1043 2613 1127 2644 Rem

270 2670 417 2697 accurate
442 2671 551 2696 narrat
573 2666 755 2705 Appianus,
785 2667 825 2696 (10
855 2666 932 2696 bell.
961 2666 1048 2697 civil.
1078 2667 1125 2697 ΙΙ.

268 2719 317 2755 26,
341 2718 393 2749 1115
415 2718 541 2749 verbis:
565 2715 667 2749 Πόλιν
697 2714 735 2749 δὲ
754 2714 934 2762 Νεόκωμον
954 2713 970 2749 ὃ
989 2718 1124 2762 Καῖσαρ

268 2771 299 2810 ἐς
328 2772 457 2807 Λατίου
486 2769 619 2805 δίκαιον
656 2772 720 2812 (ius
756 2772 845 2802 Latii
881 2772 1124 2812 Transpadanis

268 2831 332 2861 iam
349 2841 377 2861 a.
391 2831 449 2861 665
466 2840 656 2861 concessum
669 2848 709 2851 —
725 2829 790 2859 vid.
805 2830 845 2859 ad
861 2838 909 2869 ep.
924 2830 952 2870 2,
969 2830 987 2859 3
1003 2828 1034 2859 h.
1050 2828 1071 2858 l.
1084 2847 1124 2850 ——

267 2884 581 2920 Novocomensibus,
611 2883 760 2914 coloniae
796 2892 824 2912 a.
862 2882 920 2912 695
951 2882 1121 2922 rogatione

268 2936 403 2969 Vatinia
426 2949 443 2969 a
466 2948 500 2970 se
521 2939 676 2970 deductae
700 2937 804 2977 (Suet.
829 2936 920 2968 Caes.
943 2937 997 2978 28)
1029 2941 1121 2967 extra

267 2992 417 3022 ordinem
456 2996 670 3028 concesserat,
704 2995 739 3021 ut
771 2990 894 3026 eodem,
925 3000 990 3030 quo
1023 2989 1122 3021 ceteri

267 3044 494 3084 Transpadani
518 3045 588 3075 iure
612 3050 730 3075 essent.
766 3043 844 3073 Vid.
867 3042 1018 3082 Savignii
1040 3043 1121 3083 disp.

266 3094 352 3124 laud.
379 3095 440 3125 IX.
463 3098 490 3131 3,
514 3106 543 3135 p.
567 3096 642 3134 312)
656 3093 710 3128 ἐπὶ
732 3096 797 3126 τῶν
808 3085 966 3126 ’Ἄλπεων
991 3091 1119 3137 ᾠκίκει.

267 3142 311 3178 ὧν
342 3142 417 3179 ’όσοι
448 3141 519 3179 κατ’
535 3144 605 3185 ἔτος
622 3142 747 3192 ἦρχον,
764 3144 939 3190 ἐγίγνοντο
955 3145 1119 3190 Ρωμαίων

1862 2231 1885 2269 2
1895 2261 1903 2269 .
1926 2228 2033 2269 Mar-

1175 2606 1342 2642 πολῖται
1363 2606 1443 2642 thoe
1469 2606 1537 2655 γὰρ
1566 2607 1679 2655 ἰσχύει
1701 2620 1739 2642 το
1770 2608 1914 2642 Λάτιον.
1953 2611 2027 2642 Τῶν

1175 2673 1231 2694 ουν
1281 2661 1469 2708 Νεοκώμων
1512 2659 1588 2695 τινὰ
1634 2658 1787 2708 ἅοχοντά
1828 2675 1865 2696 τε
1912 2661 2030 2701 αὐτοῖς

1172 2726 1211 2759 ’γε
1214 2713 1350 2760 νόμενον
1381 2713 1437 2747 καὶ
1476 2713 1571 2760 παρὰ
1608 2727 1709 2748 τουτο
1747 2717 1904 2760 Ρωμαῖον
1941 2709 2027 2749 εἶναι

1172 2765 1389 2814 νομιζόμενον
1429 2764 1446 2800 ὃ
1499 2765 1698 2813 Μάρκελλος
1739 2761 1785 2812 ἐφ
1829 2767 1926 2812 ὕβρει
1965 2769 2026 2801 τοῦ

1172 2820 1345 2868 Καίσαρος
1373 2818 1468 2869 ἔξῃνε
1497 2819 1644 2867 ῥάβδοις
1671 2814 1715 2865 ἐφ’
1744 2818 1810 2866 ’ότῳ
1831 2818 1873 2856 δὴ
1898 2822 1947 2861 (oz
1971 2831 2024 2853 ne-

1172 2878 1238 2908 scio
1261 2889 1359 2920 quam
1373 2879 1584 2920 obculpam),
1608 2875 1645 2909 οὐ
1684 2874 1889 2922 πασχόντων
1922 2877 2025 2910 τοῦτο

1172 2931 1334 2975 Ρωμαίων
1364 2931 1509 2974 (vetabat
1532 2931 1621 2962 0111111
1643 2930 1699 2961 lex
1722 2929 1839 2960 Porcia
1859 2938 1918 2969 pro
1931 2934 2024 2969 tergo

1170 2985 1293 3015 civium
1315 2985 1407 3027 lata).
1429 2982 1485 3017 καὶ
1513 2982 1570 3017 τὸν
1598 2984 1675 3016 νοῦν
1713 2975 1769 3014 ὑπ’
1805 2980 1909 3029 ὀργῆς
1945 2981 2020 3014 ανε-

1170 3034 1333 3072 κάὶωπτε.
1361 3034 1420 3074 τὰς
1439 3034 1575 3081 πληγάς
1594 3031 1679 3069 εἶναι
1698 3034 1810 3075 ξενίας
1831 3031 2019 3079 σύμβολον,

1170 3087 1227 3121 καὶ
1255 3089 1362 3135 φέρειν
1393 3086 1498 3127 αὐτὰς
1526 3087 1650 3121 ἐκέλευε
1673 3085 1729 3120 καὶ
1766 3085 1937 3120 δεικνύναι
1973 3090 2020 3133 τῷ

1170 3142 1319 3187 Καίσαρι
1340 3148 1345 3155 ’
1367 3141 1453 3175 οὕτω
1473 3139 1531 3186 μὲν
1548 3139 1751 3186 ὑβριστικῶς
1772 3136 1788 3174 ὃ
1809 3137 2018 3186 Μάρκελλος.
