2117 3533
673 149 781 191 LIB.
816 151 897 193 ΠΙ.
932 150 1017 193 ΕΡ.
1054 151 1250 194 20-22,

678 336 794 378 XXI.

1754 158 1839 197 149

857 337 923 390 (A.
964 337 1009 379 U.
1032 339 1088 380 c.
1123 339 1242 393 696.)

143 452 323 506 Triginta
356 452 441 493 dies
474 456 587 493 erant
618 451 709 507 ipsi,
745 466 867 506 quum
901 452 972 493 has
1006 453 1151 494 dabam
1183 453 1332 505 literas,
1367 470 1436 509 per
1454 470 1553 509 quos
1572 455 1704 497 nullas
1727 472 1749 498 a
1772 471 1837 497 vo-

82 525 142 566 bis
181 539 422 580 acceperam.
466 524 572 566 Mihi
605 529 739 565 autem
772 530 856 566 erat
888 526 930 567 in
964 527 1096 567 animo
1140 527 1234 578 iam,
1268 532 1315 568 ut
1347 532 1464 569 antea
1508 528 1557 569 ad
1598 534 1637 569 te
1681 529 1835 584 scripsi,

80 598 137 639 ire
168 597 211 638 in
244 597 412 653 Epirum
455 601 496 638 et
536 597 594 638 ibi
628 612 784 638 0111116111
819 613 954 639 casum
987 600 1241 654 potissimum
1274 605 1516 655 exspectare.

1575 603 1629 643 Te
1664 617 1731 643 oro
1776 608 1836 653 ut,

81 670 114 712 si
148 669 244 724 quid
278 670 366 720 erit,
401 670 507 724 quod
540 670 769 725 perspicias,
804 685 1085 726 quamcunque
1118 672 1161 713 in
1194 677 1347 728 partem
1381 688 1500 727 quam
1534 674 1762 729 planissime
1786 675 1836 717 ad
1877 686 1892 710 5

80 758 142 785 1116
176 741 338 794 scribas,
373 747 413 784 et
444 757 532 783 meo
565 743 739 793 nomine,
775 748 820 784 ut
853 742 1007 795 scribis,
1042 744 1191 796 literas,
1228 744 1375 800 quibus
1408 745 1571 801 putabis
1604 762 1688 788 esse
1722 763 1836 803 opus,

81 821 127 857 ut
160 815 243 857 des.
276 816 380 856 Data
412 829 454 856 v.
488 815 582 856 Kal.
615 814 835 857 Novembr.

122 979 141 1010 6
163 988 238 1020 opus
260 987 326 1011 esse
348 984 463 1011 contra
483 979 573 1011 Med.
595 996 636 1002 —
658 978 675 1011 7
699 978 858 1011 Novembr.
885 979 1137 1012 Thessalonicae.

125 1124 268 1166 Priqinta
290 1125 358 1156 dies
380 1127 471 1156 eran!
493 1125 562 1165 ipsi.
586 1125 686 1156 Pron.
705 1125 771 1166 ipse
788 1126 932 1157 numeris

1023 1126 1103 1164 Iam,
1125 1129 1160 1158 ut
1183 1130 1278 1159 antea
1303 1129 1346 1159 acl
1367 1131 1398 1159 te
1419 1128 1543 1169 scripsi.
1565 1129 1726 1160 Traiectis
1748 1138 1842 1160 voca-

82 1179 229 1210 additum
257 1180 439 1211 accuratius
475 1180 662 1211 definiendo
695 1180 842 1218 inservit,
872 1191 936 1221 quo
986 1181 1069 1212 bulis
1092 1182 1200 1222 potius
1222 1182 1313 1223 lege:
1337 1185 1372 1212 ut
1394 1182 1455 1213 iam
1471 1184 1546 1213 ante
1561 1182 1605 1213 acl
1618 1185 1648 1213 te
1661 1182 1784 1223 scripsi.
1802 1201 1843 1206 —-

83 1233 179 1263 modo
202 1232 300 1263 etiam
322 1232 475 1274 inteyrzcm
499 1238 529 1264 et
558 1233 691 1264 solidum
723 1232 823 1274 (apud
856 1234 937 1264 Var-

982 1235 1021 1265 In
1046 1235 1284 1276 subscriptione
1308 1236 1466 1277 epistolae
1487 1246 1645 1268 verumne
1676 1237 1718 1267 sit
1748 1236 1842 1267 Thes·

82 1286 212 1323 ronem)
234 1285 298 1316 dici
320 1285 507 1326 Malaspina
528 1285 667 1316 monuit.
694 1286 790 1326 Belg.
813 1279 957 1317 dixerisl
981 1287 1150 1324 salonicae,
1174 1289 1262 1328 quod
1284 1289 1318 1319 in
1342 1289 1434 1319 codd.
1457 1289 1544 1320 notis
1567 1299 1634 1320 non
1662 1290 1841 1327 invenitur,

71 1337 169 1379 jai-st.
193 1337 242 1370 Cf.
265 1339 308 1370 V.
331 1339 380 1377 11,
402 1341 432 1371 4.

666 1445 807 1486 XXII.

874 1446 939 1499 (A.

956 1354 958 1372 ι
982 1341 1146 1372 incertum
1168 1347 1225 1373 est.
1249 1342 1367 1373 Bosius
1390 1342 1524 1395 addidit.

982 1445 1026 1485 U.
1066 1446 1107 1486 C.
1143 1447 1262 1500 696.)

148 1561 188 1600 1.
229 1559 318 1601 Etsi
366 1559 579 1614 diligenter
622 1559 671 1600 ad
716 1574 778 1601 me
830 1559 1009 1611 Quintus
1049 1559 1169 1601 frater
1222 1564 1262 1601 et
1305 1561 1398 1602 Piso
1440 1577 1539 1616 quae
1581 1567 1714 1604 essent
1756 1568 1845 1605 acta

84 1633 337 1688 scripserant,
370 1637 504 1674 tamen
537 1633 678 1674 vellem
719 1638 790 1674 tua
832 1638 871 1674 te
917 1634 1126 1688 occupatio
1170 1649 1251 1675 non
1295 1634 1529 1690 impedisset
1571 1651 1650 1691 quo
1693 1636 1842 1688 minus,

76 1710 123 1746 ut
163 1705 377 1755 consuesti,
424 1705 473 1746 ad
517 1720 579 1746 me
622 1705 718 1760 quid
753 1710 935 1760 ageretur
969 1711 1008 1747 et
1041 1705 1141 1760 quid
1172 1706 1416 1762 intelligeres
1449 1709 1728 1763 perscriberes.
1773 1710 1842 1751 Me

78 1779 210 1820 adhuc
245 1779 434 1820 Plancius
467 1777 708 1820 liberalitate
743 1794 814 1819 sua
847 1779 993 1820 retinet
1027 1779 1107 1819 iam
1142 1779 1353 1834 aliquoties
1388 1786 1577 1822 conatum
1600 1782 1657 1823 ire
1680 1783 1723 1823 in
1746 1784 1841 1838 Epi·
1882 1799 1897 1825 5

77 1866 179 1891 rum.
227 1852 323 1906 Spes
356 1851 511 1892 homini
545 1856 605 1892 est
637 1852 785 1893 iniecta
817 1867 898 1893 11011
932 1851 1085 1903 eadem,
1121 1868 1222 1907 quae
1256 1854 1372 1905 mihi,
1406 1870 1521 1909 posse
1554 1871 1628 1896 nos
1661 1871 1742 1897 una
1776 1856 1842 1897 de-

76 1923 235 1974 cedere;
271 1939 390 1977 quam
423 1939 507 1964 rem
541 1923 619 1965 sibi
652 1939 797 1978 magno
831 1924 972 1965 honori
1007 1930 1140 1980 sperat
1172 1925 1269 1966 fore.
1313 1926 1391 1967 Sed
1424 1927 1504 1968 iam
1538 1943 1662 1982 quum
1695 1929 1840 1970 adven-

75 2001 158 2036 tare
191 1996 338 2037 milites
373 1996 570 2048 dicentur,
605 1997 833 2038 faciendum
866 1997 982 2038 nobis
1017 1999 1105 2047 erit,
1141 2003 1188 2039 ut
1222 1998 1270 2039 ab
1305 2015 1351 2040 eo
1395 2000 1662 2043 discedamus.

1720 2002 1841 2053 Quod

76 2084 199 2123 quum
232 2069 436 2121 faciemus,
471 2070 521 2111 ad
554 2076 593 2112 te
628 2072 763 2112 statim
796 2072 1016 2123 mittemuS,
1050 2076 1097 2113 ut
1131 2072 1245 2123 scias,
1281 2073 1352 2114 ubi
1387 2074 1524 2116 simus.
1563 2078 1602 2116 2.
1637 2075 1836 2117 Lentulus

75 2157 147 2183 suo
179 2142 223 2183 in
254 2157 326 2182 nos
360 2143 503 2194 officio,
539 2143 646 2198 quod
679 2148 719 2184 et
751 2159 793 2184 re
827 2148 866 2184 et
898 2144 1103 2199 promissis
1137 2149 1177 2185 et
1209 2145 1336 2186 literis
1370 2145 1560 2197 declarat,
1585 2164 1695 2203 spem
1717 2147 1837 2190 nobis
1861 2163 1896 2190 10

74 2214 308 2256 nonnullam
343 2216 455 2257 affert
489 2216 670 2272 Pompeii
702 2217 936 2258 voluntatis.
972 2218 1095 2272 Saepe
1130 2218 1236 2259 enim
1270 2223 1317 2260 tu
1350 2219 1400 2261 ad
1433 2236 1496 2261 me
1530 2223 1725 2278 scripsisti
1747 2239 1839 2265 eum

74 2292 205 2329 totum
237 2304 320 2330 esse
353 2290 397 2330 in
429 2290 538 2332 illius
572 2295 783 2346 potestate.
818 2291 879 2333 De
912 2291 1092 2342 Metello,
1128 2291 1287 2347 scripsit
1320 2292 1370 2334 ad
1393 2308 1456 2335 me
1479 2294 1613 2347 frater,
1639 2302 1837 2352 quantum

116 2430 135 2459 8
157 2427 307 2461 dicuntur
328 2448 369 2453 --

117 2554 136 2593 ξ
159 2554 187 2585 1.
209 2553 282 2586 Piso
315 2555 355 2587 L.
379 2555 575 2597 Calpurnius
600 2556 678 2589 Piso
695 2557 864 2590 Ciceronis
879 2567 932 2598 ge-

74 2617 142 2645 ner,
172 2609 264 2640 cuius
293 2610 440 2641 studium
469 2620 548 2651 erga
576 2622 725 2643 socerum
756 2617 787 2643 et
817 2622 932 2643 omnes

73 2671 148 2692 suos
171 2660 285 2693 Cicero
308 2663 418 2693 lauda-t
451 2664 492 2694 ad
519 2664 560 2702 Q.
596 2664 633 2695 fr.
664 2665 691 2696 Ι.
713 2667 742 2702 4,
777 2666 806 2696 2.
838 2665 931 2696 Fam.

75 2713 173 2744 XIV.
196 2715 224 2751 l,
247 2716 276 2745 4.
300 2716 328 2752 2,
357 2716 385 2746 2.

120 2765 297 2806 Οσστφαίὶο.
320 2767 369 2798 Cf.
393 2778 476 2808 quae
501 2769 612 2800 notavi
635 2771 676 2800 ad
698 2771 743 2801 11.
767 2771 816 2808 23,
841 2771 869 2801 1.

117 2819 179 2850 Sed
198 2820 259 2850 iam
272 2831 360 2861 quum
372 2822 544 2852 adventare
562 2822 676 2853 milites
692 2824 846 2854 dicentur.
868 2824 932 2855 Fu·

74 2878 186 2904 turum
219 2880 266 2904 est
298 2884 315 2905 e
348 2875 419 2905 cod.
448 2875 546 2912 Med„
579 2876 678 2916 idque
711 2878 931 2908 necessarium

76 2936 145 2959 esse
175 2928 326 2964 ostendit,
355 2930 443 2968 quod
477 2930 622 2970 sequitur
640 2930 829 2970 faciendum
859 2932 930 2963 erit.

75 2980 163 3011 Nam
190 2981 353 3021 praesenti
382 2981 532 3012 dicuntur
566 2984 777 3023 responderet
802 2984 929 3024 facien-

75 3033 145 3064 dum
167 3037 224 3064 est.
247 3033 316 3065 Iam
337 3046 426 3076 quum
439 3035 566 3067 estsere
579 3036 667 3067 idem
681 3047 718 3068 ac
733 3037 929 3080 simulatque,

73 3092 109 3118 ut
131 3087 283 3119 Handius
306 3088 338 3119 in
363 3089 458 3120 Turs.
481 3089 544 3120 ΙΙΙ.
568 3100 597 3131 p.
623 3091 682 3120 118
705 3093 931 3134 vere-monuit.

74 3139 194 3171 Milites
217 3147 293 3176 suut
320 3142 452 3178 Pisonis
481 3143 635 3181 consulis,
666 3144 723 3185 qui
758 3145 791 3177 in
824 3146 931 3177 Maee-

980 2557 1114 2589 doniam
1148 2558 1352 2598 provinciam
1390 2558 1551 2599 proficisci
1589 2559 1732 2600 parabat.
1787 2559 1838 2592 Cf.

979 2611 1072 2642 Fam.
1096 2608 1194 2642 XIV.
1218 2612 1246 2648 1,
1269 2613 1297 2643 3.

1022 2664 1092 2702 ξ2.
1114 2662 1189 2693 Eum
1212 2666 1309 2695 totum
1340 2673 1406 2695 esse
1438 2664 1471 2695 in
1500 2664 1590 2695 illius
1612 2667 1774 2706 potestate
1802 2675 1835 2697 0:

979 2716 1160 2747 Lentulum
1183 2717 1267 2747 nihil
1290 2727 1356 2748 non
1375 2717 1480 2749 facere
1494 2727 1536 2749 ex
1549 2718 1722 2749 voluntate
1738 2718 1836 2749 Pom-

979 2770 1053 2810 peii.
1077 2769 1113 2800 Si
1135 2769 1246 2809 itaque
1268 2769 1430 2801 Lentulus
1443 2770 1499 2801 ille
1515 2771 1630 2801 consul
1646 2771 1836 2811 designatus

981 2823 1147 2855 Ciceronis
1169 2833 1302 2854 causam
1324 2825 1450 2864 agebat,
1482 2829 1609 2856 certum
1642 2830 1710 2856 erat
1740 2825 1836 2856 Pom-

979 2876 1052 2916 peio
1074 2875 1136 2906 hoc
1159 2880 1289 2915 gratum
1314 2885 1393 2907 esse.

1019 2930 1067 2960 De
1090 2929 1223 2960 Metello
1245 2936 1304 2961 cet.
1332 2931 1489 2962 Metellus
1511 2931 1631 2971 Nepos,
1656 2932 1738 2963 alter
1760 2942 1836 2963 con·

978 2984 1027 3014 sul
1051 2983 1250 3023 designatus,
1284 2984 1488 3015 simultatem
1516 2985 1753 3017 humanissime
1782 2987 1835 3018 de-

978 3045 1098 3076 ponere
1121 3036 1262 3073 volebat,
1286 3041 1320 3067 ut
1343 3035 1410 3068 Cic.
1434 3036 1547 3067 scribit
1570 3037 1655 3067 infra
1677 3047 1726 3078 ep.
1740 3038 1789 3076 24,
1805 3039 1834 3070 2.

979 3091 1028 3123 Cf.
1053 3091 1136 3122 Sest.
1160 3090 1208 3128 72,
1232 3092 1271 3123 de
1294 3102 1384 3132 prov.
1408 3102 1472 3123 608.
1496 3092 1545 3128 22,
1568 3092 1706 3133 aliisque
1722 3093 1813 3125 locis.

1022 3143 1178 3184 Quantam
1207 3147 1359 3185 speraret.
1391 3145 1481 3177 Male
1503 3143 1648 3177 Orellius
1670 3145 1834 3188 obtempe-
