<?xml version="1.0" encoding="UTF-8"?>
<!DOCTYPE html PUBLIC "-//W3C//DTD XHTML 1.0 Transitional//EN"
    "http://www.w3.org/TR/xhtml1/DTD/xhtml1-transitional.dtd">
<html xmlns="http://www.w3.org/1999/xhtml" xml:lang="en" lang="en">
 <head>
  <title>
</title>
<meta http-equiv="Content-Type" content="text/html;charset=utf-8" />
  <meta name='ocr-system' content='tesseract 3.04.00' />
  <meta name='ocr-capabilities' content='ocr_page ocr_carea ocr_par ocr_line ocrx_word'/>
</head>
<body>
  <div class='ocr_page' id='page_1' title='image "./epistolarumadtpo01ciceuoft_0075.png"; bbox 0 0 2117 3533; ppageno 0'>
   <div class='ocr_carea' id='block_1_1' title="bbox 761 149 1163 194">
    <p class='ocr_par' dir='ltr' id='par_1_1' title="bbox 761 149 1163 194">
     <span class='ocr_line' id='line_1_1' title="bbox 761 149 1163 194; baseline 0.005 -3"><span class='ocrx_word' id='word_1_1' title='bbox 761 149 868 192; x_wconf 90' lang='lat' dir='ltr'>LIB.</span> <span class='ocrx_word' id='word_1_2' title='bbox 902 150 938 192; x_wconf 90' lang='grc' dir='ltr'>Ι.</span> <span class='ocrx_word' id='word_1_3' title='bbox 972 150 1056 193; x_wconf 84' lang='grc' dir='ltr'>ΕΡ.</span> <span class='ocrx_word' id='word_1_4' title='bbox 1093 153 1163 194; x_wconf 81' lang='grc'>18.</span> 
     </span>
    </p>
   </div>
   <div class='ocr_carea' id='block_1_2' title="bbox 1788 158 1841 199">
    <p class='ocr_par' dir='ltr' id='par_1_2' title="bbox 1788 158 1841 199">
     <span class='ocr_line' id='line_1_2' title="bbox 1788 158 1841 199; baseline 0.019 -1"><span class='ocrx_word' id='word_1_5' title='bbox 1788 158 1841 199; x_wconf 82' lang='grc'>55</span> 
     </span>
    </p>
   </div>
   <div class='ocr_carea' id='block_1_3' title="bbox 86 283 1843 348">
    <p class='ocr_par' dir='ltr' id='par_1_3' title="bbox 86 283 1843 348">
     <span class='ocr_line' id='line_1_3' title="bbox 86 283 1843 348; baseline 0.005 -22"><span class='ocrx_word' id='word_1_6' title='bbox 86 300 166 326; x_wconf 90' lang='lat' dir='ltr'>non</span> <span class='ocrx_word' id='word_1_7' title='bbox 199 283 331 333; x_wconf 86' lang='lat' dir='ltr'>homo,</span> <span class='ocrx_word' id='word_1_8' title='bbox 365 284 434 325; x_wconf 85' lang='lat' dir='ltr'>sed</span> <span class='ocrx_word' id='word_1_9' title='bbox 466 284 563 326; x_wconf 88' lang='lat' dir='ltr'>litus</span> <span class='ocrx_word' id='word_1_10' title='bbox 596 288 715 338; x_wconf 89' lang='lat' dir='ltr'>atque</span> <span class='ocrx_word' id='word_1_11' title='bbox 749 288 815 325; x_wconf 81' lang='lat' dir='ltr'>a&#39;e&#39;r</span> <span class='ocrx_word' id='word_1_12' title='bbox 848 289 887 326; x_wconf 90' lang='lat' dir='ltr'>et</span> <span class='ocrx_word' id='word_1_13' title='bbox 920 285 1094 327; x_wconf 86' lang='lat' dir='ltr'>solitudo</span> <span class='ocrx_word' id='word_1_14' title='bbox 1126 301 1248 328; x_wconf 87' lang='lat' dir='ltr'>mera.</span> <span class='ocrx_word' id='word_1_15' title='bbox 1305 289 1366 329; x_wconf 82' lang='lat' dir='ltr'>Tu</span> <span class='ocrx_word' id='word_1_16' title='bbox 1398 294 1546 341; x_wconf 87' lang='lat' dir='ltr'>autem,</span> <span class='ocrx_word' id='word_1_17' title='bbox 1592 291 1662 345; x_wconf 87' lang='lat' dir='ltr'>qui</span> <span class='ocrx_word' id='word_1_18' title='bbox 1696 293 1843 348; x_wconf 80' lang='lat' dir='ltr'>saepis-</span> 
     </span>
    </p>
   </div>
   <div class='ocr_carea' id='block_1_4' title="bbox 87 357 1842 421">
    <p class='ocr_par' dir='ltr' id='par_1_4' title="bbox 87 357 1842 421">
     <span class='ocr_line' id='line_1_4' title="bbox 87 357 1842 421; baseline 0.005 -22"><span class='ocrx_word' id='word_1_19' title='bbox 87 358 183 399; x_wconf 87' lang='lat' dir='ltr'>sime</span> <span class='ocrx_word' id='word_1_20' title='bbox 217 372 352 398; x_wconf 86' lang='lat' dir='ltr'>curam</span> <span class='ocrx_word' id='word_1_21' title='bbox 385 362 425 398; x_wconf 87' lang='lat' dir='ltr'>et</span> <span class='ocrx_word' id='word_1_22' title='bbox 457 372 645 411; x_wconf 82' lang='lat' dir='ltr'>angorem</span> <span class='ocrx_word' id='word_1_23' title='bbox 677 357 801 398; x_wconf 87' lang='lat' dir='ltr'>animi</span> <span class='ocrx_word' id='word_1_24' title='bbox 834 358 913 398; x_wconf 89' lang='lat' dir='ltr'>mei</span> <span class='ocrx_word' id='word_1_25' title='bbox 946 373 1125 401; x_wconf 77' lang='lat' dir='ltr'>sermone</span> <span class='ocrx_word' id='word_1_26' title='bbox 1169 364 1209 400; x_wconf 88' lang='lat' dir='ltr'>et</span> <span class='ocrx_word' id='word_1_27' title='bbox 1252 361 1417 402; x_wconf 85' lang='lat' dir='ltr'>consilio</span> <span class='ocrx_word' id='word_1_28' title='bbox 1460 361 1601 404; x_wconf 88' lang='lat' dir='ltr'>levasti</span> <span class='ocrx_word' id='word_1_29' title='bbox 1646 369 1730 415; x_wconf 85' lang='lat' dir='ltr'>tuo,</span> <span class='ocrx_word' id='word_1_30' title='bbox 1773 367 1842 421; x_wconf 89' lang='lat' dir='ltr'>qui</span> 
     </span>
    </p>
   </div>
   <div class='ocr_carea' id='block_1_5' title="bbox 86 429 1842 487">
    <p class='ocr_par' dir='ltr' id='par_1_5' title="bbox 86 429 1842 487">
     <span class='ocr_line' id='line_1_5' title="bbox 86 429 1842 487; baseline 0.005 -16"><span class='ocrx_word' id='word_1_31' title='bbox 86 430 185 471; x_wconf 88' lang='grc'><strong>1111111</strong></span> <span class='ocrx_word' id='word_1_32' title='bbox 217 434 256 470; x_wconf 86' lang='grc'>01</span> <span class='ocrx_word' id='word_1_33' title='bbox 288 430 331 470; x_wconf 88' lang='grc'>111</span> <span class='ocrx_word' id='word_1_34' title='bbox 364 429 526 485; x_wconf 88' lang='lat' dir='ltr'>publica</span> <span class='ocrx_word' id='word_1_35' title='bbox 558 445 598 470; x_wconf 89' lang='lat' dir='ltr'>re</span> <span class='ocrx_word' id='word_1_36' title='bbox 632 430 762 471; x_wconf 88' lang='lat' dir='ltr'>socius</span> <span class='ocrx_word' id='word_1_37' title='bbox 790 434 830 470; x_wconf 91' lang='lat' dir='ltr'>et</span> <span class='ocrx_word' id='word_1_38' title='bbox 861 431 903 472; x_wconf 89' lang='lat' dir='ltr'>in</span> <span class='ocrx_word' id='word_1_39' title='bbox 936 432 1101 487; x_wconf 85' lang='lat' dir='ltr'>privatis</span> <span class='ocrx_word' id='word_1_40' title='bbox 1135 432 1321 474; x_wconf 89' lang='lat' dir='ltr'>omnibus</span> <span class='ocrx_word' id='word_1_41' title='bbox 1355 435 1538 476; x_wconf 86' lang='lat' dir='ltr'>conscius</span> <span class='ocrx_word' id='word_1_42' title='bbox 1580 442 1619 478; x_wconf 87' lang='lat' dir='ltr'>et</span> <span class='ocrx_word' id='word_1_43' title='bbox 1663 439 1842 480; x_wconf 89' lang='lat' dir='ltr'>omnium</span> 
     </span>
    </p>
   </div>
   <div class='ocr_carea' id='block_1_6' title="bbox 87 502 1844 561">
    <p class='ocr_par' dir='ltr' id='par_1_6' title="bbox 87 502 1844 561">
     <span class='ocr_line' id='line_1_6' title="bbox 87 502 1844 561; baseline 0.006 -16"><span class='ocrx_word' id='word_1_44' title='bbox 87 518 262 545; x_wconf 84' lang='lat' dir='ltr'>meorum</span> <span class='ocrx_word' id='word_1_45' title='bbox 295 518 522 544; x_wconf 82' lang='lat' dir='ltr'>sermonum</span> <span class='ocrx_word' id='word_1_46' title='bbox 555 507 594 544; x_wconf 91' lang='lat' dir='ltr'>et</span> <span class='ocrx_word' id='word_1_47' title='bbox 637 502 893 544; x_wconf 84' lang='lat' dir='ltr'>consiliorum</span> <span class='ocrx_word' id='word_1_48' title='bbox 934 505 1131 561; x_wconf 88' lang='lat' dir='ltr'>particeps</span> <span class='ocrx_word' id='word_1_49' title='bbox 1173 522 1257 547; x_wconf 88' lang='lat' dir='ltr'>esse</span> <span class='ocrx_word' id='word_1_50' title='bbox 1300 507 1415 557; x_wconf 90' lang='lat' dir='ltr'>soles,</span> <span class='ocrx_word' id='word_1_51' title='bbox 1457 508 1623 550; x_wconf 91' lang='lat' dir='ltr'>ubinam</span> <span class='ocrx_word' id='word_1_52' title='bbox 1667 513 1737 554; x_wconf 75' lang='lat' dir='ltr'>es?</span> <span class='ocrx_word' id='word_1_53' title='bbox 1778 514 1844 555; x_wconf 82' lang='lat' dir='ltr'>Ita</span> 
     </span>
    </p>
   </div>
   <div class='ocr_carea' id='block_1_7' title="bbox 87 576 1895 635">
    <p class='ocr_par' dir='ltr' id='par_1_7' title="bbox 87 576 1895 635">
     <span class='ocr_line' id='line_1_7' title="bbox 87 576 1895 635; baseline 0.004 -18"><span class='ocrx_word' id='word_1_54' title='bbox 87 592 173 617; x_wconf 87' lang='lat' dir='ltr'>sum</span> <span class='ocrx_word' id='word_1_55' title='bbox 207 576 256 617; x_wconf 89' lang='lat' dir='ltr'>ab</span> <span class='ocrx_word' id='word_1_56' title='bbox 290 576 475 617; x_wconf 86' lang='lat' dir='ltr'>omnibus</span> <span class='ocrx_word' id='word_1_57' title='bbox 508 576 739 626; x_wconf 85' lang='lat' dir='ltr'>destitutus,</span> <span class='ocrx_word' id='word_1_58' title='bbox 774 582 820 616; x_wconf 89' lang='grc'>111</span> <span class='ocrx_word' id='word_1_59' title='bbox 852 581 1009 618; x_wconf 85' lang='lat' dir='ltr'>tantum</span> <span class='ocrx_word' id='word_1_60' title='bbox 1051 580 1240 633; x_wconf 90' lang='lat' dir='ltr'>requietis</span> <span class='ocrx_word' id='word_1_61' title='bbox 1284 580 1465 631; x_wconf 80' lang='lat' dir='ltr'>habeam,</span> <span class='ocrx_word' id='word_1_62' title='bbox 1512 587 1707 635; x_wconf 85' lang='lat' dir='ltr'>quantum</span> <span class='ocrx_word' id='word_1_63' title='bbox 1751 601 1842 628; x_wconf 89' lang='lat' dir='ltr'>cum</span> <span class='ocrx_word' id='word_1_64' title='bbox 1883 600 1895 624; x_wconf 83' lang='lat'>5</span> 
     </span>
    </p>
   </div>
   <div class='ocr_carea' id='block_1_8' title="bbox 85 648 1842 700">
    <p class='ocr_par' dir='ltr' id='par_1_8' title="bbox 85 648 1842 700">
     <span class='ocr_line' id='line_1_8' title="bbox 85 648 1842 700; baseline 0.005 -10"><span class='ocrx_word' id='word_1_65' title='bbox 85 664 205 690; x_wconf 83' lang='lat' dir='ltr'>uxore</span> <span class='ocrx_word' id='word_1_66' title='bbox 239 654 278 690; x_wconf 89' lang='grc'>01</span> <span class='ocrx_word' id='word_1_67' title='bbox 310 649 430 690; x_wconf 90' lang='lat' dir='ltr'>filiola</span> <span class='ocrx_word' id='word_1_68' title='bbox 462 653 502 689; x_wconf 97' lang='grc'>01</span> <span class='ocrx_word' id='word_1_69' title='bbox 518 648 668 689; x_wconf 86' lang='lat' dir='ltr'>mellito</span> <span class='ocrx_word' id='word_1_70' title='bbox 686 648 876 690; x_wconf 80' lang='lat' dir='ltr'>Cicerone</span> <span class='ocrx_word' id='word_1_71' title='bbox 900 651 1163 692; x_wconf 87' lang='lat' dir='ltr'>consumitur.</span> <span class='ocrx_word' id='word_1_72' title='bbox 1198 653 1304 693; x_wconf 89' lang='lat' dir='ltr'>Nam</span> <span class='ocrx_word' id='word_1_73' title='bbox 1321 653 1411 694; x_wconf 84' lang='lat' dir='ltr'>illae</span> <span class='ocrx_word' id='word_1_74' title='bbox 1431 654 1664 696; x_wconf 71' lang='lat' dir='ltr'>ambitiosae</span> <span class='ocrx_word' id='word_1_75' title='bbox 1684 663 1842 700; x_wconf 86' lang='lat' dir='ltr'>nostrae</span> 
     </span>
    </p>
   </div>
   <div class='ocr_carea' id='block_1_9' title="bbox 85 722 1842 778">
    <p class='ocr_par' dir='ltr' id='par_1_9' title="bbox 85 722 1842 778">
     <span class='ocr_line' id='line_1_9' title="bbox 85 722 1842 778; baseline 0.003 -14"><span class='ocrx_word' id='word_1_76' title='bbox 85 724 319 777; x_wconf 77' lang='lat' dir='ltr'>fucosaeque</span> <span class='ocrx_word' id='word_1_77' title='bbox 354 722 551 763; x_wconf 77' lang='lat' dir='ltr'>amicitiae</span> <span class='ocrx_word' id='word_1_78' title='bbox 585 727 679 762; x_wconf 88' lang='lat' dir='ltr'>sunt</span> <span class='ocrx_word' id='word_1_79' title='bbox 710 722 753 762; x_wconf 92' lang='grc'>111</span> <span class='ocrx_word' id='word_1_80' title='bbox 787 722 959 776; x_wconf 87' lang='lat' dir='ltr'>quodam</span> <span class='ocrx_word' id='word_1_81' title='bbox 993 724 1200 778; x_wconf 77' lang='lat' dir='ltr'>splendore</span> <span class='ocrx_word' id='word_1_82' title='bbox 1235 726 1395 778; x_wconf 82' lang='lat' dir='ltr'>forensi,</span> <span class='ocrx_word' id='word_1_83' title='bbox 1446 726 1620 769; x_wconf 83' lang='lat' dir='ltr'>fructum</span> <span class='ocrx_word' id='word_1_84' title='bbox 1655 728 1842 771; x_wconf 86' lang='lat' dir='ltr'>domesti-</span> 
     </span>
    </p>
   </div>
   <div class='ocr_carea' id='block_1_10' title="bbox 84 795 1841 856">
    <p class='ocr_par' dir='ltr' id='par_1_10' title="bbox 84 795 1841 856">
     <span class='ocr_line' id='line_1_10' title="bbox 84 795 1841 856; baseline 0.005 -20"><span class='ocrx_word' id='word_1_85' title='bbox 84 810 173 836; x_wconf 88' lang='lat' dir='ltr'>cum</span> <span class='ocrx_word' id='word_1_86' title='bbox 207 810 287 836; x_wconf 89' lang='lat' dir='ltr'>non</span> <span class='ocrx_word' id='word_1_87' title='bbox 319 795 483 837; x_wconf 86' lang='lat' dir='ltr'>habent.</span> <span class='ocrx_word' id='word_1_88' title='bbox 524 796 680 850; x_wconf 82' lang='lat' dir='ltr'>Itaque,</span> <span class='ocrx_word' id='word_1_89' title='bbox 716 811 839 850; x_wconf 89' lang='lat' dir='ltr'>quum</span> <span class='ocrx_word' id='word_1_90' title='bbox 873 796 973 837; x_wconf 90' lang='lat' dir='ltr'>bene</span> <span class='ocrx_word' id='word_1_91' title='bbox 1008 798 1203 852; x_wconf 89' lang='lat' dir='ltr'>completa</span> <span class='ocrx_word' id='word_1_92' title='bbox 1237 799 1378 841; x_wconf 89' lang='lat' dir='ltr'>domus</span> <span class='ocrx_word' id='word_1_93' title='bbox 1411 804 1471 842; x_wconf 87' lang='lat' dir='ltr'>est</span> <span class='ocrx_word' id='word_1_94' title='bbox 1503 805 1679 856; x_wconf 89' lang='lat' dir='ltr'>tempore</span> <span class='ocrx_word' id='word_1_95' title='bbox 1712 808 1841 844; x_wconf 88' lang='lat' dir='ltr'>matu-</span> 
     </span>
    </p>
   </div>
   <div class='ocr_carea' id='block_1_11' title="bbox 83 868 1841 930">
    <p class='ocr_par' dir='ltr' id='par_1_11' title="bbox 83 868 1841 930">
     <span class='ocr_line' id='line_1_11' title="bbox 83 868 1841 930; baseline 0.005 -22"><span class='ocrx_word' id='word_1_96' title='bbox 83 868 181 919; x_wconf 86' lang='lat' dir='ltr'>tino,</span> <span class='ocrx_word' id='word_1_97' title='bbox 217 884 341 922; x_wconf 85' lang='lat' dir='ltr'>quum</span> <span class='ocrx_word' id='word_1_98' title='bbox 375 869 424 909; x_wconf 88' lang='lat' dir='ltr'>ad</span> <span class='ocrx_word' id='word_1_99' title='bbox 458 869 587 909; x_wconf 83' lang='lat' dir='ltr'>forum</span> <span class='ocrx_word' id='word_1_100' title='bbox 620 868 756 923; x_wconf 80' lang='lat' dir='ltr'>stipati</span> <span class='ocrx_word' id='word_1_101' title='bbox 789 869 978 923; x_wconf 76' lang='lat' dir='ltr'>gregibus</span> <span class='ocrx_word' id='word_1_102' title='bbox 1011 871 1228 912; x_wconf 86' lang='lat' dir='ltr'>amicorum</span> <span class='ocrx_word' id='word_1_103' title='bbox 1262 873 1555 925; x_wconf 83' lang='lat' dir='ltr'>descendimus,</span> <span class='ocrx_word' id='word_1_104' title='bbox 1590 875 1759 930; x_wconf 88' lang='lat' dir='ltr'>reperire</span> <span class='ocrx_word' id='word_1_105' title='bbox 1793 892 1841 919; x_wconf 82' lang='lat' dir='ltr'>ex</span> 
     </span>
    </p>
   </div>
   <div class='ocr_carea' id='block_1_12' title="bbox 81 942 1895 1003">
    <p class='ocr_par' dir='ltr' id='par_1_12' title="bbox 81 942 1895 1003">
     <span class='ocr_line' id='line_1_12' title="bbox 81 942 1895 1003; baseline 0.004 -21"><span class='ocrx_word' id='word_1_106' title='bbox 81 957 224 996; x_wconf 83' lang='lat' dir='ltr'>magna</span> <span class='ocrx_word' id='word_1_107' title='bbox 256 942 375 983; x_wconf 89' lang='lat' dir='ltr'>turba</span> <span class='ocrx_word' id='word_1_108' title='bbox 406 942 606 983; x_wconf 82' lang='lat' dir='ltr'>neminem</span> <span class='ocrx_word' id='word_1_109' title='bbox 640 957 863 996; x_wconf 84' lang='lat' dir='ltr'>possumus,</span> <span class='ocrx_word' id='word_1_110' title='bbox 911 943 1073 997; x_wconf 88' lang='lat' dir='ltr'>quicum</span> <span class='ocrx_word' id='word_1_111' title='bbox 1107 950 1177 985; x_wconf 86' lang='lat' dir='ltr'>aut</span> <span class='ocrx_word' id='word_1_112' title='bbox 1208 946 1331 987; x_wconf 88' lang='lat' dir='ltr'>iocari</span> <span class='ocrx_word' id='word_1_113' title='bbox 1362 946 1486 988; x_wconf 89' lang='lat' dir='ltr'>libere</span> <span class='ocrx_word' id='word_1_114' title='bbox 1529 952 1600 988; x_wconf 86' lang='lat' dir='ltr'>aut</span> <span class='ocrx_word' id='word_1_115' title='bbox 1643 948 1895 1003; x_wconf 69' lang='lat' dir='ltr'>suspirarem</span> 
     </span>
    </p>
   </div>
   <div class='ocr_carea' id='block_1_13' title="bbox 81 1015 1839 1071">
    <p class='ocr_par' dir='ltr' id='par_1_13' title="bbox 81 1015 1839 1071">
     <span class='ocr_line' id='line_1_13' title="bbox 81 1015 1839 1071; baseline 0.004 -16"><span class='ocrx_word' id='word_1_116' title='bbox 81 1015 327 1056; x_wconf 78' lang='lat' dir='ltr'>familiariter</span> <span class='ocrx_word' id='word_1_117' title='bbox 360 1015 571 1070; x_wconf 70' lang='lat' dir='ltr'>possimus</span> <span class='ocrx_word' id='word_1_118' title='bbox 607 1015 740 1066; x_wconf 73' lang='lat' dir='ltr'>Quare</span> <span class='ocrx_word' id='word_1_119' title='bbox 774 1020 813 1055; x_wconf 89' lang='lat' dir='ltr'>te</span> <span class='ocrx_word' id='word_1_120' title='bbox 847 1020 1137 1070; x_wconf 80' lang='lat' dir='ltr'>exspectamus,</span> <span class='ocrx_word' id='word_1_121' title='bbox 1172 1022 1212 1058; x_wconf 90' lang='lat' dir='ltr'>te</span> <span class='ocrx_word' id='word_1_122' title='bbox 1247 1019 1532 1071; x_wconf 84' lang='lat' dir='ltr'>desideramus,</span> <span class='ocrx_word' id='word_1_123' title='bbox 1559 1025 1598 1061; x_wconf 89' lang='lat' dir='ltr'>te</span> <span class='ocrx_word' id='word_1_124' title='bbox 1622 1021 1701 1061; x_wconf 87' lang='lat' dir='ltr'>iam</span> <span class='ocrx_word' id='word_1_125' title='bbox 1719 1022 1839 1062; x_wconf 88' lang='lat' dir='ltr'>etiam</span> 
     </span>
    </p>
   </div>
   <div class='ocr_carea' id='block_1_14' title="bbox 81 1087 1839 1148">
    <p class='ocr_par' dir='ltr' id='par_1_14' title="bbox 81 1087 1839 1148">
     <span class='ocr_line' id='line_1_14' title="bbox 81 1087 1839 1148; baseline 0.005 -20"><span class='ocrx_word' id='word_1_126' title='bbox 81 1087 336 1139; x_wconf 83' lang='lat' dir='ltr'>arcessimus;</span> <span class='ocrx_word' id='word_1_127' title='bbox 378 1088 505 1129; x_wconf 88' lang='lat' dir='ltr'>multa</span> <span class='ocrx_word' id='word_1_128' title='bbox 539 1093 633 1129; x_wconf 88' lang='lat' dir='ltr'>sunt</span> <span class='ocrx_word' id='word_1_129' title='bbox 666 1088 787 1139; x_wconf 88' lang='lat' dir='ltr'>enim,</span> <span class='ocrx_word' id='word_1_130' title='bbox 830 1104 930 1143; x_wconf 89' lang='lat' dir='ltr'>quae</span> <span class='ocrx_word' id='word_1_131' title='bbox 963 1104 1025 1130; x_wconf 88' lang='lat' dir='ltr'>me</span> <span class='ocrx_word' id='word_1_132' title='bbox 1060 1090 1278 1132; x_wconf 75' lang='lat' dir='ltr'>sollicitant</span> <span class='ocrx_word' id='word_1_133' title='bbox 1311 1097 1559 1147; x_wconf 87' lang='lat' dir='ltr'>anguntque‚</span> <span class='ocrx_word' id='word_1_134' title='bbox 1607 1109 1706 1148; x_wconf 88' lang='lat' dir='ltr'>quae</span> <span class='ocrx_word' id='word_1_135' title='bbox 1740 1095 1839 1136; x_wconf 89' lang='lat' dir='ltr'>mihi</span> 
     </span>
    </p>
   </div>
   <div class='ocr_carea' id='block_1_15' title="bbox 80 1161 1838 1223">
    <p class='ocr_par' dir='ltr' id='par_1_15' title="bbox 80 1161 1838 1223">
     <span class='ocr_line' id='line_1_15' title="bbox 80 1161 1838 1223; baseline 0.005 -21"><span class='ocrx_word' id='word_1_136' title='bbox 80 1161 216 1202; x_wconf 88' lang='lat' dir='ltr'>videor</span> <span class='ocrx_word' id='word_1_137' title='bbox 256 1177 370 1203; x_wconf 87' lang='lat' dir='ltr'>aures</span> <span class='ocrx_word' id='word_1_138' title='bbox 414 1166 556 1203; x_wconf 84' lang='lat' dir='ltr'>nactus</span> <span class='ocrx_word' id='word_1_139' title='bbox 599 1166 688 1203; x_wconf 85' lang='lat' dir='ltr'>tuas</span> <span class='ocrx_word' id='word_1_140' title='bbox 734 1162 854 1203; x_wconf 87' lang='lat' dir='ltr'>unius</span> <span class='ocrx_word' id='word_1_141' title='bbox 902 1162 1185 1205; x_wconf 83' lang='lat' dir='ltr'>ambulationis</span> <span class='ocrx_word' id='word_1_142' title='bbox 1237 1181 1415 1207; x_wconf 79' lang='lat' dir='ltr'>sermone</span> <span class='ocrx_word' id='word_1_143' title='bbox 1459 1166 1668 1208; x_wconf 82' lang='lat' dir='ltr'>exhaurire</span> <span class='ocrx_word' id='word_1_144' title='bbox 1709 1184 1838 1223; x_wconf 87' lang='lat' dir='ltr'>posse.</span> 
     </span>
    </p>
   </div>
   <div class='ocr_carea' id='block_1_16' title="bbox 80 1234 1838 1297">
    <p class='ocr_par' dir='ltr' id='par_1_16' title="bbox 80 1234 1838 1297">
     <span class='ocr_line' id='line_1_16' title="bbox 80 1234 1838 1297; baseline 0.004 -21"><span class='ocrx_word' id='word_1_145' title='bbox 80 1239 120 1276; x_wconf 74' lang='lat'>2.</span> <span class='ocrx_word' id='word_1_146' title='bbox 166 1236 225 1275; x_wconf 79' lang='lat' dir='ltr'>Ac</span> <span class='ocrx_word' id='word_1_147' title='bbox 260 1235 567 1276; x_wconf 81' lang='lat' dir='ltr'>domesticarum</span> <span class='ocrx_word' id='word_1_148' title='bbox 601 1234 762 1289; x_wconf 87' lang='lat' dir='ltr'>quidem</span> <span class='ocrx_word' id='word_1_149' title='bbox 806 1235 1125 1277; x_wconf 85' lang='lat' dir='ltr'>sollicitudinum</span> <span class='ocrx_word' id='word_1_150' title='bbox 1166 1238 1323 1279; x_wconf 84' lang='lat' dir='ltr'>aculeos</span> <span class='ocrx_word' id='word_1_151' title='bbox 1367 1254 1503 1280; x_wconf 89' lang='lat' dir='ltr'>omnes</span> <span class='ocrx_word' id='word_1_152' title='bbox 1548 1244 1587 1280; x_wconf 86' lang='lat' dir='ltr'>et</span> <span class='ocrx_word' id='word_1_153' title='bbox 1631 1242 1838 1297; x_wconf 87' lang='lat' dir='ltr'>scrupulos</span> 
     </span>
    </p>
   </div>
   <div class='ocr_carea' id='block_1_17' title="bbox 79 1307 1892 1367">
    <p class='ocr_par' dir='ltr' id='par_1_17' title="bbox 79 1307 1892 1367">
     <span class='ocr_line' id='line_1_17' title="bbox 79 1307 1892 1367; baseline 0.004 -18"><span class='ocrx_word' id='word_1_154' title='bbox 79 1308 302 1359; x_wconf 84' lang='lat' dir='ltr'>occultabo,</span> <span class='ocrx_word' id='word_1_155' title='bbox 345 1322 473 1361; x_wconf 90' lang='lat' dir='ltr'>neque</span> <span class='ocrx_word' id='word_1_156' title='bbox 507 1323 579 1361; x_wconf 80' lang='lat' dir='ltr'>ego</span> <span class='ocrx_word' id='word_1_157' title='bbox 613 1307 707 1349; x_wconf 88' lang='grc'><strong>111110</strong></span> <span class='ocrx_word' id='word_1_158' title='bbox 752 1308 940 1363; x_wconf 83' lang='lat' dir='ltr'>epistolae</span> <span class='ocrx_word' id='word_1_159' title='bbox 985 1314 1104 1363; x_wconf 81' lang='lat' dir='ltr'>atque</span> <span class='ocrx_word' id='word_1_160' title='bbox 1144 1310 1283 1364; x_wconf 87' lang='lat' dir='ltr'>ignoto</span> <span class='ocrx_word' id='word_1_161' title='bbox 1328 1311 1536 1353; x_wconf 85' lang='lat' dir='ltr'>tabellario</span> <span class='ocrx_word' id='word_1_162' title='bbox 1577 1316 1837 1358; x_wconf 82' lang='lat' dir='ltr'>committam.</span> <span class='ocrx_word' id='word_1_163' title='bbox 1860 1341 1892 1367; x_wconf 75' lang='lat'>15</span> 
     </span>
    </p>
   </div>
   <div class='ocr_carea' id='block_1_18' title="bbox 79 1379 1839 1440">
    <p class='ocr_par' dir='ltr' id='par_1_18' title="bbox 79 1379 1839 1440">
     <span class='ocr_line' id='line_1_18' title="bbox 79 1379 1839 1440; baseline 0.003 -17"><span class='ocrx_word' id='word_1_164' title='bbox 79 1384 212 1436; x_wconf 87' lang='lat' dir='ltr'>Atque</span> <span class='ocrx_word' id='word_1_165' title='bbox 246 1381 288 1421; x_wconf 86' lang='lat' dir='ltr'>hi</span> <span class='ocrx_word' id='word_1_166' title='bbox 323 1407 380 1411; x_wconf 82' lang='lat'>-—</span> <span class='ocrx_word' id='word_1_167' title='bbox 414 1380 506 1420; x_wconf 89' lang='lat' dir='ltr'>nolo</span> <span class='ocrx_word' id='word_1_168' title='bbox 540 1379 646 1420; x_wconf 88' lang='grc'><strong>0111111</strong></span> <span class='ocrx_word' id='word_1_169' title='bbox 679 1384 718 1420; x_wconf 88' lang='lat' dir='ltr'>te</span> <span class='ocrx_word' id='word_1_170' title='bbox 751 1381 971 1434; x_wconf 84' lang='lat' dir='ltr'>permoveri</span> <span class='ocrx_word' id='word_1_171' title='bbox 1006 1406 1063 1410; x_wconf 93' lang='lat'>—-</span> <span class='ocrx_word' id='word_1_172' title='bbox 1098 1397 1178 1423; x_wconf 87' lang='lat' dir='ltr'>non</span> <span class='ocrx_word' id='word_1_173' title='bbox 1213 1388 1307 1424; x_wconf 90' lang='lat' dir='ltr'>sunt</span> <span class='ocrx_word' id='word_1_174' title='bbox 1340 1385 1580 1440; x_wconf 73' lang='lat' dir='ltr'>permolesti,</span> <span class='ocrx_word' id='word_1_175' title='bbox 1616 1387 1684 1427; x_wconf 88' lang='lat' dir='ltr'>sed</span> <span class='ocrx_word' id='word_1_176' title='bbox 1704 1392 1839 1430; x_wconf 84' lang='lat' dir='ltr'>tamen</span> 
     </span>
    </p>
   </div>
   <div class='ocr_carea' id='block_1_19' title="bbox 76 1451 1837 1514">
    <p class='ocr_par' dir='ltr' id='par_1_19' title="bbox 76 1451 1837 1514">
     <span class='ocr_line' id='line_1_19' title="bbox 76 1451 1837 1514; baseline 0.004 -19"><span class='ocrx_word' id='word_1_177' title='bbox 76 1453 254 1495; x_wconf 83' lang='lat' dir='ltr'>insident</span> <span class='ocrx_word' id='word_1_178' title='bbox 286 1456 326 1493; x_wconf 91' lang='lat' dir='ltr'>et</span> <span class='ocrx_word' id='word_1_179' title='bbox 357 1456 502 1506; x_wconf 83' lang='lat' dir='ltr'>urgent</span> <span class='ocrx_word' id='word_1_180' title='bbox 535 1456 574 1493; x_wconf 87' lang='grc'>01</span> <span class='ocrx_word' id='word_1_181' title='bbox 614 1451 765 1492; x_wconf 88' lang='grc'><strong>1111111115</strong></span> <span class='ocrx_word' id='word_1_182' title='bbox 810 1453 980 1493; x_wconf 87' lang='lat' dir='ltr'>amantis</span> <span class='ocrx_word' id='word_1_183' title='bbox 1026 1454 1192 1495; x_wconf 82' lang='lat' dir='ltr'>consilio</span> <span class='ocrx_word' id='word_1_184' title='bbox 1234 1460 1304 1496; x_wconf 88' lang='lat' dir='ltr'>aut</span> <span class='ocrx_word' id='word_1_185' title='bbox 1345 1471 1523 1499; x_wconf 83' lang='lat' dir='ltr'>sermone</span> <span class='ocrx_word' id='word_1_186' title='bbox 1567 1460 1837 1514; x_wconf 88' lang='lat' dir='ltr'>requiescunt.</span> 
     </span>
    </p>
   </div>
   <div class='ocr_carea' id='block_1_20' title="bbox 76 1524 1835 1590">
    <p class='ocr_par' dir='ltr' id='par_1_20' title="bbox 76 1524 1835 1590">
     <span class='ocr_line' id='line_1_20' title="bbox 76 1524 1835 1590; baseline 0.005 -22"><span class='ocrx_word' id='word_1_187' title='bbox 76 1527 127 1568; x_wconf 85' lang='lat' dir='ltr'>In</span> <span class='ocrx_word' id='word_1_188' title='bbox 169 1541 210 1567; x_wconf 88' lang='lat' dir='ltr'>re</span> <span class='ocrx_word' id='word_1_189' title='bbox 253 1524 415 1580; x_wconf 84' lang='lat' dir='ltr'>publica</span> <span class='ocrx_word' id='word_1_190' title='bbox 458 1539 549 1565; x_wconf 88' lang='lat' dir='ltr'>vero</span> <span class='ocrx_word' id='word_1_191' title='bbox 593 1539 835 1579; x_wconf 86' lang='lat' dir='ltr'>quamquam</span> <span class='ocrx_word' id='word_1_192' title='bbox 879 1525 1036 1567; x_wconf 89' lang='lat' dir='ltr'>animus</span> <span class='ocrx_word' id='word_1_193' title='bbox 1081 1531 1141 1568; x_wconf 90' lang='lat' dir='ltr'>est</span> <span class='ocrx_word' id='word_1_194' title='bbox 1183 1543 1382 1582; x_wconf 87' lang='lat' dir='ltr'>praesens,</span> <span class='ocrx_word' id='word_1_195' title='bbox 1429 1534 1563 1572; x_wconf 88' lang='lat' dir='ltr'>tamen</span> <span class='ocrx_word' id='word_1_196' title='bbox 1615 1533 1835 1590; x_wconf 88' lang='lat' dir='ltr'>[voluntas]</span> 
     </span>
    </p>
   </div>
   <div class='ocr_carea' id='block_1_21' title="bbox 77 1596 1836 1662">
    <p class='ocr_par' dir='ltr' id='par_1_21' title="bbox 77 1596 1836 1662">
     <span class='ocr_line' id='line_1_21' title="bbox 77 1596 1836 1662; baseline 0.003 -22"><span class='ocrx_word' id='word_1_197' title='bbox 77 1599 197 1640; x_wconf 88' lang='lat' dir='ltr'>etiam</span> <span class='ocrx_word' id='word_1_198' title='bbox 231 1602 350 1653; x_wconf 87' lang='lat' dir='ltr'>atque</span> <span class='ocrx_word' id='word_1_199' title='bbox 383 1597 503 1638; x_wconf 83' lang='lat' dir='ltr'>etiam</span> <span class='ocrx_word' id='word_1_200' title='bbox 534 1597 621 1652; x_wconf 85' lang='lat' dir='ltr'>ipsa</span> <span class='ocrx_word' id='word_1_201' title='bbox 653 1596 895 1638; x_wconf 84' lang='lat' dir='ltr'>medicinam</span> <span class='ocrx_word' id='word_1_202' title='bbox 927 1598 953 1642; x_wconf 86' lang='lat'>†</span> <span class='ocrx_word' id='word_1_203' title='bbox 987 1599 1120 1640; x_wconf 87' lang='lat' dir='ltr'>efficit.</span> <span class='ocrx_word' id='word_1_204' title='bbox 1165 1600 1286 1651; x_wconf 87' lang='lat' dir='ltr'>Nam,</span> <span class='ocrx_word' id='word_1_205' title='bbox 1331 1606 1378 1642; x_wconf 86' lang='lat' dir='ltr'>ut</span> <span class='ocrx_word' id='word_1_206' title='bbox 1420 1618 1466 1643; x_wconf 85' lang='lat' dir='ltr'>ea</span> <span class='ocrx_word' id='word_1_207' title='bbox 1507 1603 1692 1657; x_wconf 89' lang='lat' dir='ltr'>breviter,</span> <span class='ocrx_word' id='word_1_208' title='bbox 1736 1623 1836 1662; x_wconf 81' lang='lat' dir='ltr'>quae</span> 
     </span>
    </p>
   </div>
   <div class='ocr_carea' id='block_1_22' title="bbox 76 1670 1892 1727">
    <p class='ocr_par' dir='ltr' id='par_1_22' title="bbox 76 1670 1892 1727">
     <span class='ocr_line' id='line_1_22' title="bbox 76 1670 1892 1727; baseline 0.006 -14"><span class='ocrx_word' id='word_1_209' title='bbox 76 1676 167 1727; x_wconf 89' lang='lat' dir='ltr'>post</span> <span class='ocrx_word' id='word_1_210' title='bbox 198 1676 315 1712; x_wconf 87' lang='lat' dir='ltr'>tuum</span> <span class='ocrx_word' id='word_1_211' title='bbox 348 1670 566 1711; x_wconf 83' lang='lat' dir='ltr'>discessum</span> <span class='ocrx_word' id='word_1_212' title='bbox 600 1674 688 1710; x_wconf 84' lang='lat' dir='ltr'>acta</span> <span class='ocrx_word' id='word_1_213' title='bbox 721 1674 829 1721; x_wconf 88' lang='grc'><strong>511111,</strong></span> <span class='ocrx_word' id='word_1_214' title='bbox 865 1670 1062 1725; x_wconf 82' lang='lat' dir='ltr'>colligam,</span> <span class='ocrx_word' id='word_1_215' title='bbox 1109 1672 1188 1713; x_wconf 89' lang='lat' dir='ltr'>iam</span> <span class='ocrx_word' id='word_1_216' title='bbox 1232 1674 1426 1716; x_wconf 82' lang='lat' dir='ltr'>exclames</span> <span class='ocrx_word' id='word_1_217' title='bbox 1467 1691 1628 1719; x_wconf 87' lang='lat' dir='ltr'>necesse</span> <span class='ocrx_word' id='word_1_218' title='bbox 1673 1684 1733 1721; x_wconf 87' lang='lat' dir='ltr'>est</span> <span class='ocrx_word' id='word_1_219' title='bbox 1776 1696 1836 1722; x_wconf 85' lang='lat' dir='ltr'>res</span> <span class='ocrx_word' id='word_1_220' title='bbox 1859 1698 1892 1723; x_wconf 61' lang='grc' dir='ltr'>ευ</span> 
     </span>
    </p>
   </div>
   <div class='ocr_carea' id='block_1_23' title="bbox 78 1743 1833 1809">
    <p class='ocr_par' dir='ltr' id='par_1_23' title="bbox 78 1743 1833 1809">
     <span class='ocr_line' id='line_1_23' title="bbox 78 1743 1833 1809; baseline 0.004 -22"><span class='ocrx_word' id='word_1_221' title='bbox 78 1746 278 1787; x_wconf 84' lang='lat' dir='ltr'>Romanas</span> <span class='ocrx_word' id='word_1_222' title='bbox 322 1743 475 1784; x_wconf 85' lang='lat' dir='ltr'>diutius</span> <span class='ocrx_word' id='word_1_223' title='bbox 524 1748 626 1785; x_wconf 86' lang='lat' dir='ltr'>stare</span> <span class='ocrx_word' id='word_1_224' title='bbox 660 1758 742 1785; x_wconf 88' lang='lat' dir='ltr'>non</span> <span class='ocrx_word' id='word_1_225' title='bbox 774 1759 903 1798; x_wconf 89' lang='lat' dir='ltr'>posse.</span> <span class='ocrx_word' id='word_1_226' title='bbox 949 1745 1112 1786; x_wconf 86' lang='lat' dir='ltr'>Etenim</span> <span class='ocrx_word' id='word_1_227' title='bbox 1155 1750 1245 1801; x_wconf 88' lang='lat' dir='ltr'>post</span> <span class='ocrx_word' id='word_1_228' title='bbox 1277 1749 1565 1802; x_wconf 84' lang='lat' dir='ltr'>profectionem</span> <span class='ocrx_word' id='word_1_229' title='bbox 1608 1755 1721 1794; x_wconf 88' lang='lat' dir='ltr'>tuam</span> <span class='ocrx_word' id='word_1_230' title='bbox 1755 1754 1833 1809; x_wconf 92' lang='lat' dir='ltr'>pri-</span> 
     </span>
    </p>
   </div>
   <div class='ocr_carea' id='block_1_24' title="bbox 118 1908 1835 1953">
    <p class='ocr_par' dir='ltr' id='par_1_24' title="bbox 118 1908 1835 1953">
     <span class='ocr_line' id='line_1_24' title="bbox 118 1908 1835 1953; baseline 0.007 -13"><span class='ocrx_word' id='word_1_231' title='bbox 118 1911 135 1940; x_wconf 82' lang='lat'>1</span> <span class='ocrx_word' id='word_1_232' title='bbox 160 1909 230 1940; x_wconf 83' lang='lat' dir='ltr'>Non</span> <span class='ocrx_word' id='word_1_233' title='bbox 252 1909 339 1940; x_wconf 71' lang='lat' dir='ltr'>homo</span> <span class='ocrx_word' id='word_1_234' title='bbox 360 1926 400 1930; x_wconf 97' lang='lat'><strong>—</strong></span> <span class='ocrx_word' id='word_1_235' title='bbox 423 1917 507 1938; x_wconf 81' lang='lat' dir='ltr'>mera</span> <span class='ocrx_word' id='word_1_236' title='bbox 516 1908 528 1938; x_wconf 76' lang='lat' dir='ltr'><em>s</em></span> <span class='ocrx_word' id='word_1_237' title='bbox 552 1913 588 1939; x_wconf 88' lang='lat' dir='ltr'>ut</span> <span class='ocrx_word' id='word_1_238' title='bbox 610 1913 724 1949; x_wconf 87' lang='lat' dir='ltr'>poetae</span> <span class='ocrx_word' id='word_1_239' title='bbox 747 1917 860 1940; x_wconf 81' lang='lat' dir='ltr'>versus</span> <span class='ocrx_word' id='word_1_240' title='bbox 882 1908 1035 1941; x_wconf 80' lang='lat' dir='ltr'>citantur.</span> <span class='ocrx_word' id='word_1_241' title='bbox 1057 1927 1099 1932; x_wconf 88' lang='lat'>—</span> <span class='ocrx_word' id='word_1_242' title='bbox 1123 1911 1162 1941; x_wconf 89' lang='grc'>10</span> <span class='ocrx_word' id='word_1_243' title='bbox 1184 1921 1309 1953; x_wconf 65' lang='lat' dir='ltr'>quocum</span> <span class='ocrx_word' id='word_1_244' title='bbox 1331 1929 1374 1937; x_wconf 87' lang='grc'>--</span> <span class='ocrx_word' id='word_1_245' title='bbox 1396 1914 1576 1953; x_wconf 78' lang='lat' dir='ltr'>18†tamen</span> <span class='ocrx_word' id='word_1_246' title='bbox 1601 1917 1746 1949; x_wconf 70' lang='lat' dir='ltr'>volantas</span> <span class='ocrx_word' id='word_1_247' title='bbox 1757 1942 1835 1952; x_wconf 85' lang='grc'><strong>.....</strong></span> 
     </span>
    </p>
   </div>
   <div class='ocr_carea' id='block_1_25' title="bbox 76 1960 451 2002">
    <p class='ocr_par' dir='ltr' id='par_1_25' title="bbox 76 1960 451 2002">
     <span class='ocr_line' id='line_1_25' title="bbox 76 1960 451 2002; baseline -0.011 -8"><span class='ocrx_word' id='word_1_248' title='bbox 76 1962 261 1995; x_wconf 76' lang='lat' dir='ltr'>medicinam</span> <span class='ocrx_word' id='word_1_249' title='bbox 283 1960 385 2002; x_wconf 68' lang='lat' dir='ltr'>efficit.</span> <span class='ocrx_word' id='word_1_250' title='bbox 409 1979 451 1983; x_wconf 82' lang='lat'><strong>—</strong></span> 
     </span>
    </p>
   </div>
   <div class='ocr_carea' id='block_1_26' title="bbox 69 2120 927 2961">
    <p class='ocr_par' dir='ltr' id='par_1_26' title="bbox 71 2120 927 2433">
     <span class='ocr_line' id='line_1_26' title="bbox 113 2120 926 2162; baseline 0 -10"><span class='ocrx_word' id='word_1_251' title='bbox 113 2121 304 2153; x_wconf 76' lang='lat' dir='ltr'>Ambitiosae</span> <span class='ocrx_word' id='word_1_252' title='bbox 324 2120 482 2151; x_wconf 73' lang='lat' dir='ltr'>amicitiae</span> <span class='ocrx_word' id='word_1_253' title='bbox 504 2126 582 2152; x_wconf 90' lang='lat' dir='ltr'>sunt</span> <span class='ocrx_word' id='word_1_254' title='bbox 602 2121 693 2157; x_wconf 87' lang='lat' dir='ltr'>tales,</span> <span class='ocrx_word' id='word_1_255' title='bbox 716 2131 798 2162; x_wconf 87' lang='lat' dir='ltr'>quae</span> <span class='ocrx_word' id='word_1_256' title='bbox 820 2121 926 2161; x_wconf 86' lang='lat' dir='ltr'>magis</span> 
     </span>
     <span class='ocr_line' id='line_1_27' title="bbox 72 2175 927 2215; baseline -0.001 -8"><span class='ocrx_word' id='word_1_257' title='bbox 72 2176 111 2207; x_wconf 87' lang='lat' dir='ltr'>ad</span> <span class='ocrx_word' id='word_1_258' title='bbox 134 2175 279 2207; x_wconf 87' lang='lat' dir='ltr'>favorem</span> <span class='ocrx_word' id='word_1_259' title='bbox 301 2180 332 2206; x_wconf 89' lang='lat' dir='ltr'>et</span> <span class='ocrx_word' id='word_1_260' title='bbox 354 2175 493 2215; x_wconf 77' lang='lat' dir='ltr'>gratiam</span> <span class='ocrx_word' id='word_1_261' title='bbox 515 2176 709 2215; x_wconf 82' lang='lat' dir='ltr'>captandam</span> <span class='ocrx_word' id='word_1_262' title='bbox 737 2180 814 2206; x_wconf 90' lang='lat' dir='ltr'>sunt</span> <span class='ocrx_word' id='word_1_263' title='bbox 841 2185 927 2206; x_wconf 89' lang='lat' dir='ltr'>com-</span> 
     </span>
     <span class='ocr_line' id='line_1_28' title="bbox 71 2228 925 2270; baseline -0.002 -10"><span class='ocrx_word' id='word_1_264' title='bbox 71 2235 209 2270; x_wconf 87' lang='lat' dir='ltr'>paratae,</span> <span class='ocrx_word' id='word_1_265' title='bbox 233 2239 333 2269; x_wconf 79' lang='lat' dir='ltr'>quani</span> <span class='ocrx_word' id='word_1_266' title='bbox 355 2238 460 2260; x_wconf 74' lang='lat' dir='ltr'>verae.</span> <span class='ocrx_word' id='word_1_267' title='bbox 484 2228 534 2259; x_wconf 78' lang='lat' dir='ltr'>Cf.</span> <span class='ocrx_word' id='word_1_268' title='bbox 557 2228 662 2258; x_wconf 87' lang='lat' dir='ltr'>Kritz.</span> <span class='ocrx_word' id='word_1_269' title='bbox 685 2229 725 2258; x_wconf 84' lang='lat' dir='ltr'>ad</span> <span class='ocrx_word' id='word_1_270' title='bbox 759 2228 826 2259; x_wconf 87' lang='lat' dir='ltr'>Sal.</span> <span class='ocrx_word' id='word_1_271' title='bbox 851 2229 925 2269; x_wconf 81' lang='lat' dir='ltr'>Iug.</span> 
     </span>
     <span class='ocr_line' id='line_1_29' title="bbox 73 2283 926 2324; baseline 0 -9"><span class='ocrx_word' id='word_1_272' title='bbox 73 2285 121 2322; x_wconf 84' lang='lat'>64,</span> <span class='ocrx_word' id='word_1_273' title='bbox 145 2286 174 2315; x_wconf 88' lang='lat'>5.</span> <span class='ocrx_word' id='word_1_274' title='bbox 218 2284 258 2322; x_wconf 82' lang='lat' dir='ltr'>Q.</span> <span class='ocrx_word' id='word_1_275' title='bbox 288 2283 355 2315; x_wconf 86' lang='lat' dir='ltr'>Cic.</span> <span class='ocrx_word' id='word_1_276' title='bbox 385 2284 425 2314; x_wconf 88' lang='lat' dir='ltr'>de</span> <span class='ocrx_word' id='word_1_277' title='bbox 454 2288 518 2324; x_wconf 90' lang='lat' dir='ltr'>pet.</span> <span class='ocrx_word' id='word_1_278' title='bbox 547 2293 635 2314; x_wconf 86' lang='lat' dir='ltr'>cons.</span> <span class='ocrx_word' id='word_1_279' title='bbox 665 2283 704 2313; x_wconf 78' lang='lat'>26</span> <span class='ocrx_word' id='word_1_280' title='bbox 735 2283 867 2314; x_wconf 83' lang='lat' dir='ltr'>brevem</span> <span class='ocrx_word' id='word_1_281' title='bbox 896 2289 926 2315; x_wconf 85' lang='lat' dir='ltr'>ct</span> 
     </span>
     <span class='ocr_line' id='line_1_30' title="bbox 71 2338 926 2378; baseline 0 -9"><span class='ocrx_word' id='word_1_282' title='bbox 71 2338 331 2378; x_wconf 69' lang='lat' dir='ltr'>suifragatoriam</span> <span class='ocrx_word' id='word_1_283' title='bbox 358 2338 471 2369; x_wconf 85' lang='lat' dir='ltr'>firmae</span> <span class='ocrx_word' id='word_1_284' title='bbox 501 2344 533 2368; x_wconf 90' lang='lat' dir='ltr'>et</span> <span class='ocrx_word' id='word_1_285' title='bbox 561 2342 734 2378; x_wconf 83' lang='lat' dir='ltr'>perpetua-e</span> <span class='ocrx_word' id='word_1_286' title='bbox 763 2338 926 2369; x_wconf 82' lang='lat' dir='ltr'>amicitiae</span> 
     </span>
     <span class='ocr_line' id='line_1_31' title="bbox 72 2392 215 2433; baseline -0.007 -10"><span class='ocrx_word' id='word_1_287' title='bbox 72 2392 215 2433; x_wconf 86' lang='lat' dir='ltr'>opponit.</span> 
     </span>
    </p>

    <p class='ocr_par' dir='ltr' id='par_1_27' title="bbox 71 2444 926 2643">
     <span class='ocr_line' id='line_1_32' title="bbox 112 2444 926 2485; baseline 0.001 -10"><span class='ocrx_word' id='word_1_288' title='bbox 112 2445 261 2476; x_wconf 76' lang='lat' dir='ltr'>Fucosae.</span> <span class='ocrx_word' id='word_1_289' title='bbox 298 2446 463 2485; x_wconf 84' lang='lat' dir='ltr'>Interprcs</span> <span class='ocrx_word' id='word_1_290' title='bbox 486 2445 640 2475; x_wconf 86' lang='lat' dir='ltr'>Ambros.</span> <span class='ocrx_word' id='word_1_291' title='bbox 671 2445 711 2474; x_wconf 80' lang='lat' dir='ltr'>ad</span> <span class='ocrx_word' id='word_1_292' title='bbox 741 2444 855 2475; x_wconf 84' lang='lat' dir='ltr'>Plane.</span> <span class='ocrx_word' id='word_1_293' title='bbox 887 2446 926 2476; x_wconf 76' lang='lat'>22</span> 
     </span>
     <span class='ocr_line' id='line_1_33' title="bbox 71 2497 926 2538; baseline 0.001 -10"><span class='ocrx_word' id='word_1_294' title='bbox 71 2498 220 2528; x_wconf 85' lang='lat' dir='ltr'>observat</span> <span class='ocrx_word' id='word_1_295' title='bbox 242 2498 302 2528; x_wconf 88' lang='lat' dir='ltr'>hoc</span> <span class='ocrx_word' id='word_1_296' title='bbox 324 2498 522 2528; x_wconf 84' lang='lat' dir='ltr'>vocabulum</span> <span class='ocrx_word' id='word_1_297' title='bbox 544 2497 629 2527; x_wconf 88' lang='lat' dir='ltr'>inter</span> <span class='ocrx_word' id='word_1_298' title='bbox 651 2507 696 2533; x_wconf 85' lang='lat' dir='ltr'>ea,</span> <span class='ocrx_word' id='word_1_299' title='bbox 727 2507 810 2537; x_wconf 82' lang='lat' dir='ltr'>quae</span> <span class='ocrx_word' id='word_1_300' title='bbox 840 2499 926 2538; x_wconf 88' lang='lat' dir='ltr'>apud</span> 
     </span>
     <span class='ocr_line' id='line_1_34' title="bbox 71 2550 925 2591; baseline 0.001 -10"><span class='ocrx_word' id='word_1_301' title='bbox 71 2555 195 2582; x_wconf 86' lang='lat' dir='ltr'>veteres</span> <span class='ocrx_word' id='word_1_302' title='bbox 216 2551 340 2581; x_wconf 87' lang='lat' dir='ltr'>rariora</span> <span class='ocrx_word' id='word_1_303' title='bbox 361 2555 445 2587; x_wconf 81' lang='lat' dir='ltr'>sunt,</span> <span class='ocrx_word' id='word_1_304' title='bbox 477 2559 545 2581; x_wconf 89' lang='lat' dir='ltr'>esse</span> <span class='ocrx_word' id='word_1_305' title='bbox 574 2550 792 2581; x_wconf 84' lang='lat' dir='ltr'>referendum.</span> <span class='ocrx_word' id='word_1_306' title='bbox 829 2551 925 2591; x_wconf 87' lang='lat' dir='ltr'>Legi-</span> 
     </span>
     <span class='ocr_line' id='line_1_35' title="bbox 71 2603 811 2643; baseline 0 -10"><span class='ocrx_word' id='word_1_307' title='bbox 71 2609 123 2634; x_wconf 88' lang='lat' dir='ltr'>tur</span> <span class='ocrx_word' id='word_1_308' title='bbox 144 2607 310 2643; x_wconf 87' lang='lat' dir='ltr'>praeterea</span> <span class='ocrx_word' id='word_1_309' title='bbox 330 2603 365 2634; x_wconf 89' lang='lat' dir='ltr'>in</span> <span class='ocrx_word' id='word_1_310' title='bbox 388 2609 468 2634; x_wconf 83' lang='lat' dir='ltr'>orat.</span> <span class='ocrx_word' id='word_1_311' title='bbox 491 2613 520 2643; x_wconf 87' lang='lat' dir='ltr'>p.</span> <span class='ocrx_word' id='word_1_312' title='bbox 543 2603 624 2633; x_wconf 84' lang='lat' dir='ltr'>Rab.</span> <span class='ocrx_word' id='word_1_313' title='bbox 648 2603 736 2633; x_wconf 84' lang='lat' dir='ltr'>Post.</span> <span class='ocrx_word' id='word_1_314' title='bbox 762 2604 811 2633; x_wconf 69' lang='lat'>40.</span> 
     </span>
    </p>

    <p class='ocr_par' dir='ltr' id='par_1_28' title="bbox 69 2654 927 2855">
     <span class='ocr_line' id='line_1_36' title="bbox 111 2654 927 2696; baseline 0.002 -11"><span class='ocrx_word' id='word_1_315' title='bbox 111 2654 189 2685; x_wconf 68' lang='lat' dir='ltr'>Sanc</span> <span class='ocrx_word' id='word_1_316' title='bbox 210 2655 243 2685; x_wconf 75' lang='lat' dir='ltr'>in</span> <span class='ocrx_word' id='word_1_317' title='bbox 265 2655 394 2696; x_wconf 73' lang='lat' dir='ltr'>quodam</span> <span class='ocrx_word' id='word_1_318' title='bbox 418 2655 582 2695; x_wconf 74' lang='lat' dir='ltr'>splendore</span> <span class='ocrx_word' id='word_1_319' title='bbox 595 2654 732 2695; x_wconf 74' lang='lat' dir='ltr'>forensi,</span> <span class='ocrx_word' id='word_1_320' title='bbox 753 2666 785 2687; x_wconf 77' lang='lat' dir='ltr'>o:</span> <span class='ocrx_word' id='word_1_321' title='bbox 803 2657 927 2687; x_wconf 86' lang='lat' dir='ltr'>habent</span> 
     </span>
     <span class='ocr_line' id='line_1_37' title="bbox 69 2709 926 2749; baseline 0.002 -11"><span class='ocrx_word' id='word_1_322' title='bbox 69 2710 234 2749; x_wconf 85' lang='lat' dir='ltr'>quendam</span> <span class='ocrx_word' id='word_1_323' title='bbox 256 2709 463 2749; x_wconf 81' lang='lat' dir='ltr'>splendorem</span> <span class='ocrx_word' id='word_1_324' title='bbox 479 2709 650 2740; x_wconf 88' lang='lat' dir='ltr'>forensem.</span> <span class='ocrx_word' id='word_1_325' title='bbox 674 2710 800 2740; x_wconf 85' lang='lat' dir='ltr'>Eodem</span> <span class='ocrx_word' id='word_1_326' title='bbox 828 2711 926 2741; x_wconf 85' lang='lat' dir='ltr'>modo</span> 
     </span>
     <span class='ocr_line' id='line_1_38' title="bbox 70 2761 925 2802; baseline -0.001 -10"><span class='ocrx_word' id='word_1_327' title='bbox 70 2762 189 2792; x_wconf 83' lang='lat' dir='ltr'>dicitur</span> <span class='ocrx_word' id='word_1_328' title='bbox 210 2771 277 2792; x_wconf 76' lang='lat' dir='ltr'>esse</span> <span class='ocrx_word' id='word_1_329' title='bbox 299 2761 332 2791; x_wconf 71' lang='grc' dir='ltr'>ἐπ</span> <span class='ocrx_word' id='word_1_330' title='bbox 353 2772 406 2801; x_wconf 74' lang='lat' dir='ltr'>spe</span> <span class='ocrx_word' id='word_1_331' title='bbox 430 2762 536 2801; x_wconf 72' lang='lat' dir='ltr'>(Fam.</span> <span class='ocrx_word' id='word_1_332' title='bbox 560 2761 658 2793; x_wconf 78' lang='lat' dir='ltr'>XIII.</span> <span class='ocrx_word' id='word_1_333' title='bbox 684 2763 732 2800; x_wconf 79' lang='lat'>19,</span> <span class='ocrx_word' id='word_1_334' title='bbox 756 2763 799 2802; x_wconf 82' lang='lat'>1),</span> <span class='ocrx_word' id='word_1_335' title='bbox 823 2763 855 2792; x_wconf 70' lang='lat' dir='ltr'>ia</span> <span class='ocrx_word' id='word_1_336' title='bbox 889 2763 925 2793; x_wconf 69' lang='lat' dir='ltr'>(i-</span> 
     </span>
     <span class='ocr_line' id='line_1_39' title="bbox 71 2814 673 2855; baseline 0.002 -11"><span class='ocrx_word' id='word_1_337' title='bbox 71 2825 151 2844; x_wconf 79' lang='lat' dir='ltr'>more</span> <span class='ocrx_word' id='word_1_338' title='bbox 174 2814 254 2854; x_wconf 77' lang='lat' dir='ltr'>(vid.</span> <span class='ocrx_word' id='word_1_339' title='bbox 278 2815 327 2844; x_wconf 88' lang='lat' dir='ltr'>ad.</span> <span class='ocrx_word' id='word_1_340' title='bbox 351 2814 394 2843; x_wconf 90' lang='lat' dir='ltr'>V.</span> <span class='ocrx_word' id='word_1_341' title='bbox 418 2814 465 2850; x_wconf 63' lang='lat'>14,</span> <span class='ocrx_word' id='word_1_342' title='bbox 489 2815 522 2855; x_wconf 78' lang='lat'>2)</span> <span class='ocrx_word' id='word_1_343' title='bbox 546 2820 578 2845; x_wconf 89' lang='lat' dir='ltr'>et</span> <span class='ocrx_word' id='word_1_344' title='bbox 600 2815 673 2845; x_wconf 87' lang='lat' dir='ltr'>alia.</span> 
     </span>
    </p>

    <p class='ocr_par' dir='ltr' id='par_1_29' title="bbox 69 2866 925 2961">
     <span class='ocr_line' id='line_1_40' title="bbox 114 2866 925 2908; baseline 0.001 -12"><span class='ocrx_word' id='word_1_345' title='bbox 114 2866 211 2906; x_wconf 71' lang='lat' dir='ltr'>Qaum</span> <span class='ocrx_word' id='word_1_346' title='bbox 234 2866 308 2896; x_wconf 75' lang='lat' dir='ltr'>bene</span> <span class='ocrx_word' id='word_1_347' title='bbox 331 2867 480 2906; x_wconf 73' lang='lat' dir='ltr'>completa</span> <span class='ocrx_word' id='word_1_348' title='bbox 502 2866 608 2896; x_wconf 74' lang='lat' dir='ltr'>domas</span> <span class='ocrx_word' id='word_1_349' title='bbox 631 2869 678 2897; x_wconf 77' lang='lat' dir='ltr'>est</span> <span class='ocrx_word' id='word_1_350' title='bbox 700 2869 835 2908; x_wconf 74' lang='lat' dir='ltr'>tempore</span> <span class='ocrx_word' id='word_1_351' title='bbox 864 2880 925 2898; x_wconf 78' lang='lat' dir='ltr'>ma-</span> 
     </span>
     <span class='ocr_line' id='line_1_41' title="bbox 69 2919 924 2961; baseline 0.004 -12"><span class='ocrx_word' id='word_1_352' title='bbox 69 2920 179 2951; x_wconf 72' lang='lat' dir='ltr'>latino.</span> <span class='ocrx_word' id='word_1_353' title='bbox 212 2919 314 2949; x_wconf 68' lang='lat' dir='ltr'>Prima</span> <span class='ocrx_word' id='word_1_354' title='bbox 337 2920 516 2950; x_wconf 73' lang='lat' dir='ltr'>salutscules</span> <span class='ocrx_word' id='word_1_355' title='bbox 540 2922 631 2961; x_wconf 72' lang='lat' dir='ltr'>atque</span> <span class='ocrx_word' id='word_1_356' title='bbox 656 2921 761 2951; x_wconf 79' lang='lat' dir='ltr'>altera</span> <span class='ocrx_word' id='word_1_357' title='bbox 786 2921 924 2952; x_wconf 71' lang='lat' dir='ltr'>conlz&#39;nel</span> 
     </span>
    </p>
   </div>
   <div class='ocr_carea' id='block_1_27' title="bbox 70 2967 949 3017">
    <p class='ocr_par' dir='ltr' id='par_1_30' title="bbox 70 2967 949 3017">
     <span class='ocr_line' id='line_1_42' title="bbox 70 2967 949 3017; baseline 0.003 -12"><span class='ocrx_word' id='word_1_358' title='bbox 70 2975 155 3006; x_wconf 74' lang='lat' dir='ltr'>hora.</span> <span class='ocrx_word' id='word_1_359' title='bbox 196 2975 293 3006; x_wconf 89' lang='lat' dir='ltr'>Mart.</span> <span class='ocrx_word' id='word_1_360' title='bbox 334 2975 396 3006; x_wconf 89' lang='lat' dir='ltr'>IV.</span> <span class='ocrx_word' id='word_1_361' title='bbox 426 2976 454 3005; x_wconf 83' lang='lat'>8.</span> <span class='ocrx_word' id='word_1_362' title='bbox 499 2975 548 3006; x_wconf 86' lang='lat' dir='ltr'>De</span> <span class='ocrx_word' id='word_1_363' title='bbox 576 2975 741 3007; x_wconf 85' lang='lat' dir='ltr'>salutandi</span> <span class='ocrx_word' id='word_1_364' title='bbox 777 2967 949 3017; x_wconf 44' lang='lat' dir='ltr'>tempore?</span> 
     </span>
    </p>
   </div>
   <div class='ocr_carea' id='block_1_28' title="bbox 68 3028 924 3167">
    <p class='ocr_par' dir='ltr' id='par_1_31' title="bbox 68 3028 924 3167">
     <span class='ocr_line' id='line_1_43' title="bbox 68 3028 923 3068; baseline 0.005 -10"><span class='ocrx_word' id='word_1_365' title='bbox 68 3028 163 3068; x_wconf 84' lang='lat' dir='ltr'>plura</span> <span class='ocrx_word' id='word_1_366' title='bbox 185 3028 373 3060; x_wconf 84' lang='lat' dir='ltr'>testimonia</span> <span class='ocrx_word' id='word_1_367' title='bbox 394 3028 530 3068; x_wconf 83' lang='lat' dir='ltr'>collegit</span> <span class='ocrx_word' id='word_1_368' title='bbox 553 3028 650 3060; x_wconf 87' lang='lat' dir='ltr'>Corte</span> <span class='ocrx_word' id='word_1_369' title='bbox 686 3030 726 3060; x_wconf 86' lang='lat' dir='ltr'>ad</span> <span class='ocrx_word' id='word_1_370' title='bbox 756 3029 823 3061; x_wconf 83' lang='lat' dir='ltr'>Sal.</span> <span class='ocrx_word' id='word_1_371' title='bbox 855 3029 923 3062; x_wconf 88' lang='lat' dir='ltr'>Cat.</span> 
     </span>
     <span class='ocr_line' id='line_1_44' title="bbox 69 3080 924 3126; baseline 0.006 -15"><span class='ocrx_word' id='word_1_372' title='bbox 69 3080 119 3117; x_wconf 82' lang='lat'>28,</span> <span class='ocrx_word' id='word_1_373' title='bbox 142 3081 171 3113; x_wconf 87' lang='lat'>1.</span> <span class='ocrx_word' id='word_1_374' title='bbox 195 3080 244 3114; x_wconf 77' lang='lat' dir='ltr'>Cf.</span> <span class='ocrx_word' id='word_1_375' title='bbox 268 3090 399 3124; x_wconf 82' lang='lat' dir='ltr'>quoque</span> <span class='ocrx_word' id='word_1_376' title='bbox 416 3081 556 3116; x_wconf 83' lang='lat' dir='ltr'>Beckeri</span> <span class='ocrx_word' id='word_1_377' title='bbox 570 3080 686 3116; x_wconf 79' lang='lat' dir='ltr'>Gallus</span> <span class='ocrx_word' id='word_1_378' title='bbox 699 3082 745 3117; x_wconf 80' lang='grc' dir='ltr'>ΙΙ.</span> <span class='ocrx_word' id='word_1_379' title='bbox 759 3093 789 3124; x_wconf 81' lang='lat' dir='ltr'>p.</span> <span class='ocrx_word' id='word_1_380' title='bbox 805 3083 864 3117; x_wconf 84' lang='lat'>133</span> <span class='ocrx_word' id='word_1_381' title='bbox 876 3093 924 3126; x_wconf 87' lang='lat' dir='ltr'>sq.</span> 
     </span>
     <span class='ocr_line' id='line_1_45' title="bbox 69 3132 201 3167; baseline -0.008 -3"><span class='ocrx_word' id='word_1_382' title='bbox 69 3132 122 3167; x_wconf 73' lang='lat' dir='ltr'>ed.</span> <span class='ocrx_word' id='word_1_383' title='bbox 145 3132 201 3166; x_wconf 78' lang='lat' dir='ltr'>alt.</span> 
     </span>
    </p>
   </div>
   <div class='ocr_carea' id='block_1_29' title="bbox 948 2449 961 3139">
    <p class='ocr_par' dir='ltr' id='par_1_32' title="bbox 948 2449 961 3139">
     <span class='ocr_line' id='line_1_46' title="bbox 948 2449 961 3139; baseline 0 0"><span class='ocrx_word' id='word_1_384' title='bbox 948 2449 961 3139; x_wconf 95' lang='lat' dir='ltr'> </span> 
     </span>
    </p>
   </div>
   <div class='ocr_carea' id='block_1_30' title="bbox 967 2122 1836 3139">
    <p class='ocr_par' dir='ltr' id='par_1_33' title="bbox 1019 2122 1612 2166">
     <span class='ocr_line' id='line_1_47' title="bbox 1019 2122 1612 2166; baseline 0.013 -13"><span class='ocrx_word' id='word_1_385' title='bbox 1019 2122 1184 2163; x_wconf 63' lang='lat' dir='ltr'>&amp;aspirare</span> <span class='ocrx_word' id='word_1_386' title='bbox 1207 2134 1239 2156; x_wconf 76' lang='lat' dir='ltr'>a:</span> <span class='ocrx_word' id='word_1_387' title='bbox 1264 2126 1413 2166; x_wconf 86' lang='lat' dir='ltr'>querelas</span> <span class='ocrx_word' id='word_1_388' title='bbox 1437 2127 1612 2161; x_wconf 81' lang='lat' dir='ltr'>effundere.</span> 
     </span>
    </p>

    <p class='ocr_par' dir='ltr' id='par_1_34' title="bbox 976 2176 1834 2270">
     <span class='ocr_line' id='line_1_48' title="bbox 1018 2176 1834 2226; baseline 0.016 -20"><span class='ocrx_word' id='word_1_389' title='bbox 1018 2176 1207 2216; x_wconf 75' lang='lat' dir='ltr'>Erlmm-z&#39;re,</span> <span class='ocrx_word' id='word_1_390' title='bbox 1231 2184 1389 2220; x_wconf 82' lang='lat' dir='ltr'>tanquam</span> <span class='ocrx_word' id='word_1_391' title='bbox 1411 2183 1575 2214; x_wconf 85' lang='lat' dir='ltr'>sentinam</span> <span class='ocrx_word' id='word_1_392' title='bbox 1598 2184 1754 2226; x_wconf 82' lang='lat' dir='ltr'>aliquam.</span> <span class='ocrx_word' id='word_1_393' title='bbox 1786 2187 1834 2219; x_wconf 90' lang='lat' dir='ltr'>Cf.</span> 
     </span>
     <span class='ocr_line' id='line_1_49' title="bbox 976 2230 1149 2270; baseline 0.006 -10"><span class='ocrx_word' id='word_1_394' title='bbox 976 2239 1025 2270; x_wconf 88' lang='lat' dir='ltr'>ep.</span> <span class='ocrx_word' id='word_1_395' title='bbox 1050 2230 1097 2267; x_wconf 82' lang='lat'>19,</span> <span class='ocrx_word' id='word_1_396' title='bbox 1120 2232 1149 2261; x_wconf 76' lang='lat'>4.</span> 
     </span>
    </p>

    <p class='ocr_par' dir='ltr' id='par_1_35' title="bbox 978 2283 1836 2370">
     <span class='ocr_line' id='line_1_50' title="bbox 1020 2283 1836 2334; baseline 0.016 -22"><span class='ocrx_word' id='word_1_397' title='bbox 1020 2284 1080 2322; x_wconf 55' lang='lat'>§.2</span> <span class='ocrx_word' id='word_1_398' title='bbox 1102 2283 1208 2325; x_wconf 73' lang='lat' dir='ltr'>Neque</span> <span class='ocrx_word' id='word_1_399' title='bbox 1230 2295 1284 2326; x_wconf 71' lang='lat' dir='ltr'>eqo</span> <span class='ocrx_word' id='word_1_400' title='bbox 1305 2304 1347 2308; x_wconf 79' lang='lat'><strong>—</strong></span> <span class='ocrx_word' id='word_1_401' title='bbox 1363 2287 1559 2320; x_wconf 72' lang='lat' dir='ltr'>committam.</span> <span class='ocrx_word' id='word_1_402' title='bbox 1582 2290 1647 2321; x_wconf 90' lang='lat' dir='ltr'>Pro</span> <span class='ocrx_word' id='word_1_403' title='bbox 1662 2291 1767 2323; x_wconf 84' lang='lat' dir='ltr'>otioso</span> <span class='ocrx_word' id='word_1_404' title='bbox 1781 2304 1836 2334; x_wconf 74' lang='lat' dir='ltr'>eao</span> 
     </span>
     <span class='ocr_line' id='line_1_51' title="bbox 978 2337 1418 2370; baseline 0.007 -3"><span class='ocrx_word' id='word_1_405' title='bbox 978 2337 1092 2367; x_wconf 85' lang='lat' dir='ltr'>malim</span> <span class='ocrx_word' id='word_1_406' title='bbox 1115 2348 1189 2368; x_wconf 87' lang='grc'><strong>011111</strong></span> <span class='ocrx_word' id='word_1_407' title='bbox 1212 2338 1335 2369; x_wconf 88' lang='lat' dir='ltr'>Ursino</span> <span class='ocrx_word' id='word_1_408' title='bbox 1359 2350 1418 2370; x_wconf 81' lang='lat' dir='ltr'>eos.</span> 
     </span>
    </p>

    <p class='ocr_par' dir='ltr' id='par_1_36' title="bbox 967 2390 1834 3024">
     <span class='ocr_line' id='line_1_52' title="bbox 1019 2390 1834 2441; baseline 0.016 -22"><span class='ocrx_word' id='word_1_409' title='bbox 1019 2390 1149 2421; x_wconf 72' lang='lat' dir='ltr'>Animas</span> <span class='ocrx_word' id='word_1_410' title='bbox 1179 2402 1335 2434; x_wconf 60' lang='lat' dir='ltr'>praesens</span> <span class='ocrx_word' id='word_1_411' title='bbox 1373 2394 1493 2425; x_wconf 83' lang='lat' dir='ltr'>dicitur</span> <span class='ocrx_word' id='word_1_412' title='bbox 1530 2397 1659 2429; x_wconf 82' lang='lat' dir='ltr'>animus</span> <span class='ocrx_word' id='word_1_413' title='bbox 1701 2399 1834 2441; x_wconf 90' lang='lat' dir='ltr'>intrepi—</span> 
     </span>
     <span class='ocr_line' id='line_1_53' title="bbox 976 2443 1832 2485; baseline 0.014 -13"><span class='ocrx_word' id='word_1_414' title='bbox 976 2443 1046 2479; x_wconf 86' lang='lat' dir='ltr'>dus,</span> <span class='ocrx_word' id='word_1_415' title='bbox 1080 2448 1247 2484; x_wconf 85' lang='lat' dir='ltr'>promptus</span> <span class='ocrx_word' id='word_1_416' title='bbox 1286 2445 1325 2475; x_wconf 88' lang='lat' dir='ltr'>ad</span> <span class='ocrx_word' id='word_1_417' title='bbox 1364 2447 1539 2485; x_wconf 84' lang='lat' dir='ltr'>agendum,</span> <span class='ocrx_word' id='word_1_418' title='bbox 1570 2458 1605 2480; x_wconf 83' lang='lat' dir='ltr'>ut</span> <span class='ocrx_word' id='word_1_419' title='bbox 1634 2450 1697 2481; x_wconf 83' lang='lat' dir='ltr'>Off.</span> <span class='ocrx_word' id='word_1_420' title='bbox 1726 2453 1753 2482; x_wconf 82' lang='grc' dir='ltr'>Ι.</span> <span class='ocrx_word' id='word_1_421' title='bbox 1784 2454 1832 2484; x_wconf 86' lang='grc'>80.</span> 
     </span>
     <span class='ocr_line' id='line_1_54' title="bbox 976 2496 1832 2547; baseline 0.014 -21"><span class='ocrx_word' id='word_1_422' title='bbox 976 2496 1063 2528; x_wconf 83' lang='lat' dir='ltr'>Orat.</span> <span class='ocrx_word' id='word_1_423' title='bbox 1087 2498 1132 2528; x_wconf 87' lang='lat' dir='ltr'>H.</span> <span class='ocrx_word' id='word_1_424' title='bbox 1155 2498 1203 2528; x_wconf 61' lang='lat'>84.</span> <span class='ocrx_word' id='word_1_425' title='bbox 1228 2497 1294 2529; x_wconf 86' lang='lat' dir='ltr'>Sed</span> <span class='ocrx_word' id='word_1_426' title='bbox 1315 2499 1347 2530; x_wconf 86' lang='lat' dir='ltr'>h.</span> <span class='ocrx_word' id='word_1_427' title='bbox 1371 2500 1392 2530; x_wconf 93' lang='grc'>1.</span> <span class='ocrx_word' id='word_1_428' title='bbox 1416 2501 1540 2542; x_wconf 79' lang='lat' dir='ltr'>accipio</span> <span class='ocrx_word' id='word_1_429' title='bbox 1563 2504 1602 2533; x_wconf 88' lang='lat' dir='ltr'>de</span> <span class='ocrx_word' id='word_1_430' title='bbox 1626 2514 1664 2535; x_wconf 92' lang='lat' dir='ltr'>eo</span> <span class='ocrx_word' id='word_1_431' title='bbox 1686 2506 1743 2546; x_wconf 86' lang='lat' dir='ltr'>qui</span> <span class='ocrx_word' id='word_1_432' title='bbox 1764 2517 1832 2547; x_wconf 88' lang='lat' dir='ltr'>per-</span> 
     </span>
     <span class='ocr_line' id='line_1_55' title="bbox 973 2551 1833 2599; baseline 0.013 -19"><span class='ocrx_word' id='word_1_433' title='bbox 973 2555 1070 2591; x_wconf 89' lang='lat' dir='ltr'>petuo</span> <span class='ocrx_word' id='word_1_434' title='bbox 1092 2551 1215 2591; x_wconf 77' lang='lat' dir='ltr'>cogitat</span> <span class='ocrx_word' id='word_1_435' title='bbox 1236 2552 1276 2582; x_wconf 85' lang='lat' dir='ltr'>dc</span> <span class='ocrx_word' id='word_1_436' title='bbox 1299 2562 1333 2583; x_wconf 87' lang='lat' dir='ltr'>re</span> <span class='ocrx_word' id='word_1_437' title='bbox 1355 2554 1496 2593; x_wconf 88' lang='lat' dir='ltr'>publica.</span> <span class='ocrx_word' id='word_1_438' title='bbox 1535 2555 1628 2594; x_wconf 80' lang='lat' dir='ltr'>Quae</span> <span class='ocrx_word' id='word_1_439' title='bbox 1653 2565 1833 2599; x_wconf 86' lang='lat' dir='ltr'>sequuntur</span> 
     </span>
     <span class='ocr_line' id='line_1_56' title="bbox 972 2604 1831 2653; baseline 0.014 -21"><span class='ocrx_word' id='word_1_440' title='bbox 972 2608 1123 2643; x_wconf 84' lang='lat' dir='ltr'>corrupta</span> <span class='ocrx_word' id='word_1_441' title='bbox 1146 2608 1230 2634; x_wconf 86' lang='lat' dir='ltr'>sunt.</span> <span class='ocrx_word' id='word_1_442' title='bbox 1253 2604 1294 2635; x_wconf 89' lang='lat' dir='ltr'>In</span> <span class='ocrx_word' id='word_1_443' title='bbox 1310 2605 1349 2635; x_wconf 91' lang='lat' dir='ltr'>iis</span> <span class='ocrx_word' id='word_1_444' title='bbox 1366 2607 1566 2646; x_wconf 80' lang='lat' dir='ltr'>refingendis</span> <span class='ocrx_word' id='word_1_445' title='bbox 1583 2608 1763 2643; x_wconf 82' lang='lat' dir='ltr'>Graeviuln</span> <span class='ocrx_word' id='word_1_446' title='bbox 1778 2624 1831 2653; x_wconf 89' lang='lat' dir='ltr'>po-</span> 
     </span>
     <span class='ocr_line' id='line_1_57' title="bbox 970 2658 1830 2707; baseline 0.013 -20"><span class='ocrx_word' id='word_1_447' title='bbox 970 2658 1134 2689; x_wconf 83' lang='lat' dir='ltr'>tissimum</span> <span class='ocrx_word' id='word_1_448' title='bbox 1155 2668 1288 2699; x_wconf 83' lang='lat' dir='ltr'>sequor:</span> <span class='ocrx_word' id='word_1_449' title='bbox 1313 2658 1353 2689; x_wconf 70' lang='lat' dir='ltr'>In</span> <span class='ocrx_word' id='word_1_450' title='bbox 1377 2671 1411 2690; x_wconf 76' lang='lat' dir='ltr'>re</span> <span class='ocrx_word' id='word_1_451' title='bbox 1430 2661 1514 2700; x_wconf 77' lang='lat' dir='ltr'>publ.</span> <span class='ocrx_word' id='word_1_452' title='bbox 1550 2673 1621 2694; x_wconf 76' lang='lat' dir='ltr'>vero</span> <span class='ocrx_word' id='word_1_453' title='bbox 1650 2676 1830 2707; x_wconf 70' lang='lat' dir='ltr'>quamquam</span> 
     </span>
     <span class='ocr_line' id='line_1_58' title="bbox 970 2712 1829 2759; baseline 0.013 -19"><span class='ocrx_word' id='word_1_454' title='bbox 970 2712 1091 2742; x_wconf 71' lang='lat' dir='ltr'>animas</span> <span class='ocrx_word' id='word_1_455' title='bbox 1115 2714 1161 2741; x_wconf 72' lang='lat' dir='ltr'>est</span> <span class='ocrx_word' id='word_1_456' title='bbox 1175 2722 1340 2751; x_wconf 69' lang='lat' dir='ltr'>praecem,</span> <span class='ocrx_word' id='word_1_457' title='bbox 1365 2715 1466 2745; x_wconf 72' lang='lat' dir='ltr'>tamen</span> <span class='ocrx_word' id='word_1_458' title='bbox 1491 2716 1585 2746; x_wconf 72' lang='lat' dir='ltr'>etiam</span> <span class='ocrx_word' id='word_1_459' title='bbox 1615 2720 1708 2759; x_wconf 72' lang='lat' dir='ltr'>atque</span> <span class='ocrx_word' id='word_1_460' title='bbox 1736 2720 1829 2752; x_wconf 74' lang='lat' dir='ltr'>ellam</span> 
     </span>
     <span class='ocr_line' id='line_1_59' title="bbox 968 2766 1829 2812; baseline 0.013 -17"><span class='ocrx_word' id='word_1_461' title='bbox 968 2766 1037 2806; x_wconf 70' lang='lat' dir='ltr'>ipsa</span> <span class='ocrx_word' id='word_1_462' title='bbox 1068 2766 1114 2803; x_wconf 63' lang='lat' dir='ltr'>(oe</span> <span class='ocrx_word' id='word_1_463' title='bbox 1144 2776 1194 2797; x_wconf 88' lang='lat' dir='ltr'>res</span> <span class='ocrx_word' id='word_1_464' title='bbox 1222 2767 1368 2807; x_wconf 82' lang='lat' dir='ltr'>publica)</span> <span class='ocrx_word' id='word_1_465' title='bbox 1406 2768 1588 2801; x_wconf 73' lang='lat' dir='ltr'>medicinam</span> <span class='ocrx_word' id='word_1_466' title='bbox 1617 2773 1745 2812; x_wconf 63' lang='lat' dir='ltr'>refuyil.</span> <span class='ocrx_word' id='word_1_467' title='bbox 1788 2776 1829 2807; x_wconf 89' lang='lat' dir='ltr'>In</span> 
     </span>
     <span class='ocr_line' id='line_1_60' title="bbox 969 2820 1827 2863; baseline 0.008 -14"><span class='ocrx_word' id='word_1_468' title='bbox 969 2820 1089 2860; x_wconf 85' lang='lat' dir='ltr'>quibus</span> <span class='ocrx_word' id='word_1_469' title='bbox 1118 2830 1206 2850; x_wconf 77' lang='lat' dir='ltr'>voce.</span> <span class='ocrx_word' id='word_1_470' title='bbox 1237 2820 1331 2851; x_wconf 72' lang='lat' dir='ltr'>eiiam</span> <span class='ocrx_word' id='word_1_471' title='bbox 1362 2824 1454 2863; x_wconf 70' lang='lat' dir='ltr'>alque</span> <span class='ocrx_word' id='word_1_472' title='bbox 1483 2823 1576 2853; x_wconf 72' lang='lat' dir='ltr'>ellam</span> <span class='ocrx_word' id='word_1_473' title='bbox 1614 2825 1761 2859; x_wconf 80' lang='lat' dir='ltr'>indicant</span> <span class='ocrx_word' id='word_1_474' title='bbox 1795 2828 1827 2859; x_wconf 64' lang='lat' dir='ltr'>in</span> 
     </span>
     <span class='ocr_line' id='line_1_61' title="bbox 967 2871 1829 2918; baseline 0.014 -18"><span class='ocrx_word' id='word_1_475' title='bbox 967 2871 1034 2902; x_wconf 75' lang='lat' dir='ltr'>dies</span> <span class='ocrx_word' id='word_1_476' title='bbox 1055 2871 1164 2912; x_wconf 72' lang='lat' dir='ltr'>maqz&#39;s.</span> <span class='ocrx_word' id='word_1_477' title='bbox 1212 2871 1363 2903; x_wconf 73' lang='lat' dir='ltr'>Voluntas</span> <span class='ocrx_word' id='word_1_478' title='bbox 1392 2876 1561 2916; x_wconf 83' lang='lat' dir='ltr'>adscripsit</span> <span class='ocrx_word' id='word_1_479' title='bbox 1589 2878 1758 2918; x_wconf 83' lang='lat' dir='ltr'>glossator,</span> <span class='ocrx_word' id='word_1_480' title='bbox 1789 2883 1829 2913; x_wconf 82' lang='lat' dir='ltr'>ad</span> 
     </span>
     <span class='ocr_line' id='line_1_62' title="bbox 969 2927 1828 2974; baseline 0.012 -16"><span class='ocrx_word' id='word_1_481' title='bbox 969 2927 1202 2967; x_wconf 79' lang='lat' dir='ltr'>explicandum</span> <span class='ocrx_word' id='word_1_482' title='bbox 1224 2938 1295 2958; x_wconf 82' lang='lat' dir='ltr'>voc.</span> <span class='ocrx_word' id='word_1_483' title='bbox 1319 2928 1452 2960; x_wconf 70' lang='lat' dir='ltr'>animas.</span> <span class='ocrx_word' id='word_1_484' title='bbox 1476 2929 1636 2963; x_wconf 79' lang='lat' dir='ltr'>Graevius</span> <span class='ocrx_word' id='word_1_485' title='bbox 1659 2940 1731 2974; x_wconf 87' lang='lat' dir='ltr'>apte</span> <span class='ocrx_word' id='word_1_486' title='bbox 1754 2946 1828 2968; x_wconf 91' lang='lat' dir='ltr'>con—</span> 
     </span>
     <span class='ocr_line' id='line_1_63' title="bbox 968 2981 1697 3024; baseline 0.01 -13"><span class='ocrx_word' id='word_1_487' title='bbox 968 2981 1044 3012; x_wconf 84' lang='lat' dir='ltr'>tulit</span> <span class='ocrx_word' id='word_1_488' title='bbox 1066 2990 1141 3012; x_wconf 83' lang='lat' dir='ltr'>cum</span> <span class='ocrx_word' id='word_1_489' title='bbox 1163 2981 1196 3012; x_wconf 90' lang='lat' dir='ltr'>h.</span> <span class='ocrx_word' id='word_1_490' title='bbox 1219 2981 1239 3011; x_wconf 93' lang='lat' dir='ltr'>l.</span> <span class='ocrx_word' id='word_1_491' title='bbox 1263 2991 1347 3022; x_wconf 87' lang='lat' dir='ltr'>quae</span> <span class='ocrx_word' id='word_1_492' title='bbox 1369 2983 1526 3022; x_wconf 89' lang='lat' dir='ltr'>leguntur</span> <span class='ocrx_word' id='word_1_493' title='bbox 1548 2986 1592 3017; x_wconf 91' lang='lat' dir='ltr'>II.</span> <span class='ocrx_word' id='word_1_494' title='bbox 1618 2988 1644 3024; x_wconf 91' lang='lat' dir='ltr'>l,</span> <span class='ocrx_word' id='word_1_495' title='bbox 1670 2987 1697 3020; x_wconf 78' lang='grc'>7.</span> 
     </span>
    </p>

    <p class='ocr_par' dir='ltr' id='par_1_37' title="bbox 970 3032 1827 3139">
     <span class='ocr_line' id='line_1_64' title="bbox 1010 3032 1826 3077; baseline 0.013 -13"><span class='ocrx_word' id='word_1_496' title='bbox 1010 3032 1166 3064; x_wconf 71' lang='lat' dir='ltr'>Introllus</span> <span class='ocrx_word' id='word_1_497' title='bbox 1179 3033 1252 3073; x_wconf 66' lang='lat' dir='ltr'>fuit</span> <span class='ocrx_word' id='word_1_498' title='bbox 1273 3034 1307 3065; x_wconf 73' lang='lat' dir='ltr'>in</span> <span class='ocrx_word' id='word_1_499' title='bbox 1329 3044 1456 3066; x_wconf 74' lang='lat' dir='ltr'>causam</span> <span class='ocrx_word' id='word_1_500' title='bbox 1475 3036 1614 3077; x_wconf 63' lang='lat' dir='ltr'>fabellae</span> <span class='ocrx_word' id='word_1_501' title='bbox 1644 3039 1826 3076; x_wconf 65' lang='lat' dir='ltr'>Clodianae.</span> 
     </span>
     <span class='ocr_line' id='line_1_65' title="bbox 970 3088 1827 3139; baseline 0.013 -22"><span class='ocrx_word' id='word_1_502' title='bbox 970 3088 1218 3129; x_wconf 50' lang='lat' dir='ltr'>„Exspectabas</span> <span class='ocrx_word' id='word_1_503' title='bbox 1240 3090 1349 3130; x_wconf 82' lang='lat' dir='ltr'>potius</span> <span class='ocrx_word' id='word_1_504' title='bbox 1370 3089 1406 3121; x_wconf 75' lang='lat' dir='ltr'>in.</span> <span class='ocrx_word' id='word_1_505' title='bbox 1427 3094 1583 3123; x_wconf 41' lang='lat' dir='ltr'>scenam?</span> <span class='ocrx_word' id='word_1_506' title='bbox 1606 3093 1724 3133; x_wconf 82' lang='lat' dir='ltr'>Orell.;</span> <span class='ocrx_word' id='word_1_507' title='bbox 1740 3100 1827 3139; x_wconf 77' lang='lat' dir='ltr'>quod,</span> 
     </span>
    </p>
   </div>
   <div class='ocr_carea' id='block_1_31' title="bbox 948 3139 1827 3183">
    <p class='ocr_par' dir='ltr' id='par_1_38' title="bbox 948 3139 1827 3183">
     <span class='ocr_line' id='line_1_66' title="bbox 948 3139 1827 3183; baseline 0.015 -13"><span class='ocrx_word' id='word_1_508' title='bbox 948 3145 950 3149; x_wconf 75' lang='grc'>’</span> <span class='ocrx_word' id='word_1_509' title='bbox 975 3149 1088 3171; x_wconf 69' lang='lat' dir='ltr'>venun</span> <span class='ocrx_word' id='word_1_510' title='bbox 1124 3140 1241 3176; x_wconf 53' lang='lat' dir='ltr'>iudae.</span> <span class='ocrx_word' id='word_1_511' title='bbox 1286 3139 1461 3177; x_wconf 65' lang='lat' dir='ltr'>Geuztivus</span> <span class='ocrx_word' id='word_1_512' title='bbox 1487 3142 1625 3183; x_wconf 64' lang='lat' dir='ltr'>fabulae</span> <span class='ocrx_word' id='word_1_513' title='bbox 1654 3145 1827 3182; x_wconf 71' lang='lat' dir='ltr'>Clodianae</span> 
     </span>
    </p>
   </div>
  </div>
 </body>
</html>
