2117 3533
739 173 847 215 LIB.
881 174 957 216 IV.

992 175 1076 216 ΕΡ.
1114 176 1186 215 18.
1762 174 1845 215 207

82 307 168 364 lege
200 310 326 365 Papia
359 309 694 351 condemnarunt.
738 308 881 361 Itaque
915 308 1019 350 dixit
1052 309 1189 350 sta-tim
1222 323 1313 350 reus
1347 309 1395 350 P.
1428 308 1516 363 lege
1556 308 1583 352 †
1627 309 1848 351 maiestatis

86 376 523 425 OYCOIAAPHC
553 379 708 423 AMA
737 379 957 422 ΑΦΙΗΙ.
998 406 1054 411 —-—
1089 381 1344 436 Pomptinius
1378 381 1464 422 vult
1506 397 1541 422 a.
1566 380 1607 422 d.
1641 395 1703 423 IV.
1736 382 1847 423 Non.

84 454 301 496 Novembr.
334 454 596 510 triumphare.
632 453 742 494 Huic
777 452 936 494 obviam
970 454 1069 495 Cato
1104 459 1144 495 et
1177 454 1371 496 Servilius
1404 459 1607 508 praetores
1640 457 1775 509 aperte
1808 457 1848 493 et

83 527 134 577 Q.
169 527 331 568 Mucius
364 527 568 568 tribunus.
624 526 788 580 Negant
821 526 927 566 enim
964 526 1091 567 latum
1125 527 1174 568 de
1207 527 1398 581 imperi03
1433 531 1473 567 et
1505 532 1566 567 est
1597 527 1727 567 latum
1760 525 1847 566 her-

83 599 170 639 cule
202 599 367 640 insulse.
403 598 481 640 Sed
514 597 590 639 erit
623 613 715 638 cum
748 598 980 653 Pomptinio
1014 599 1171 654 Appius
1206 598 1360 639 consul.
1394 598 1495 639 Cato
1519 604 1654 640 tamen
1679 599 1848 640 affirmat

84 686 124 711 se
158 671 248 712 vivo
281 672 396 712 illum
428 686 509 712 non
542 670 902 725 triumphaturum.
958 670 1007 711 Id
1041 685 1113 725 ego
1147 676 1261 726 puto,
1296 675 1342 711 ut
1386 671 1514 712 multa
1557 671 1752 723 eiusdem,
1798 671 1848 713 ad

84 743 186 784 nihil
218 759 463 786 recasurum.
498 743 654 798 Appius
688 743 773 784 sine
808 743 894 798 lege
929 758 1000 784 suo
1035 749 1199 799 sumptu
1232 745 1274 785 in
1309 744 1492 785 Ciliciam
1516 744 1681 798 cogitat.
1719 746 1759 785 5.
1783 743 1848 785 Ab

84 818 238 869 Quinto
272 818 390 859 fratre
423 823 463 858 et
496 832 519 858 a
563 816 729 858 Caesa-re
774 817 908 872 accepi
950 832 986 857 a.
1031 816 1072 858 d.
1116 832 1180 858 IX.
1214 817 1388 859 Kalend.
1434 817 1654 859 Novembr.
1698 817 1847 867 literas,

126 1005 141 1034 l
165 1005 272 1036 statim
295 1006 312 1044 †
334 1015 409 1036 reus
430 1005 466 1036 P.
490 1006 557 1045 leffe
579 1004 754 1036 maiestatis
778 1023 816 1027 —
839 1005 858 1034 8
879 1004 1003 1041 literas,
1027 1003 1171 1044 confecta
1196 1003 1381 1042 Britannia,
1404 1005 1469 1037 obs.
1489 1014 1568 1044 (cca,
1591 1005 1682 1036 nulla
1699 1015 1760 1045 pr„
1778 1004 1849 1045 islep.

81 1060 185 1090 tumen
201 1058 350 1098 pecunia,
373 1058 468 1089 datas
491 1077 532 1081 —

80 1240 108 1271 Ι.
133 1240 160 1278 1,
191 1240 230 1271 13
258 1245 289 1272 et
319 1240 548 1281 inscriptiones
579 1250 597 1271 a
630 1241 695 1272 Th.
726 1241 937 1273 Mommseno

79 1294 236 1325 collectae
259 1294 293 1324 in
316 1294 404 1325 Mus.
426 1294 534 1325 Rhen.
557 1304 634 1325 nov.
657 1295 718 1325 VI.
741 1305 772 1335 p.
795 1296 813 1324 3
844 1304 933 1334 seqq.

78 1347 155 1377 Non
178 1357 259 1388 opus
289 1352 337 1378 est
365 1347 483 1388 copula
511 1347 599 1379 iuter
629 1358 682 1378 vv.
712 1347 855 1378 libertum
887 1357 936 1377 uc-

78 1409 210 1430 censum.
297 1401 300 1404 ⁴

119 1452 200 1494 Leqe
224 1452 335 1493 Papia.
364 1452 400 1484 C.
424 1453 546 1494 Papius
569 1453 644 1484 trib.
668 1453 713 1494 pl.
736 1464 764 1484 a.
795 1453 855 1483 688
884 1462 936 1493 pe-

77 1505 226 1546 regrinos
253 1506 327 1546 lege
357 1515 414 1536 sua
445 1515 488 1537 ex
518 1507 598 1537 urbe
629 1506 733 1537 eiecit.
773 1506 841 1537 Cic.
872 1504 935 1537 Off.

76 1559 143 1590 ΠΙ.
165 1559 215 1592 47.
239 1560 368 1590 Iudices
393 1560 600 1590 Antiochum
622 1560 719 1590 illum
735 1571 802 1591 non
817 1559 936 1591 merito

78 1622 147 1650 suo,
170 1614 227 1644 sed
257 1617 295 1643 ut
321 1612 502 1644 Gabinium
533 1613 602 1644 eius
631 1620 809 1654 patronum
838 1623 935 1644 vexa-

77 1672 159 1704 rent,
198 1676 235 1697 ea
264 1666 338 1707 lege
368 1668 607 1698 condemnasse
635 1667 802 1698 videntur.
841 1667 935 1705 Quae

77 1726 260 1761 sequuntur
283 1722 363 1752 adeo
387 1721 525 1752 obscura
547 1727 632 1759 sunt,
667 1727 704 1752 ut
734 1721 849 1753 Cicero
877 1732 932 1752 no-

78 1775 127 1806 bis
151 1776 192 1806 ab
214 1775 328 1806 inferis
351 1776 545 1806 excitandus
569 1782 662 1813 esset,
686 1780 723 1806 ut
737 1786 821 1816 quae
835 1776 932 1816 scrip-

77 1828 156 1859 serit
179 1827 369 1868 explicaret.
392 1828 477 1868 Legi
499 1828 621 1865 omnia,
638 1838 720 1869 quae
737 1829 770 1859 in
788 1829 932 1859 editione

77 1879 209 1911 Graevii
233 1885 264 1912 et
285 1881 320 1911 in
343 1881 502 1911 Lambini
526 1891 644 1912 comm.
666 1881 931 1922 [Ποῖα-11727,

77 1943 226 1975 quaeque
257 1935 376 1966 deinde
406 1944 424 1965 a
462 1933 620 1965 Schutzio
656 1940 689 1966 et
719 1934 865 1976 Sauppio
897 1935 930 1965 in

76 1986 150 2017 Ind.
173 1985 287 2017 Graec.
310 1997 341 2027 p.
365 1986 403 2019 71
427 1987 555 2027 prolata-
577 1993 663 2024 sunt,
687 1988 744 2018 sed
767 1997 834 2018 non
848 1987 931 2018 mul-

77 2045 146 2071 tum
169 2041 245 2072 iude
267 2041 400 2081 profeci.
424 2040 495 2072 Soli
518 2041 694 2072 Tunstallo
717 2051 764 2082 ep.
786 2042 828 2072 ad
847 2041 931 2072 Mid-

80 2093 158 2124 dlet.
191 2103 222 2133 p.
253 2094 311 2124 125
341 2094 466 2134 aliquid
494 2094 529 2124 in
552 2098 698 2125 mentem
720 2094 820 2131 veuit,
845 2095 933 2134 quod

76 2156 144 2177 non
174 2146 310 2178 omnino
339 2147 555 2178 reficiendum
584 2152 679 2188 puto:
709 2147 823 2188 Itaque
850 2147 933 2178 dizit

76 2198 184 2229 statim
206 2207 278 2229 reus
300 2198 337 2229 P.
364 2201 411 2239 (ος
436 2199 553 2240 Papia)
583 2200 668 2240 ἱερά).-
695 2200 754 2245 μοί
782 2199 855 2233 ἐστι’
882 2211 929 2240 τι,

78 2249 116 2283 οὺ
146 2250 202 2284 σοι’
231 2244 276 2293 δ’,
299 2243 411 2297 Ἄρες,
443 2250 514 2298 ἅμα
536 2252 664 2300 Παφίῃ.
696 2253 737 2283 In
760 2245 933 2297 1113”Αρης

76 2304 138 2336 erit
159 2303 330 2342 Gabinius,
355 2312 386 2336 et
409 2306 443 2337 in
467 2306 602 2337 nomine
626 2305 758 2349 Παφίης
774 2305 932 2337 alluditur

76 2357 118 2387 ad
138 2357 249 2397 legem
270 2357 418 2398 Papiam.
442 2358 508 2389 Pro
531 2355 604 2403 ἅμα
626 2359 741 2390 malim
765 2357 840 2391 σύν.

118 2412 317 2453 Pomptirzz'us
338 2415 405 2445 vult
428 2421 489 2446 cet.
522 2415 595 2445 Hac
617 2416 657 2446 de
689 2425 723 2446 re
752 2416 792 2446 ad
823 2415 864 2454 Q.
893 2414 931 2445 fr.

77 2465 143 2497 III.
166 2467 195 2504 4,
220 2467 238 2497 6
262 2467 344 2498 haec
366 2468 526 2508 legimus:
553 2483 566 2495 11
578 2468 754 2509 Pomptinio
769 2469 813 2499 ud
826 2469 932 2499 trium·

70 2521 166 2560 plzum.
192 2532 222 2552 α.
245 2521 276 2552 d.
299 2520 363 2551 III
381 2522 462 2553 Non.
485 2522 646 2554 Novembr.
659 2523 797 2555 volebam
810 2524 931 2554 adesse.

76 2573 199 2605 Etenim
222 2575 283 2606 erit
306 2576 410 2607 nescio
438 2577 515 2617 quid
545 2577 705 2617 neqoliolz'.
741 2577 822 2608 Nam
854 2577 932 2608 Cato

77 2630 107 2659 et
128 2627 278 2661 Servilius
293 2633 462 2671 praetores
478 2631 693 2671 prohibituros
706 2641 739 2663 Se
753 2632 931 2667 minantum

77 2692 143 2720 uec,
166 2683 243 2723 qwid
261 2684 397 2723 possint,
426 2685 501 2716 scio.
538 2685 603 2717 Ille
632 2686 712 2717 euim
741 2689 771 2717 et
804 2686 932 2727 Appium

78 2736 233 2766 consulem
255 2746 355 2767 Secum
379 2737 502 2768 habebit
525 2740 555 2768 et
572 2741 738 2778 praetores
751 2740 781 2769 et
795 2738 934 2769 tribunos

71 2787 183 2827 plebis.
213 2788 274 2819 Sed
302 2788 462 2819 minantur
485 2792 586 2821 latnen
616 2790 823 2832 imprimisque
844 2783 930 2836 ''AprJ

75 2839 184 2873 πνέων
211 2840 246 2881 Q.
269 2840 428 2872 Scaevola.
446 2842 658 2883 Pomptinius
672 2844 805 2875 volebat
821 2846 933 2877 trium-

76 2896 178 2937 phare
205 2903 338 2937 propter
364 2907 415 2929 res
445 2898 479 2929 in
509 2898 618 2930 Gallia
646 2910 674 2930 a.
698 2900 758 2931 693
781 2911 933 2942 prospere

76 2956 187 2990 gestas
209 2956 241 2982 et
262 2951 465 2992 Allobroges
494 2954 648 2984 domitos.
686 2954 763 2985 Vid.
794 2954 864 2986 Cic.
893 2957 933 2988 de

78 3013 168 3043 prov.
198 3014 296 3041 cons„
327 3005 376 3035 32.
412 3005 476 3036 Dio
515 3005 703 3037 XXXVII.
740 3007 780 3040 47
820 3018 867 3049 sq.
903 3013 935 3040 et

78 3058 279 3099 triumphum
303 3060 437 3100 adeptus
466 3066 516 3092 est
543 3070 641 3101 opera
672 3061 779 3093 Servii
809 3062 933 3094 Galbae

80 3112 246 3152 praetoris.
272 3113 349 3144 Vid.
374 3114 454 3144 ibid.
476 3113 648 3145 XXXIX.
672 3115 722 3146 65.
743 3134 785 3138 —
806 3115 848 3147 In
878 3126 934 3147 no-

80 3165 170 3198 mine
190 3166 369 3199 scribendo
391 3176 511 3208 magna
528 3172 576 3200 est
588 3168 738 3201 varietas.
761 3168 933 3201 Vid.E1-n.

988 1237 1022 1268 in
1045 1237 1164 1269 Onom.
1188 1237 1278 1268 Tull.
1300 1248 1331 1279 p.
1353 1240 1424 1271 483.
1448 1239 1598 1272 Oudend.
1622 1241 1663 1271 ad
1693 1240 1847 1272 Frontini

988 1289 1130 1330 Strateg.
1153 1290 1200 1321 ΙΙ.
1224 1291 1253 1327 4,
1277 1290 1306 1323 7.

1028 1342 1196 1373 Praetores
1215 1345 1333 1382 aperte.
1355 1343 1479 1375 Mirum
1493 1345 1584 1376 Med.
1601 1355 1746 1377 errorem
1754 1356 1848 1387 prue-

986 1399 1035 1426 tor
1058 1395 1103 1426 ud
1115 1398 1242 1436 porlum
1266 1401 1352 1427 recte
1369 1396 1435 1427 iam
1455 1399 1597 1437 sustulit,
1613 1399 1671 1440 qui
1687 1400 1737 1431 ed.
1752 1399 1847 1431 Rom.

985 1449 1169 1490 principem
1192 1449 1327 1480 curavit.

1026 1504 1152 1545 Nequut
1175 1523 1217 1527 —
1238 1504 1369 1535 insulse.
1393 1504 1474 1536 Sine
1488 1506 1628 1547 imperio
1644 1516 1743 1538 nemo
1761 1513 1848 1548 pote-

986 1562 1035 1587 rat
1057 1557 1263 1598 triumphare
1286 1556 1327 1588 cf.
1349 1557 1424 1588 Liv.
1448 1558 1561 1589 XLV.
1580 1560 1630 1590 35.
1652 1559 1759 1600 Atqui
1776 1559 1847 1591 Ser.

985 1609 1090 1641 Galba
1126 1611 1237 1651 legem
1265 1611 1305 1642 de
1338 1611 1477 1652 imperio
1512 1611 1696 1654 Pomptinii
1726 1613 1848 1645 tulerat

986 1662 1095 1708 κρύφα
1123 1659 1181 1696 καὶ
1213 1659 1278 1697 ὑπὸ
1307 1661 1369 1700 τὴν
1400 1662 1459 1705 ἔω,
1484 1670 1521 1696 ut
1541 1665 1606 1696 Dio
1629 1666 1651 1697 1.
1674 1677 1702 1697 c.
1723 1666 1846 1698 scribit.

1029 1721 1108 1752 Cato
1130 1722 1266 1762 affirmat
1294 1740 1336 1745 —
1364 1723 1453 1754 illum
1483 1734 1545 1755 nou
1573 1724 1846 1766 triumphaturum.

985 1775 1025 1805 In
1060 1776 1130 1806 cod.
1167 1775 1258 1806 Med.
1292 1786 1395 1816 quum
1433 1777 1530 1808 initio
1567 1778 1726 1819 scriptum
1762 1784 1847 1811 esset

985 1827 1189 1868 triumphare,
1221 1829 1265 1859 ita
1301 1835 1484 1861 correctum
1521 1836 1577 1869 est,
1615 1838 1653 1863 ut
1687 1833 1847 1864 dedimus.

984 1882 1128 1912 Haasius
1152 1882 1288 1922 quidem
1311 1884 1351 1913 ad
1373 1883 1513 1924 Reisigii
1537 1885 1665 1916 scholas
1689 1887 1764 1916 adn.
1783 1887 1846 1917 452

983 1936 1188 1968 infinitivum
1203 1939 1385 1978 praesentis
1402 1940 1558 1980 temporis
1574 1941 1680 1981 magis
1696 1941 1844 1972 moribus

986 1990 1121 2022 Catonis
1143 1992 1323 2023 convenire
1347 1993 1532 2031 existimat;
1557 1995 1614 2025 sed
1637 1994 1758 2026 Catoni
1780 2005 1846 2026 1110-

986 2053 1040 2091 res
1074 2054 1141 2075 non
1178 2045 1302 2075 dabant
1338 2046 1472 2077 veniam
1512 2047 1641 2079 soloece
1679 2048 1846 2089 loquendi.

985 2099 1117 2131 Diversi
1138 2100 1270 2139 generis
1292 2106 1378 2138 sunt,
1403 2110 1487 2141 quae
1511 2101 1682 2135 Drakenb.
1711 2112 1846 2143 conges-

986 2152 1028 2183 sit
1050 2153 1091 2182 ad
1112 2152 1202 2183 Livii
1226 2152 1380 2184 XXVII.
1403 2155 1432 2190 3,
1455 2155 1491 2191 4;
1516 2155 1574 2185 sed
1597 2155 1630 2185 in
1654 2155 1745 2186 Livii
1776 2165 1845 2186 ver-

987 2205 1035 2235 bis
1058 2204 1230 2236 XXXIV.
1255 2206 1311 2235 33:
1335 2204 1464 2236 Postero
1487 2206 1540 2237 die
1563 2206 1663 2237 Nubis
1689 2207 1785 2248 Arqis
1813 2217 1846 2239 se

986 2258 1095 2289 cedere
1118 2268 1156 2289 ac
1178 2257 1333 2289 deducere
1348 2259 1558 2299 praesidium,
1578 2260 1702 2301 quando
1721 2261 1767 2292 ita
1786 2261 1846 2292 Ro-

986 2311 1087 2342 munz‘s
1101 2311 1256 2352 placeret,
1280 2313 1310 2342 et
1334 2312 1473 2352 captivos
1504 2315 1535 2343 et
1557 2313 1713 2355 perfuqus
1743 2314 1846 2345 reddi-

986 2370 1090 2399 turum
1112 2367 1207 2404 dixit,
1230 2368 1323 2398 nulla
1345 2373 1394 2399 est
1422 2373 1608 2409 temporum
1637 2371 1846 2411 permutatio,

985 2422 1042 2453 sed
1064 2422 1152 2462 quod
1175 2422 1284 2452 statim
1306 2422 1377 2453 fieri
1399 2428 1526 2463 poterat
1555 2425 1728 2464 praesenti,
1758 2426 1847 2466 quod

987 2476 1157 2516 aliquanto
1179 2482 1253 2517 post
1282 2475 1431 2507 futurum
1460 2482 1528 2508 erat
1556 2478 1666 2509 futuro
1696 2480 1846 2520 designa-

988 2534 1050 2560 tur.
1089 2529 1193 2560 Nabis
1217 2530 1284 2570 ipse
1307 2530 1353 2561 sic
1375 2530 1483 2562 dicere
1512 2536 1654 2571 poterat:
1688 2534 1846 2573 aquando

989 2582 1035 2613 ita
1057 2582 1151 2612 vobis
1174 2582 1289 2623 placet,
1312 2583 1415 2623 Argis
1437 2584 1518 2614 cedo
1541 2594 1578 2615 ac
1599 2585 1726 2616 deduco
1756 2595 1845 2626 prae-

988 2634 1119 2671 sidium,
1143 2635 1290 2675 captivos
1313 2639 1344 2665 et
1365 2635 1520 2676 perfugas
1543 2637 1712 2669 reddam.”

1029 2687 1149 2728 Appius
1170 2687 1239 2718 siue
1262 2687 1330 2728 leffe
1350 2697 1406 2719 Suo
1427 2691 1549 2729 sumptu
1574 2689 1608 2720 iu
1633 2690 1776 2721 Ciliciam
1799 2701 1845 2722 co-

984 2739 1079 2780 qz'lut.
1108 2740 1165 2770 Ad
1190 2741 1230 2779 Q.
1255 2739 1293 2771 fr.
1315 2741 1381 2771 III.
1409 2742 1437 2779 2,
1468 2743 1502 2772 3:
1533 2742 1652 2782 Appius
1681 2743 1749 2773 siue
1777 2744 1846 2784 lesse

988 2793 1113 2824 curiata
1143 2794 1304 2834 confirmat
1331 2805 1365 2825 se
1392 2795 1527 2826 Lentulo
1555 2799 1661 2827 nostro
1689 2807 1844 2828 successu-

987 2858 1064 2878 rum.
1106 2848 1245 2879 Plenius
1268 2850 1308 2879 de
1331 2859 1369 2880 ea
1390 2859 1424 2881 re
1447 2850 1558 2890 agitur
1579 2851 1613 2881 in
1638 2850 1706 2882 Cic.
1731 2861 1779 2892 ep.
1803 2853 1843 2883 ad

987 2902 1095 2942 ipsum
1116 2901 1300 2933 Lentulum
1323 2902 1417 2934 Fam.
1440 2904 1467 2934 I.
1491 2904 1520 2941 9,
1544 2905 1593 2935 25.

1030 2958 1048 2997 ξ
1072 2959 1099 2988 5.
1125 2957 1171 2988 Ab
1188 2957 1314 2998 Quinto.
1330 2959 1378 2989 Ab
1394 2965 1470 2990 ante
1485 2969 1648 2991 consonas
1663 2965 1749 2992 recte
1764 2961 1843 3001 poni

987 3011 1169 3041 docuerunt
1190 3010 1357 3051 Reisigius
1381 3012 1414 3042 in
1439 3011 1550 3042 Schol.
1573 3022 1711 3052 gramm.
1742 3014 1760 3054 ξ
1781 3014 1845 3044 404

988 3068 1073 3094 extr.
1096 3068 1129 3094 et
1142 3063 1199 3104 qui
1215 3063 1360 3104 plurima
1372 3073 1389 3095 e
1404 3063 1576 3096 Ciceronis
1591 3065 1718 3106 scriptis
1734 3075 1844 3098 exem-

987 3116 1041 3156 pla
1062 3116 1254 3153 cumulavit,
1278 3117 1465 3149 Ellendtius
1486 3117 1522 3149 in
1545 3128 1664 3150 comm.
1678 3118 1748 3151 crit.
1765 3120 1805 3151 ad
1825 3120 1843 3156 I

985 3170 1027 3201 de
1047 3168 1137 3202 Orat.
1159 3169 1179 3209 ξ
1202 3169 1273 3200 160.
