<?xml version="1.0" encoding="UTF-8"?>
<!DOCTYPE html PUBLIC "-//W3C//DTD XHTML 1.0 Transitional//EN"
    "http://www.w3.org/TR/xhtml1/DTD/xhtml1-transitional.dtd">
<html xmlns="http://www.w3.org/1999/xhtml" xml:lang="en" lang="en">
 <head>
  <title>
</title>
<meta http-equiv="Content-Type" content="text/html;charset=utf-8" />
  <meta name='ocr-system' content='tesseract 3.04.00' />
  <meta name='ocr-capabilities' content='ocr_page ocr_carea ocr_par ocr_line ocrx_word'/>
</head>
<body>
  <div class='ocr_page' id='page_1' title='image "./epistolarumadtpo01ciceuoft_0318.png"; bbox 0 0 2117 3533; ppageno 0'>
   <div class='ocr_carea' id='block_1_1' title="bbox 216 173 2024 1313">
    <p class='ocr_par' dir='ltr' id='par_1_1' title="bbox 263 173 2013 589">
     <span class='ocr_line' id='line_1_1' title="bbox 267 173 1609 227; baseline -0.01 -1"><span class='ocrx_word' id='word_1_1' title='bbox 267 191 350 227; x_wconf 53' lang='lat'><strong>:398</strong></span> <span class='ocrx_word' id='word_1_2' title='bbox 661 182 742 221; x_wconf 77' lang='grc' dir='ltr'><strong>ΕΡ.</strong></span> <span class='ocrx_word' id='word_1_3' title='bbox 779 179 852 219; x_wconf 69' lang='lat' dir='ltr'><strong>AD</strong></span> <span class='ocrx_word' id='word_1_4' title='bbox 886 179 930 218; x_wconf 74' lang='lat' dir='ltr'><strong>T.</strong></span> <span class='ocrx_word' id='word_1_5' title='bbox 966 175 1314 217; x_wconf 86' lang='lat' dir='ltr'>POMPONIUM</span> <span class='ocrx_word' id='word_1_6' title='bbox 1349 173 1609 214; x_wconf 60' lang='lat' dir='ltr'><strong>AMICUM.</strong></span> 
     </span>
     <span class='ocr_line' id='line_1_2' title="bbox 263 306 2011 369; baseline -0.009 -8"><span class='ocrx_word' id='word_1_7' title='bbox 263 321 430 368; x_wconf 82' lang='lat' dir='ltr'><strong>urbano,</strong></span> <span class='ocrx_word' id='word_1_8' title='bbox 465 327 504 358; x_wconf 88' lang='lat' dir='ltr'><strong>et</strong></span> <span class='ocrx_word' id='word_1_9' title='bbox 536 317 598 366; x_wconf 83' lang='lat' dir='ltr'><strong>iis,</strong></span> <span class='ocrx_word' id='word_1_10' title='bbox 634 329 732 369; x_wconf 86' lang='lat' dir='ltr'><strong>quas</strong></span> <span class='ocrx_word' id='word_1_11' title='bbox 765 319 902 368; x_wconf 83' lang='lat' dir='ltr'><strong>postea</strong></span> <span class='ocrx_word' id='word_1_12' title='bbox 935 311 1144 366; x_wconf 70' lang='lat' dir='ltr'><strong>scripsisti,</strong></span> <span class='ocrx_word' id='word_1_13' title='bbox 1180 309 1229 350; x_wconf 85' lang='lat' dir='ltr'><strong>ad</strong></span> <span class='ocrx_word' id='word_1_14' title='bbox 1263 309 1417 363; x_wconf 84' lang='lat' dir='ltr'><strong>privata</strong></span> <span class='ocrx_word' id='word_1_15' title='bbox 1451 307 1588 348; x_wconf 88' lang='lat' dir='ltr'><strong>venio:</strong></span> <span class='ocrx_word' id='word_1_16' title='bbox 1637 321 1761 347; x_wconf 89' lang='lat' dir='ltr'><strong>unum</strong></span> <span class='ocrx_word' id='word_1_17' title='bbox 1804 306 1923 347; x_wconf 82' lang='lat' dir='ltr'><strong>etiam</strong></span> <span class='ocrx_word' id='word_1_18' title='bbox 1964 306 2011 346; x_wconf 87' lang='lat' dir='ltr'><strong>de</strong></span> 
     </span>
     <span class='ocr_line' id='line_1_3' title="bbox 265 378 2013 433; baseline -0.008 -1"><span class='ocrx_word' id='word_1_19' title='bbox 265 391 412 433; x_wconf 54' lang='lat' dir='ltr'><strong>(laelio.</strong></span> <span class='ocrx_word' id='word_1_20' title='bbox 462 389 635 429; x_wconf 86' lang='lat' dir='ltr'><strong>Tantum</strong></span> <span class='ocrx_word' id='word_1_21' title='bbox 669 385 781 427; x_wconf 86' lang='lat' dir='ltr'><strong>abest</strong></span> <span class='ocrx_word' id='word_1_22' title='bbox 821 389 866 425; x_wconf 87' lang='lat' dir='ltr'><strong>ut</strong></span> <span class='ocrx_word' id='word_1_23' title='bbox 914 398 1042 424; x_wconf 89' lang='lat' dir='ltr'><strong>meam</strong></span> <span class='ocrx_word' id='word_1_24' title='bbox 1082 382 1148 422; x_wconf 81' lang='grc'><strong>1110</strong></span> <span class='ocrx_word' id='word_1_25' title='bbox 1193 380 1432 422; x_wconf 87' lang='lat' dir='ltr'><strong>sententiam</strong></span> <span class='ocrx_word' id='word_1_26' title='bbox 1480 383 1649 430; x_wconf 85' lang='lat' dir='ltr'><strong>moveat,</strong></span> <span class='ocrx_word' id='word_1_27' title='bbox 1695 383 1740 420; x_wconf 91' lang='lat' dir='ltr'><strong>ut</strong></span> <span class='ocrx_word' id='word_1_28' title='bbox 1788 378 1901 419; x_wconf 89' lang='lat' dir='ltr'><strong>valde</strong></span> <span class='ocrx_word' id='word_1_29' title='bbox 1942 394 2013 433; x_wconf 87' lang='lat' dir='ltr'><strong>ego</strong></span> 
     </span>
     <span class='ocr_line' id='line_1_4' title="bbox 266 451 2013 519; baseline -0.007 -15"><span class='ocrx_word' id='word_1_30' title='bbox 266 464 354 519; x_wconf 87' lang='lat' dir='ltr'><strong>ipsi,</strong></span> <span class='ocrx_word' id='word_1_31' title='bbox 390 461 497 517; x_wconf 91' lang='lat' dir='ltr'><strong>quod</strong></span> <span class='ocrx_word' id='word_1_32' title='bbox 542 460 590 500; x_wconf 88' lang='lat' dir='ltr'><strong>de</strong></span> <span class='ocrx_word' id='word_1_33' title='bbox 634 474 706 500; x_wconf 83' lang='lat' dir='ltr'><strong>sua</strong></span> <span class='ocrx_word' id='word_1_34' title='bbox 750 457 948 499; x_wconf 86' lang='lat' dir='ltr'><strong>sententia</strong></span> <span class='ocrx_word' id='word_1_35' title='bbox 989 454 1218 505; x_wconf 79' lang='lat' dir='ltr'><strong>decesserit,</strong></span> <span class='ocrx_word' id='word_1_36' title='bbox 1262 452 1550 509; x_wconf 88' lang='lat' dir='ltr'><strong>poenitendum</strong></span> <span class='ocrx_word' id='word_1_37' title='bbox 1593 457 1744 507; x_wconf 88' lang='lat' dir='ltr'><strong>putem.</strong></span> <span class='ocrx_word' id='word_1_38' title='bbox 1797 451 1873 492; x_wconf 88' lang='lat' dir='ltr'><strong>Sed</strong></span> <span class='ocrx_word' id='word_1_39' title='bbox 1919 451 2013 504; x_wconf 88' lang='lat' dir='ltr'><strong>quid</strong></span> 
     </span>
     <span class='ocr_line' id='line_1_5' title="bbox 263 524 2013 589; baseline -0.007 -13"><span class='ocrx_word' id='word_1_40' title='bbox 263 542 335 585; x_wconf 83' lang='lat' dir='ltr'><strong>est,</strong></span> <span class='ocrx_word' id='word_1_41' title='bbox 370 533 476 589; x_wconf 90' lang='lat' dir='ltr'><strong>quod</strong></span> <span class='ocrx_word' id='word_1_42' title='bbox 510 533 546 573; x_wconf 89' lang='lat' dir='ltr'><strong>ei</strong></span> <span class='ocrx_word' id='word_1_43' title='bbox 580 531 657 572; x_wconf 84' lang='lat' dir='ltr'><strong>vici</strong></span> <span class='ocrx_word' id='word_1_44' title='bbox 691 529 854 571; x_wconf 89' lang='lat' dir='ltr'><strong>Lucceii</strong></span> <span class='ocrx_word' id='word_1_45' title='bbox 889 529 970 569; x_wconf 91' lang='lat' dir='ltr'><strong>sint</strong></span> <span class='ocrx_word' id='word_1_46' title='bbox 1003 527 1181 568; x_wconf 73' lang='lat' dir='ltr'><strong>addicti?</strong></span> <span class='ocrx_word' id='word_1_47' title='bbox 1228 526 1318 566; x_wconf 91' lang='lat' dir='ltr'><strong>Hoc</strong></span> <span class='ocrx_word' id='word_1_48' title='bbox 1351 530 1390 566; x_wconf 89' lang='lat' dir='ltr'><strong>te</strong></span> <span class='ocrx_word' id='word_1_49' title='bbox 1432 525 1741 579; x_wconf 70' lang='lat' dir='ltr'><strong>praetermisisse</strong></span> <span class='ocrx_word' id='word_1_50' title='bbox 1787 524 1920 565; x_wconf 89' lang='lat' dir='ltr'><strong>miror.</strong></span> <span class='ocrx_word' id='word_1_51' title='bbox 1975 524 2013 563; x_wconf 86' lang='lat'><strong>7.</strong></span> 
     </span>
    </p>

    <p class='ocr_par' dir='ltr' id='par_1_2' title="bbox 233 596 2019 943">
     <span class='ocr_line' id='line_1_6' title="bbox 233 596 2014 654; baseline -0.008 -4"><span class='ocrx_word' id='word_1_52' title='bbox 233 610 321 650; x_wconf 75' lang='lat' dir='ltr'><strong>5I)e</strong></span> <span class='ocrx_word' id='word_1_53' title='bbox 356 606 586 654; x_wconf 89' lang='lat' dir='ltr'><strong>Philotimo,</strong></span> <span class='ocrx_word' id='word_1_54' title='bbox 621 603 763 644; x_wconf 86' lang='lat' dir='ltr'><strong>faciam</strong></span> <span class='ocrx_word' id='word_1_55' title='bbox 797 601 996 654; x_wconf 82' lang='lat' dir='ltr'><strong>equidem,</strong></span> <span class='ocrx_word' id='word_1_56' title='bbox 1030 604 1077 640; x_wconf 89' lang='lat' dir='ltr'><strong>ut</strong></span> <span class='ocrx_word' id='word_1_57' title='bbox 1110 613 1260 639; x_wconf 90' lang='lat' dir='ltr'><strong>mones.</strong></span> <span class='ocrx_word' id='word_1_58' title='bbox 1307 597 1384 638; x_wconf 86' lang='lat' dir='ltr'><strong>Sed</strong></span> <span class='ocrx_word' id='word_1_59' title='bbox 1418 612 1490 651; x_wconf 83' lang='lat' dir='ltr'><strong>ego</strong></span> <span class='ocrx_word' id='word_1_60' title='bbox 1524 596 1623 637; x_wconf 90' lang='lat' dir='ltr'><strong>mihi</strong></span> <span class='ocrx_word' id='word_1_61' title='bbox 1656 596 1706 638; x_wconf 89' lang='lat' dir='ltr'><strong>ab</strong></span> <span class='ocrx_word' id='word_1_62' title='bbox 1739 597 1808 637; x_wconf 82' lang='grc'><strong>1110</strong></span> <span class='ocrx_word' id='word_1_63' title='bbox 1842 611 1924 637; x_wconf 85' lang='grc'><strong>11011</strong></span> <span class='ocrx_word' id='word_1_64' title='bbox 1956 611 2014 637; x_wconf 81' lang='lat' dir='ltr'><strong>ra-</strong></span> 
     </span>
     <span class='ocr_line' id='line_1_7' title="bbox 261 668 2015 732; baseline -0.007 -12"><span class='ocrx_word' id='word_1_65' title='bbox 261 681 389 721; x_wconf 90' lang='lat' dir='ltr'><strong>tiones</strong></span> <span class='ocrx_word' id='word_1_66' title='bbox 422 675 714 732; x_wconf 79' lang='lat' dir='ltr'><strong>exspectabam,</strong></span> <span class='ocrx_word' id='word_1_67' title='bbox 761 688 857 728; x_wconf 88' lang='lat' dir='ltr'><strong>quas</strong></span> <span class='ocrx_word' id='word_1_68' title='bbox 889 672 966 713; x_wconf 90' lang='lat' dir='ltr'><strong>tibi</strong></span> <span class='ocrx_word' id='word_1_69' title='bbox 999 671 1140 721; x_wconf 83' lang='lat' dir='ltr'><strong>edidit,</strong></span> <span class='ocrx_word' id='word_1_70' title='bbox 1175 685 1313 711; x_wconf 86' lang='lat' dir='ltr'><strong>verum</strong></span> <span class='ocrx_word' id='word_1_71' title='bbox 1345 669 1387 710; x_wconf 87' lang='lat' dir='ltr'><strong>id</strong></span> <span class='ocrx_word' id='word_1_72' title='bbox 1431 670 1644 724; x_wconf 87' lang='lat' dir='ltr'><strong>reliquum,</strong></span> <span class='ocrx_word' id='word_1_73' title='bbox 1696 669 1802 729; x_wconf 78' lang='lat' dir='ltr'><strong>quod</strong></span> <span class='ocrx_word' id='word_1_74' title='bbox 1848 668 1933 723; x_wconf 90' lang='lat' dir='ltr'><strong>ipse</strong></span> <span class='ocrx_word' id='word_1_75' title='bbox 1973 668 2015 709; x_wconf 90' lang='lat' dir='ltr'><strong>in</strong></span> 
     </span>
     <span class='ocr_line' id='line_1_8' title="bbox 262 741 2017 796; baseline -0.007 -2"><span class='ocrx_word' id='word_1_76' title='bbox 262 752 487 794; x_wconf 84' lang='lat' dir='ltr'><strong>Tusculano</strong></span> <span class='ocrx_word' id='word_1_77' title='bbox 521 765 583 791; x_wconf 91' lang='lat' dir='ltr'><strong>me</strong></span> <span class='ocrx_word' id='word_1_78' title='bbox 616 749 758 790; x_wconf 84' lang='lat' dir='ltr'><strong>referre</strong></span> <span class='ocrx_word' id='word_1_79' title='bbox 792 748 835 788; x_wconf 88' lang='lat' dir='ltr'><strong>in</strong></span> <span class='ocrx_word' id='word_1_80' title='bbox 869 744 1200 787; x_wconf 87' lang='lat' dir='ltr'><strong>commentarium</strong></span> <span class='ocrx_word' id='word_1_81' title='bbox 1233 758 1321 784; x_wconf 88' lang='lat' dir='ltr'><strong>mea</strong></span> <span class='ocrx_word' id='word_1_82' title='bbox 1354 757 1478 783; x_wconf 88' lang='lat' dir='ltr'><strong>manu</strong></span> <span class='ocrx_word' id='word_1_83' title='bbox 1512 742 1653 793; x_wconf 87' lang='lat' dir='ltr'><strong>voluit,</strong></span> <span class='ocrx_word' id='word_1_84' title='bbox 1689 742 1874 796; x_wconf 85' lang='lat' dir='ltr'><strong>quodque</strong></span> <span class='ocrx_word' id='word_1_85' title='bbox 1911 741 2017 782; x_wconf 90' lang='lat' dir='ltr'><strong>idem</strong></span> 
     </span>
     <span class='ocr_line' id='line_1_9' title="bbox 264 812 2017 872; baseline -0.008 -5"><span class='ocrx_word' id='word_1_86' title='bbox 264 828 305 867; x_wconf 91' lang='lat' dir='ltr'><strong>in</strong></span> <span class='ocrx_word' id='word_1_87' title='bbox 340 825 436 866; x_wconf 75' lang='lat' dir='ltr'><strong>Asia</strong></span> <span class='ocrx_word' id='word_1_88' title='bbox 468 822 568 864; x_wconf 87' lang='lat' dir='ltr'><strong>mihi</strong></span> <span class='ocrx_word' id='word_1_89' title='bbox 601 836 672 862; x_wconf 88' lang='lat' dir='ltr'><strong>sua</strong></span> <span class='ocrx_word' id='word_1_90' title='bbox 703 834 827 860; x_wconf 86' lang='lat' dir='ltr'><strong>manu</strong></span> <span class='ocrx_word' id='word_1_91' title='bbox 860 817 1052 872; x_wconf 88' lang='lat' dir='ltr'><strong>scriptum</strong></span> <span class='ocrx_word' id='word_1_92' title='bbox 1087 815 1212 857; x_wconf 86' lang='lat' dir='ltr'><strong>dedit.</strong></span> <span class='ocrx_word' id='word_1_93' title='bbox 1263 814 1313 856; x_wconf 83' lang='lat' dir='ltr'><strong>Id</strong></span> <span class='ocrx_word' id='word_1_94' title='bbox 1347 814 1380 855; x_wconf 89' lang='lat' dir='ltr'><strong>si</strong></span> <span class='ocrx_word' id='word_1_95' title='bbox 1413 818 1646 869; x_wconf 80' lang='lat' dir='ltr'><strong>praestaret,</strong></span> <span class='ocrx_word' id='word_1_96' title='bbox 1682 818 1878 869; x_wconf 85' lang='lat' dir='ltr'><strong>quantum</strong></span> <span class='ocrx_word' id='word_1_97' title='bbox 1920 812 2017 854; x_wconf 89' lang='lat' dir='ltr'><strong>mihi</strong></span> 
     </span>
     <span class='ocr_line' id='line_1_10' title="bbox 265 885 2019 943; baseline -0.007 -4"><span class='ocrx_word' id='word_1_98' title='bbox 265 898 365 940; x_wconf 86' lang='lat' dir='ltr'><strong>aeris</strong></span> <span class='ocrx_word' id='word_1_99' title='bbox 399 896 518 938; x_wconf 85' lang='lat' dir='ltr'><strong>alieni</strong></span> <span class='ocrx_word' id='word_1_100' title='bbox 552 909 635 935; x_wconf 88' lang='lat' dir='ltr'><strong>esse</strong></span> <span class='ocrx_word' id='word_1_101' title='bbox 669 892 745 933; x_wconf 91' lang='lat' dir='ltr'><strong>tibi</strong></span> <span class='ocrx_word' id='word_1_102' title='bbox 778 890 919 941; x_wconf 87' lang='lat' dir='ltr'><strong>edidit,</strong></span> <span class='ocrx_word' id='word_1_103' title='bbox 953 894 1112 930; x_wconf 86' lang='lat' dir='ltr'><strong>tantum</strong></span> <span class='ocrx_word' id='word_1_104' title='bbox 1146 893 1186 929; x_wconf 88' lang='lat' dir='ltr'><strong>et</strong></span> <span class='ocrx_word' id='word_1_105' title='bbox 1218 888 1308 943; x_wconf 90' lang='lat' dir='ltr'><strong>plus</strong></span> <span class='ocrx_word' id='word_1_106' title='bbox 1343 888 1463 928; x_wconf 90' lang='lat' dir='ltr'><strong>etiam</strong></span> <span class='ocrx_word' id='word_1_107' title='bbox 1496 887 1581 942; x_wconf 90' lang='lat' dir='ltr'><strong>ipse</strong></span> <span class='ocrx_word' id='word_1_108' title='bbox 1609 886 1709 927; x_wconf 88' lang='lat' dir='ltr'><strong>mihi</strong></span> <span class='ocrx_word' id='word_1_109' title='bbox 1732 886 1908 928; x_wconf 85' lang='lat' dir='ltr'><strong>deberet.</strong></span> <span class='ocrx_word' id='word_1_110' title='bbox 1943 885 2019 927; x_wconf 87' lang='lat' dir='ltr'><strong>Sed</strong></span> 
     </span>
    </p>

    <p class='ocr_par' dir='ltr' id='par_1_3' title="bbox 216 958 2024 1313">
     <span class='ocr_line' id='line_1_11' title="bbox 216 958 2020 1022; baseline -0.008 -10"><span class='ocrx_word' id='word_1_111' title='bbox 216 992 248 1018; x_wconf 76' lang='lat'><strong>10</strong></span> <span class='ocrx_word' id='word_1_112' title='bbox 265 973 307 1012; x_wconf 90' lang='grc'><strong>111</strong></span> <span class='ocrx_word' id='word_1_113' title='bbox 341 970 415 1010; x_wconf 85' lang='grc'><strong>1100</strong></span> <span class='ocrx_word' id='word_1_114' title='bbox 448 981 605 1022; x_wconf 82' lang='lat' dir='ltr'><strong>genere,</strong></span> <span class='ocrx_word' id='word_1_115' title='bbox 640 965 673 1005; x_wconf 89' lang='lat' dir='ltr'><strong>si</strong></span> <span class='ocrx_word' id='word_1_116' title='bbox 707 963 824 1004; x_wconf 92' lang='lat' dir='ltr'><strong>modo</strong></span> <span class='ocrx_word' id='word_1_117' title='bbox 858 977 926 1017; x_wconf 91' lang='lat' dir='ltr'><strong>per</strong></span> <span class='ocrx_word' id='word_1_118' title='bbox 959 976 1041 1002; x_wconf 89' lang='lat' dir='ltr'><strong>rem</strong></span> <span class='ocrx_word' id='word_1_119' title='bbox 1075 960 1279 1016; x_wconf 81' lang='lat' dir='ltr'><strong>publicam</strong></span> <span class='ocrx_word' id='word_1_120' title='bbox 1312 959 1463 1009; x_wconf 82' lang='lat' dir='ltr'><strong>licebit,</strong></span> <span class='ocrx_word' id='word_1_121' title='bbox 1498 974 1579 999; x_wconf 88' lang='grc'><strong>11011</strong></span> <span class='ocrx_word' id='word_1_122' title='bbox 1613 958 1891 999; x_wconf 84' lang='lat' dir='ltr'><strong>accusabimur</strong></span> <span class='ocrx_word' id='word_1_123' title='bbox 1914 963 2020 1013; x_wconf 89' lang='lat' dir='ltr'><strong>post-</strong></span> 
     </span>
     <span class='ocr_line' id='line_1_12' title="bbox 266 1031 2022 1095; baseline -0.007 -11"><span class='ocrx_word' id='word_1_124' title='bbox 266 1045 354 1094; x_wconf 86' lang='lat' dir='ltr'><strong>hac,</strong></span> <span class='ocrx_word' id='word_1_125' title='bbox 388 1055 516 1095; x_wconf 87' lang='lat' dir='ltr'><strong>neque</strong></span> <span class='ocrx_word' id='word_1_126' title='bbox 549 1038 710 1079; x_wconf 86' lang='lat' dir='ltr'><strong>hercule</strong></span> <span class='ocrx_word' id='word_1_127' title='bbox 744 1041 860 1078; x_wconf 84' lang='lat' dir='ltr'><strong>antea</strong></span> <span class='ocrx_word' id='word_1_128' title='bbox 893 1034 1142 1089; x_wconf 80' lang='lat' dir='ltr'><strong>negligentes</strong></span> <span class='ocrx_word' id='word_1_129' title='bbox 1176 1033 1339 1084; x_wconf 80' lang='lat' dir='ltr'><strong>fuimus,</strong></span> <span class='ocrx_word' id='word_1_130' title='bbox 1386 1032 1454 1073; x_wconf 89' lang='lat' dir='ltr'><strong>sed</strong></span> <span class='ocrx_word' id='word_1_131' title='bbox 1499 1032 1716 1073; x_wconf 87' lang='lat' dir='ltr'><strong>amicorum</strong></span> <span class='ocrx_word' id='word_1_132' title='bbox 1760 1031 2022 1072; x_wconf 81' lang='lat' dir='ltr'><strong>multitudine</strong></span> 
     </span>
     <span class='ocr_line' id='line_1_13' title="bbox 267 1104 2024 1169; baseline -0.006 -13"><span class='ocrx_word' id='word_1_133' title='bbox 267 1113 464 1169; x_wconf 86' lang='lat' dir='ltr'><strong>occupati.</strong></span> <span class='ocrx_word' id='word_1_134' title='bbox 503 1113 609 1166; x_wconf 83' lang='lat' dir='ltr'><strong>Ergo</strong></span> <span class='ocrx_word' id='word_1_135' title='bbox 642 1116 816 1160; x_wconf 89' lang='lat' dir='ltr'><strong>utemur,</strong></span> <span class='ocrx_word' id='word_1_136' title='bbox 850 1113 897 1149; x_wconf 88' lang='lat' dir='ltr'><strong>ut</strong></span> <span class='ocrx_word' id='word_1_137' title='bbox 929 1107 1142 1163; x_wconf 87' lang='lat' dir='ltr'><strong>polliceris,</strong></span> <span class='ocrx_word' id='word_1_138' title='bbox 1178 1111 1218 1147; x_wconf 87' lang='lat' dir='ltr'><strong>et</strong></span> <span class='ocrx_word' id='word_1_139' title='bbox 1251 1121 1368 1161; x_wconf 88' lang='lat' dir='ltr'><strong>opera</strong></span> <span class='ocrx_word' id='word_1_140' title='bbox 1410 1110 1450 1146; x_wconf 91' lang='lat' dir='ltr'><strong>et</strong></span> <span class='ocrx_word' id='word_1_141' title='bbox 1490 1105 1655 1146; x_wconf 87' lang='lat' dir='ltr'><strong>consilio</strong></span> <span class='ocrx_word' id='word_1_142' title='bbox 1699 1109 1785 1154; x_wconf 88' lang='lat' dir='ltr'><strong>tuo,</strong></span> <span class='ocrx_word' id='word_1_143' title='bbox 1831 1119 1905 1145; x_wconf 89' lang='lat' dir='ltr'><strong>nec</strong></span> <span class='ocrx_word' id='word_1_144' title='bbox 1948 1104 2024 1145; x_wconf 88' lang='lat' dir='ltr'><strong>tibi</strong></span> 
     </span>
     <span class='ocr_line' id='line_1_14' title="bbox 267 1178 2024 1240; baseline -0.006 -11"><span class='ocrx_word' id='word_1_145' title='bbox 267 1189 427 1238; x_wconf 90' lang='lat' dir='ltr'><strong>erimus,</strong></span> <span class='ocrx_word' id='word_1_146' title='bbox 461 1192 508 1227; x_wconf 87' lang='lat' dir='ltr'><strong>ut</strong></span> <span class='ocrx_word' id='word_1_147' title='bbox 541 1200 668 1240; x_wconf 90' lang='lat' dir='ltr'><strong>spero,</strong></span> <span class='ocrx_word' id='word_1_148' title='bbox 701 1184 744 1224; x_wconf 91' lang='grc'><strong>111</strong></span> <span class='ocrx_word' id='word_1_149' title='bbox 778 1198 823 1223; x_wconf 91' lang='grc'><strong>00</strong></span> <span class='ocrx_word' id='word_1_150' title='bbox 856 1181 1027 1222; x_wconf 90' lang='lat' dir='ltr'><strong>molesti.</strong></span> <span class='ocrx_word' id='word_1_151' title='bbox 1071 1183 1111 1220; x_wconf 82' lang='grc'><strong>8.</strong></span> <span class='ocrx_word' id='word_1_152' title='bbox 1147 1180 1206 1221; x_wconf 92' lang='lat' dir='ltr'><strong>De</strong></span> <span class='ocrx_word' id='word_1_153' title='bbox 1252 1179 1502 1235; x_wconf 83' lang='lat' dir='ltr'><strong>serperastris</strong></span> <span class='ocrx_word' id='word_1_154' title='bbox 1546 1178 1720 1219; x_wconf 87' lang='lat' dir='ltr'><strong>cohortis</strong></span> <span class='ocrx_word' id='word_1_155' title='bbox 1766 1193 1876 1219; x_wconf 88' lang='lat' dir='ltr'><strong>meae</strong></span> <span class='ocrx_word' id='word_1_156' title='bbox 1922 1178 2024 1219; x_wconf 88' lang='lat' dir='ltr'><strong>nihil</strong></span> 
     </span>
     <span class='ocr_line' id='line_1_15' title="bbox 268 1251 2023 1313; baseline -0.006 -12"><span class='ocrx_word' id='word_1_157' title='bbox 268 1266 328 1301; x_wconf 91' lang='lat' dir='ltr'><strong>est</strong></span> <span class='ocrx_word' id='word_1_158' title='bbox 361 1258 467 1313; x_wconf 84' lang='lat' dir='ltr'><strong>quod</strong></span> <span class='ocrx_word' id='word_1_159' title='bbox 501 1257 648 1298; x_wconf 80' lang='lat' dir='ltr'><strong>doleas.</strong></span> <span class='ocrx_word' id='word_1_160' title='bbox 683 1256 767 1311; x_wconf 88' lang='lat' dir='ltr'><strong>Ipsi</strong></span> <span class='ocrx_word' id='word_1_161' title='bbox 802 1254 910 1295; x_wconf 89' lang='lat' dir='ltr'><strong>enim</strong></span> <span class='ocrx_word' id='word_1_162' title='bbox 943 1268 983 1293; x_wconf 92' lang='lat' dir='ltr'><strong>se</strong></span> <span class='ocrx_word' id='word_1_163' title='bbox 1017 1252 1263 1307; x_wconf 82' lang='lat' dir='ltr'><strong>collegerunt</strong></span> <span class='ocrx_word' id='word_1_164' title='bbox 1307 1251 1569 1293; x_wconf 83' lang='lat' dir='ltr'><strong>admiratione</strong></span> <span class='ocrx_word' id='word_1_165' title='bbox 1612 1251 1855 1305; x_wconf 82' lang='lat' dir='ltr'><strong>integritatis</strong></span> <span class='ocrx_word' id='word_1_166' title='bbox 1900 1265 2023 1291; x_wconf 87' lang='lat' dir='ltr'><strong>meae.</strong></span> 
     </span>
    </p>
   </div>
   <div class='ocr_carea' id='block_1_2' title="bbox 270 1322 2025 1381">
    <p class='ocr_par' dir='ltr' id='par_1_4' title="bbox 270 1322 2025 1381">
     <span class='ocr_line' id='line_1_16' title="bbox 270 1322 2025 1381; baseline -0.006 -7"><span class='ocrx_word' id='word_1_167' title='bbox 270 1332 346 1375; x_wconf 87' lang='lat' dir='ltr'><strong>Sed</strong></span> <span class='ocrx_word' id='word_1_168' title='bbox 379 1347 441 1372; x_wconf 88' lang='lat' dir='ltr'><strong>me</strong></span> <span class='ocrx_word' id='word_1_169' title='bbox 474 1334 649 1371; x_wconf 81' lang='lat' dir='ltr'><strong>moverat</strong></span> <span class='ocrx_word' id='word_1_170' title='bbox 681 1342 797 1368; x_wconf 91' lang='lat' dir='ltr'><strong>nemo</strong></span> <span class='ocrx_word' id='word_1_171' title='bbox 830 1326 957 1381; x_wconf 82' lang='lat' dir='ltr'><strong>magis</strong></span> <span class='ocrx_word' id='word_1_172' title='bbox 991 1340 1110 1380; x_wconf 88' lang='lat' dir='ltr'><strong>quam</strong></span> <span class='ocrx_word' id='word_1_173' title='bbox 1143 1325 1191 1375; x_wconf 89' lang='lat' dir='ltr'><strong>is,</strong></span> <span class='ocrx_word' id='word_1_174' title='bbox 1227 1339 1345 1378; x_wconf 89' lang='lat' dir='ltr'><strong>quem</strong></span> <span class='ocrx_word' id='word_1_175' title='bbox 1386 1328 1432 1364; x_wconf 88' lang='lat' dir='ltr'><strong>tu</strong></span> <span class='ocrx_word' id='word_1_176' title='bbox 1479 1323 1681 1364; x_wconf 90' lang='lat' dir='ltr'><strong>neminem</strong></span> <span class='ocrx_word' id='word_1_177' title='bbox 1723 1327 1856 1379; x_wconf 88' lang='lat' dir='ltr'><strong>putas.</strong></span> <span class='ocrx_word' id='word_1_178' title='bbox 1912 1322 2025 1363; x_wconf 85' lang='lat' dir='ltr'><strong>Idem</strong></span> 
     </span>
    </p>
   </div>
   <div class='ocr_carea' id='block_1_3' title="bbox 521 1446 711 1452">
    <p class='ocr_par' dir='ltr' id='par_1_5' title="bbox 521 1446 711 1452">
     <span class='ocr_line' id='line_1_17' title="bbox 521 1446 711 1452; baseline 0 0"><span class='ocrx_word' id='word_1_179' title='bbox 521 1446 711 1452; x_wconf 95' lang='lat' dir='ltr'><strong> </strong></span> 
     </span>
    </p>
   </div>
   <div class='ocr_carea' id='block_1_4' title="bbox 315 1511 770 1548">
    <p class='ocr_par' dir='ltr' id='par_1_6' title="bbox 315 1511 770 1548">
     <span class='ocr_line' id='line_1_18' title="bbox 315 1511 770 1548; baseline -0.018 -4"><span class='ocrx_word' id='word_1_180' title='bbox 315 1515 330 1544; x_wconf 84' lang='lat'>5</span> <span class='ocrx_word' id='word_1_181' title='bbox 354 1513 392 1543; x_wconf 80' lang='lat' dir='ltr'><strong>ab</strong></span> <span class='ocrx_word' id='word_1_182' title='bbox 414 1512 471 1542; x_wconf 71' lang='lat' dir='ltr'><strong>illo</strong></span> <span class='ocrx_word' id='word_1_183' title='bbox 495 1511 551 1541; x_wconf 73' lang='lat' dir='ltr'><strong>hoc</strong></span> <span class='ocrx_word' id='word_1_184' title='bbox 574 1511 707 1548; x_wconf 74' lang='lat' dir='ltr'><strong>tempore</strong></span> <span class='ocrx_word' id='word_1_185' title='bbox 732 1525 770 1529; x_wconf 89' lang='lat'>—</span> 
     </span>
    </p>
   </div>
   <div class='ocr_carea' id='block_1_5' title="bbox 271 1670 1128 1712">
    <p class='ocr_par' dir='ltr' id='par_1_7' title="bbox 271 1670 1128 1712">
     <span class='ocr_line' id='line_1_19' title="bbox 271 1670 1128 1712; baseline -0.014 -1"><span class='ocrx_word' id='word_1_186' title='bbox 271 1681 385 1712; x_wconf 83' lang='lat' dir='ltr'><strong>Recte:</strong></span> <span class='ocrx_word' id='word_1_187' title='bbox 410 1687 487 1708; x_wconf 87' lang='lat' dir='ltr'><strong>nam</strong></span> <span class='ocrx_word' id='word_1_188' title='bbox 509 1685 575 1706; x_wconf 92' lang='lat' dir='ltr'><strong>non</strong></span> <span class='ocrx_word' id='word_1_189' title='bbox 609 1683 681 1704; x_wconf 82' lang='lat' dir='ltr'><strong>raro</strong></span> <span class='ocrx_word' id='word_1_190' title='bbox 711 1672 828 1703; x_wconf 86' lang='lat' dir='ltr'><strong>mediis</strong></span> <span class='ocrx_word' id='word_1_191' title='bbox 858 1670 1028 1701; x_wconf 79' lang='lat' dir='ltr'><strong>sententiis</strong></span> <span class='ocrx_word' id='word_1_192' title='bbox 1058 1679 1128 1699; x_wconf 88' lang='lat' dir='ltr'><strong>sen-</strong></span> 
     </span>
    </p>
   </div>
   <div class='ocr_carea' id='block_1_6' title="bbox 1179 1665 2032 1706">
    <p class='ocr_par' dir='ltr' id='par_1_8' title="bbox 1179 1665 2032 1706">
     <span class='ocr_line' id='line_1_20' title="bbox 1179 1665 2032 1706; baseline -0.001 -9"><span class='ocrx_word' id='word_1_193' title='bbox 1179 1675 1285 1706; x_wconf 86' lang='lat' dir='ltr'><strong>neque</strong></span> <span class='ocrx_word' id='word_1_194' title='bbox 1307 1666 1348 1695; x_wconf 85' lang='lat' dir='ltr'><strong>ad</strong></span> <span class='ocrx_word' id='word_1_195' title='bbox 1370 1665 1567 1696; x_wconf 79' lang='lat' dir='ltr'><strong>sententiam</strong></span> <span class='ocrx_word' id='word_1_196' title='bbox 1589 1665 1809 1705; x_wconf 88' lang='lat' dir='ltr'><strong>requiruntur.</strong></span> <span class='ocrx_word' id='word_1_197' title='bbox 1832 1665 1956 1696; x_wconf 82' lang='lat' dir='ltr'><strong>Eadem</strong></span> <span class='ocrx_word' id='word_1_198' title='bbox 1979 1675 2032 1696; x_wconf 91' lang='lat' dir='ltr'><strong>vo-</strong></span> 
     </span>
    </p>
   </div>
   <div class='ocr_carea' id='block_1_7' title="bbox 272 1714 1961 1767">
    <p class='ocr_par' dir='ltr' id='par_1_9' title="bbox 272 1714 1961 1767">
     <span class='ocr_line' id='line_1_21' title="bbox 272 1714 1961 1767; baseline -0.011 -3"><span class='ocrx_word' id='word_1_199' title='bbox 272 1733 374 1764; x_wconf 87' lang='lat' dir='ltr'><strong>tentia</strong></span> <span class='ocrx_word' id='word_1_200' title='bbox 401 1729 539 1761; x_wconf 79' lang='lat' dir='ltr'><strong>causalis</strong></span> <span class='ocrx_word' id='word_1_201' title='bbox 570 1727 799 1767; x_wconf 82' lang='lat' dir='ltr'><strong>interponitur,</strong></span> <span class='ocrx_word' id='word_1_202' title='bbox 833 1725 921 1765; x_wconf 88' lang='lat' dir='ltr'><strong>quod</strong></span> <span class='ocrx_word' id='word_1_203' title='bbox 950 1733 1017 1754; x_wconf 88' lang='lat' dir='ltr'><strong>non</strong></span> <span class='ocrx_word' id='word_1_204' title='bbox 1051 1722 1128 1753; x_wconf 83' lang='lat' dir='ltr'><strong>satis</strong></span> <span class='ocrx_word' id='word_1_205' title='bbox 1151 1714 1153 1748; x_wconf 71' lang='lat' dir='ltr'><strong>l</strong></span> <span class='ocrx_word' id='word_1_206' title='bbox 1179 1716 1296 1747; x_wconf 71' lang='lat' dir='ltr'><strong>cabula</strong></span> <span class='ocrx_word' id='word_1_207' title='bbox 1318 1715 1544 1756; x_wconf 70' lang='lat' dir='ltr'><strong>interpolatori</strong></span> <span class='ocrx_word' id='word_1_208' title='bbox 1565 1715 1674 1745; x_wconf 76' lang='lat' dir='ltr'><strong>tribuo</strong></span> <span class='ocrx_word' id='word_1_209' title='bbox 1695 1715 1730 1745; x_wconf 84' lang='lat' dir='ltr'><strong>in</strong></span> <span class='ocrx_word' id='word_1_210' title='bbox 1753 1714 1816 1745; x_wconf 88' lang='lat' dir='ltr'><strong>IX.</strong></span> <span class='ocrx_word' id='word_1_211' title='bbox 1839 1716 1858 1745; x_wconf 81' lang='lat'><strong>2</strong></span> <span class='ocrx_word' id='word_1_212' title='bbox 1880 1726 1909 1752; x_wconf 82' lang='lat' dir='ltr'><strong>a,</strong></span> <span class='ocrx_word' id='word_1_213' title='bbox 1933 1716 1961 1746; x_wconf 81' lang='lat'><strong>2.</strong></span> 
     </span>
    </p>
   </div>
   <div class='ocr_carea' id='block_1_8' title="bbox 271 1775 1130 1880">
    <p class='ocr_par' dir='ltr' id='par_1_10' title="bbox 271 1775 1130 1880">
     <span class='ocr_line' id='line_1_22' title="bbox 271 1775 1130 1817; baseline -0.015 1"><span class='ocrx_word' id='word_1_214' title='bbox 271 1786 476 1817; x_wconf 86' lang='lat' dir='ltr'><strong>intellectum</strong></span> <span class='ocrx_word' id='word_1_215' title='bbox 512 1781 662 1812; x_wconf 83' lang='lat' dir='ltr'><strong>librarios</strong></span> <span class='ocrx_word' id='word_1_216' title='bbox 707 1784 739 1810; x_wconf 84' lang='lat' dir='ltr'><strong>et</strong></span> <span class='ocrx_word' id='word_1_217' title='bbox 781 1777 920 1809; x_wconf 81' lang='lat' dir='ltr'><strong>editores</strong></span> <span class='ocrx_word' id='word_1_218' title='bbox 958 1775 1130 1816; x_wconf 84' lang='lat' dir='ltr'><strong>impedivit</strong></span> 
     </span>
     <span class='ocr_line' id='line_1_23' title="bbox 272 1833 756 1880; baseline -0.019 -9"><span class='ocrx_word' id='word_1_219' title='bbox 272 1845 369 1880; x_wconf 87' lang='lat' dir='ltr'><strong>atque</strong></span> <span class='ocrx_word' id='word_1_220' title='bbox 391 1838 425 1868; x_wconf 89' lang='lat' dir='ltr'><strong>in</strong></span> <span class='ocrx_word' id='word_1_221' title='bbox 449 1844 591 1868; x_wconf 84' lang='lat' dir='ltr'><strong>errorem</strong></span> <span class='ocrx_word' id='word_1_222' title='bbox 615 1833 756 1864; x_wconf 80' lang='lat' dir='ltr'><strong>induxit.</strong></span> 
     </span>
    </p>
   </div>
   <div class='ocr_carea' id='block_1_9' title="bbox 1220 1766 2034 1808">
    <p class='ocr_par' dir='ltr' id='par_1_11' title="bbox 1220 1766 2034 1808">
     <span class='ocr_line' id='line_1_24' title="bbox 1220 1766 2034 1808; baseline 0.001 -11"><span class='ocrx_word' id='word_1_223' title='bbox 1220 1768 1395 1798; x_wconf 77' lang='lat' dir='ltr'><strong>Amicorum</strong></span> <span class='ocrx_word' id='word_1_224' title='bbox 1418 1766 1617 1798; x_wconf 63' lang='lat' dir='ltr'><strong>multitudine</strong></span> <span class='ocrx_word' id='word_1_225' title='bbox 1639 1767 1781 1808; x_wconf 73' lang='lat' dir='ltr'><strong>occupati</strong></span> <span class='ocrx_word' id='word_1_226' title='bbox 1812 1777 1845 1798; x_wconf 78' lang='lat' dir='ltr'><strong>o:</strong></span> <span class='ocrx_word' id='word_1_227' title='bbox 1875 1768 1954 1798; x_wconf 90' lang='lat' dir='ltr'><strong>dum</strong></span> <span class='ocrx_word' id='word_1_228' title='bbox 1983 1778 2034 1798; x_wconf 85' lang='lat' dir='ltr'><strong>va-</strong></span> 
     </span>
    </p>
   </div>
   <div class='ocr_carea' id='block_1_10' title="bbox 1152 1822 2035 1863">
    <p class='ocr_par' dir='ltr' id='par_1_12' title="bbox 1152 1822 2035 1863">
     <span class='ocr_line' id='line_1_25' title="bbox 1152 1822 2035 1863; baseline -0.002 -9"><span class='ocrx_word' id='word_1_229' title='bbox 1152 1838 1154 1849; x_wconf 69' lang='lat' dir='ltr'>x</span> <span class='ocrx_word' id='word_1_230' title='bbox 1181 1824 1236 1854; x_wconf 88' lang='lat' dir='ltr'><strong>riis</strong></span> <span class='ocrx_word' id='word_1_231' title='bbox 1265 1823 1446 1854; x_wconf 83' lang='lat' dir='ltr'><strong>amicorum</strong></span> <span class='ocrx_word' id='word_1_232' title='bbox 1475 1823 1617 1863; x_wconf 85' lang='lat' dir='ltr'><strong>negotiis</strong></span> <span class='ocrx_word' id='word_1_233' title='bbox 1651 1822 1766 1860; x_wconf 85' lang='lat' dir='ltr'><strong>servio,</strong></span> <span class='ocrx_word' id='word_1_234' title='bbox 1804 1822 1838 1853; x_wconf 91' lang='lat' dir='ltr'><strong>in</strong></span> <span class='ocrx_word' id='word_1_235' title='bbox 1873 1823 1954 1853; x_wconf 86' lang='lat' dir='ltr'><strong>meis</strong></span> <span class='ocrx_word' id='word_1_236' title='bbox 1988 1822 2035 1853; x_wconf 84' lang='lat' dir='ltr'><strong>fui</strong></span> 
     </span>
    </p>
   </div>
   <div class='ocr_carea' id='block_1_11' title="bbox 318 1857 1339 1926">
    <p class='ocr_par' dir='ltr' id='par_1_13' title="bbox 318 1857 1339 1926">
     <span class='ocr_line' id='line_1_26' title="bbox 318 1857 1339 1926; baseline -0.015 -5"><span class='ocrx_word' id='word_1_237' title='bbox 318 1892 366 1921; x_wconf 82' lang='lat' dir='ltr'><strong>De</strong></span> <span class='ocrx_word' id='word_1_238' title='bbox 390 1889 506 1920; x_wconf 78' lang='lat' dir='ltr'><strong>Caelio.</strong></span> <span class='ocrx_word' id='word_1_239' title='bbox 536 1887 610 1923; x_wconf 88' lang='lat' dir='ltr'><strong>Hic,</strong></span> <span class='ocrx_word' id='word_1_240' title='bbox 633 1886 689 1926; x_wconf 89' lang='lat' dir='ltr'><strong>qui</strong></span> <span class='ocrx_word' id='word_1_241' title='bbox 712 1885 817 1915; x_wconf 82' lang='lat' dir='ltr'><strong>adhuc</strong></span> <span class='ocrx_word' id='word_1_242' title='bbox 840 1894 916 1914; x_wconf 86' lang='lat' dir='ltr'><strong>cum</strong></span> <span class='ocrx_word' id='word_1_243' title='bbox 944 1882 1039 1913; x_wconf 89' lang='lat' dir='ltr'><strong>bonis</strong></span> <span class='ocrx_word' id='word_1_244' title='bbox 1071 1886 1130 1911; x_wconf 83' lang='lat' dir='ltr'><strong>ste·</strong></span> <span class='ocrx_word' id='word_1_245' title='bbox 1152 1857 1154 1912; x_wconf 78' lang='grc'><strong>1</strong></span> <span class='ocrx_word' id='word_1_246' title='bbox 1181 1877 1339 1908; x_wconf 84' lang='lat' dir='ltr'><strong>omissior.</strong></span> 
     </span>
    </p>
   </div>
   <div class='ocr_carea' id='block_1_12' title="bbox 277 1935 1141 3187">
    <p class='ocr_par' dir='ltr' id='par_1_14' title="bbox 277 1935 1133 2190">
     <span class='ocr_line' id='line_1_27' title="bbox 277 1935 1131 1981; baseline -0.014 -5"><span class='ocrx_word' id='word_1_247' title='bbox 277 1949 368 1980; x_wconf 84' lang='lat' dir='ltr'><strong>terat,</strong></span> <span class='ocrx_word' id='word_1_248' title='bbox 402 1952 487 1973; x_wconf 85' lang='lat' dir='ltr'><strong>nunc</strong></span> <span class='ocrx_word' id='word_1_249' title='bbox 516 1939 634 1981; x_wconf 84' lang='lat' dir='ltr'><strong>partim</strong></span> <span class='ocrx_word' id='word_1_250' title='bbox 663 1937 815 1969; x_wconf 84' lang='lat' dir='ltr'><strong>Curionis</strong></span> <span class='ocrx_word' id='word_1_251' title='bbox 844 1935 1037 1967; x_wconf 80' lang='lat' dir='ltr'><strong>auctoritate</strong></span> <span class='ocrx_word' id='word_1_252' title='bbox 1065 1944 1131 1964; x_wconf 88' lang='lat' dir='ltr'><strong>mo-</strong></span> 
     </span>
     <span class='ocr_line' id='line_1_28' title="bbox 280 1985 1131 2035; baseline -0.013 -8"><span class='ocrx_word' id='word_1_253' title='bbox 280 2002 339 2033; x_wconf 78' lang='lat' dir='ltr'><strong>tus,</strong></span> <span class='ocrx_word' id='word_1_254' title='bbox 362 1994 479 2035; x_wconf 84' lang='lat' dir='ltr'><strong>partim</strong></span> <span class='ocrx_word' id='word_1_255' title='bbox 501 1996 536 2022; x_wconf 93' lang='lat' dir='ltr'><strong>ut</strong></span> <span class='ocrx_word' id='word_1_256' title='bbox 559 2001 592 2022; x_wconf 91' lang='lat' dir='ltr'><strong>se</strong></span> <span class='ocrx_word' id='word_1_257' title='bbox 615 2000 687 2021; x_wconf 84' lang='lat' dir='ltr'><strong>aere</strong></span> <span class='ocrx_word' id='word_1_258' title='bbox 710 1990 819 2020; x_wconf 89' lang='lat' dir='ltr'><strong>alieno</strong></span> <span class='ocrx_word' id='word_1_259' title='bbox 842 1988 1019 2028; x_wconf 82' lang='lat' dir='ltr'><strong>expediret,</strong></span> <span class='ocrx_word' id='word_1_260' title='bbox 1054 1985 1131 2017; x_wconf 87' lang='lat' dir='ltr'><strong>Cae-</strong></span> 
     </span>
     <span class='ocr_line' id='line_1_29' title="bbox 279 2040 1132 2082; baseline -0.013 -3"><span class='ocrx_word' id='word_1_261' title='bbox 279 2049 342 2079; x_wconf 82' lang='lat' dir='ltr'><strong>sari</strong></span> <span class='ocrx_word' id='word_1_262' title='bbox 364 2057 398 2078; x_wconf 84' lang='lat' dir='ltr'><strong>se</strong></span> <span class='ocrx_word' id='word_1_263' title='bbox 421 2045 557 2076; x_wconf 81' lang='lat' dir='ltr'><strong>addixit.</strong></span> <span class='ocrx_word' id='word_1_264' title='bbox 580 2044 654 2074; x_wconf 90' lang='lat' dir='ltr'><strong>Hoc</strong></span> <span class='ocrx_word' id='word_1_265' title='bbox 670 2047 726 2079; x_wconf 83' lang='lat' dir='ltr'><strong>est,</strong></span> <span class='ocrx_word' id='word_1_266' title='bbox 746 2043 833 2082; x_wconf 89' lang='lat' dir='ltr'><strong>quod</strong></span> <span class='ocrx_word' id='word_1_267' title='bbox 849 2040 963 2072; x_wconf 88' lang='lat' dir='ltr'><strong>Cicero</strong></span> <span class='ocrx_word' id='word_1_268' title='bbox 978 2040 1012 2070; x_wconf 92' lang='lat' dir='ltr'><strong>in</strong></span> <span class='ocrx_word' id='word_1_269' title='bbox 1028 2040 1132 2070; x_wconf 84' lang='lat' dir='ltr'><strong>Bruto</strong></span> 
     </span>
     <span class='ocr_line' id='line_1_30' title="bbox 280 2091 1133 2141; baseline -0.013 -10"><span class='ocrx_word' id='word_1_270' title='bbox 280 2103 298 2141; x_wconf 67' lang='grc' dir='ltr'><strong>ξ</strong></span> <span class='ocrx_word' id='word_1_271' title='bbox 321 2100 380 2133; x_wconf 78' lang='lat'><strong>273</strong></span> <span class='ocrx_word' id='word_1_272' title='bbox 403 2098 531 2130; x_wconf 77' lang='lat' dir='ltr'><strong>scribit:</strong></span> <span class='ocrx_word' id='word_1_273' title='bbox 558 2096 681 2126; x_wconf 75' lang='lat' dir='ltr'><strong>Caelius</strong></span> <span class='ocrx_word' id='word_1_274' title='bbox 703 2113 743 2117; x_wconf 92' lang='lat'><strong>——</strong></span> <span class='ocrx_word' id='word_1_275' title='bbox 765 2094 900 2124; x_wconf 73' lang='lat' dir='ltr'><strong>discessu</strong></span> <span class='ocrx_word' id='word_1_276' title='bbox 928 2103 992 2123; x_wconf 81' lang='lat' dir='ltr'><strong>meo</strong></span> <span class='ocrx_word' id='word_1_277' title='bbox 1021 2091 1133 2122; x_wconf 67' lang='lat' dir='ltr'><strong>disces-</strong></span> 
     </span>
     <span class='ocr_line' id='line_1_31' title="bbox 279 2149 654 2190; baseline -0.016 -6"><span class='ocrx_word' id='word_1_278' title='bbox 279 2155 319 2184; x_wconf 66' lang='lat' dir='ltr'><strong>sit</strong></span> <span class='ocrx_word' id='word_1_279' title='bbox 343 2164 362 2183; x_wconf 84' lang='lat' dir='ltr'><strong>a</strong></span> <span class='ocrx_word' id='word_1_280' title='bbox 384 2162 451 2182; x_wconf 77' lang='lat' dir='ltr'><strong>Sese</strong></span> <span class='ocrx_word' id='word_1_281' title='bbox 473 2149 654 2190; x_wconf 77' lang='lat' dir='ltr'><strong>ceciditque.</strong></span> 
     </span>
    </p>

    <p class='ocr_par' dir='ltr' id='par_1_15' title="bbox 281 2198 1141 3029">
     <span class='ocr_line' id='line_1_32' title="bbox 324 2198 1134 2247; baseline -0.01 -11"><span class='ocrx_word' id='word_1_282' title='bbox 324 2206 407 2247; x_wconf 73' lang='lat' dir='ltr'><strong>Quid</strong></span> <span class='ocrx_word' id='word_1_283' title='bbox 427 2207 482 2242; x_wconf 71' lang='lat' dir='ltr'><strong>est,</strong></span> <span class='ocrx_word' id='word_1_284' title='bbox 504 2204 585 2245; x_wconf 78' lang='lat' dir='ltr'><strong>quod</strong></span> <span class='ocrx_word' id='word_1_285' title='bbox 605 2203 634 2233; x_wconf 74' lang='lat' dir='ltr'><strong>ei</strong></span> <span class='ocrx_word' id='word_1_286' title='bbox 656 2202 714 2232; x_wconf 70' lang='lat' dir='ltr'><strong>vici</strong></span> <span class='ocrx_word' id='word_1_287' title='bbox 736 2200 861 2231; x_wconf 71' lang='lat' dir='ltr'><strong>Leecceii</strong></span> <span class='ocrx_word' id='word_1_288' title='bbox 893 2200 956 2232; x_wconf 65' lang='lat' dir='ltr'><strong>siut</strong></span> <span class='ocrx_word' id='word_1_289' title='bbox 985 2198 1134 2229; x_wconf 62' lang='lat' dir='ltr'><strong>addicti?</strong></span> 
     </span>
     <span class='ocr_line' id='line_1_33' title="bbox 281 2253 1134 2301; baseline -0.012 -9"><span class='ocrx_word' id='word_1_290' title='bbox 281 2273 313 2292; x_wconf 86' lang='grc'><strong>.);</strong></span> <span class='ocrx_word' id='word_1_291' title='bbox 338 2261 417 2301; x_wconf 86' lang='lat' dir='ltr'><strong>quid</strong></span> <span class='ocrx_word' id='word_1_292' title='bbox 440 2265 495 2296; x_wconf 74' lang='lat' dir='ltr'><strong>est,</strong></span> <span class='ocrx_word' id='word_1_293' title='bbox 519 2259 606 2299; x_wconf 89' lang='lat' dir='ltr'><strong>quod</strong></span> <span class='ocrx_word' id='word_1_294' title='bbox 629 2256 758 2288; x_wconf 80' lang='lat' dir='ltr'><strong>Caelius</strong></span> <span class='ocrx_word' id='word_1_295' title='bbox 781 2255 897 2286; x_wconf 85' lang='lat' dir='ltr'><strong>emerit</strong></span> <span class='ocrx_word' id='word_1_296' title='bbox 925 2254 1060 2285; x_wconf 88' lang='lat' dir='ltr'><strong>Lucceii</strong></span> <span class='ocrx_word' id='word_1_297' title='bbox 1089 2253 1134 2282; x_wconf 87' lang='lat' dir='ltr'><strong>vi-</strong></span> 
     </span>
     <span class='ocr_line' id='line_1_34' title="bbox 281 2307 1135 2351; baseline -0.011 -7"><span class='ocrx_word' id='word_1_298' title='bbox 281 2313 358 2345; x_wconf 76' lang='lat' dir='ltr'><strong>cos?</strong></span> <span class='ocrx_word' id='word_1_299' title='bbox 381 2312 496 2351; x_wconf 80' lang='lat' dir='ltr'><strong>Fingit</strong></span> <span class='ocrx_word' id='word_1_300' title='bbox 519 2310 634 2342; x_wconf 88' lang='lat' dir='ltr'><strong>Cicero</strong></span> <span class='ocrx_word' id='word_1_301' title='bbox 657 2319 690 2340; x_wconf 87' lang='lat' dir='ltr'><strong>se</strong></span> <span class='ocrx_word' id='word_1_302' title='bbox 713 2307 834 2344; x_wconf 87' lang='lat' dir='ltr'><strong>mirari,</strong></span> <span class='ocrx_word' id='word_1_303' title='bbox 848 2307 935 2347; x_wconf 89' lang='lat' dir='ltr'><strong>quod</strong></span> <span class='ocrx_word' id='word_1_304' title='bbox 948 2307 1047 2336; x_wconf 87' lang='lat' dir='ltr'><strong>homo</strong></span> <span class='ocrx_word' id='word_1_305' title='bbox 1062 2314 1135 2336; x_wconf 87' lang='lat' dir='ltr'><strong>aere</strong></span> 
     </span>
     <span class='ocr_line' id='line_1_35' title="bbox 282 2358 1136 2405; baseline -0.012 -7"><span class='ocrx_word' id='word_1_306' title='bbox 282 2368 389 2398; x_wconf 83' lang='lat' dir='ltr'><strong>alieno</strong></span> <span class='ocrx_word' id='word_1_307' title='bbox 412 2373 582 2405; x_wconf 86' lang='lat' dir='ltr'><strong>oppressus</strong></span> <span class='ocrx_word' id='word_1_308' title='bbox 611 2364 705 2394; x_wconf 83' lang='lat' dir='ltr'><strong>aedes</strong></span> <span class='ocrx_word' id='word_1_309' title='bbox 735 2366 843 2392; x_wconf 86' lang='lat' dir='ltr'><strong>tamen</strong></span> <span class='ocrx_word' id='word_1_310' title='bbox 873 2360 1013 2395; x_wconf 86' lang='lat' dir='ltr'><strong>emisset,</strong></span> <span class='ocrx_word' id='word_1_311' title='bbox 1044 2358 1136 2399; x_wconf 80' lang='lat' dir='ltr'><strong>quasi</strong></span> 
     </span>
     <span class='ocr_line' id='line_1_36' title="bbox 285 2413 1135 2457; baseline -0.011 -6"><span class='ocrx_word' id='word_1_312' title='bbox 285 2420 432 2455; x_wconf 82' lang='lat' dir='ltr'><strong>nesciret,</strong></span> <span class='ocrx_word' id='word_1_313' title='bbox 455 2418 541 2448; x_wconf 88' lang='lat' dir='ltr'><strong>unde</strong></span> <span class='ocrx_word' id='word_1_314' title='bbox 564 2417 624 2457; x_wconf 85' lang='lat' dir='ltr'><strong>ipsi</strong></span> <span class='ocrx_word' id='word_1_315' title='bbox 650 2416 741 2446; x_wconf 84' lang='lat' dir='ltr'><strong>numi</strong></span> <span class='ocrx_word' id='word_1_316' title='bbox 766 2419 965 2455; x_wconf 84' lang='lat' dir='ltr'><strong>pararentur.</strong></span> <span class='ocrx_word' id='word_1_317' title='bbox 1000 2413 1036 2443; x_wconf 88' lang='lat' dir='ltr'><strong>Si</strong></span> <span class='ocrx_word' id='word_1_318' title='bbox 1059 2423 1135 2443; x_wconf 86' lang='lat' dir='ltr'><strong>cum</strong></span> 
     </span>
     <span class='ocr_line' id='line_1_37' title="bbox 285 2465 1136 2511; baseline -0.009 -8"><span class='ocrx_word' id='word_1_319' title='bbox 285 2475 315 2503; x_wconf 92' lang='lat' dir='ltr'><strong>h.</strong></span> <span class='ocrx_word' id='word_1_320' title='bbox 339 2473 359 2502; x_wconf 94' lang='lat' dir='ltr'><strong>l.</strong></span> <span class='ocrx_word' id='word_1_321' title='bbox 382 2471 616 2511; x_wconf 82' lang='lat' dir='ltr'><strong>componimus,</strong></span> <span class='ocrx_word' id='word_1_322' title='bbox 640 2469 728 2508; x_wconf 90' lang='lat' dir='ltr'><strong>quod</strong></span> <span class='ocrx_word' id='word_1_323' title='bbox 752 2468 881 2498; x_wconf 88' lang='lat' dir='ltr'><strong>Caelius</strong></span> <span class='ocrx_word' id='word_1_324' title='bbox 902 2471 1028 2507; x_wconf 86' lang='lat' dir='ltr'><strong>portam</strong></span> <span class='ocrx_word' id='word_1_325' title='bbox 1059 2465 1136 2496; x_wconf 79' lang='lat' dir='ltr'><strong>Flu-</strong></span> 
     </span>
     <span class='ocr_line' id='line_1_38' title="bbox 285 2520 1136 2562; baseline -0.009 -6"><span class='ocrx_word' id='word_1_326' title='bbox 285 2531 473 2556; x_wconf 84' lang='lat' dir='ltr'><strong>mentanam</strong></span> <span class='ocrx_word' id='word_1_327' title='bbox 496 2531 669 2562; x_wconf 83' lang='lat' dir='ltr'><strong>occupasse</strong></span> <span class='ocrx_word' id='word_1_328' title='bbox 692 2521 811 2551; x_wconf 90' lang='lat' dir='ltr'><strong>dicitur</strong></span> <span class='ocrx_word' id='word_1_329' title='bbox 834 2521 867 2550; x_wconf 89' lang='lat' dir='ltr'><strong>in</strong></span> <span class='ocrx_word' id='word_1_330' title='bbox 899 2520 916 2558; x_wconf 67' lang='grc' dir='ltr'>ξ</span> <span class='ocrx_word' id='word_1_331' title='bbox 947 2520 974 2555; x_wconf 78' lang='grc'><strong>9,</strong></span> <span class='ocrx_word' id='word_1_332' title='bbox 1006 2528 1136 2559; x_wconf 78' lang='lat' dir='ltr'><strong>appare·</strong></span> 
     </span>
     <span class='ocr_line' id='line_1_39' title="bbox 288 2571 1138 2614; baseline -0.011 -5"><span class='ocrx_word' id='word_1_333' title='bbox 288 2579 334 2609; x_wconf 83' lang='lat' dir='ltr'><strong>bit</strong></span> <span class='ocrx_word' id='word_1_334' title='bbox 362 2588 427 2608; x_wconf 89' lang='lat' dir='ltr'><strong>non</strong></span> <span class='ocrx_word' id='word_1_335' title='bbox 458 2576 637 2606; x_wconf 83' lang='lat' dir='ltr'><strong>audiendos</strong></span> <span class='ocrx_word' id='word_1_336' title='bbox 666 2584 744 2610; x_wconf 88' lang='lat' dir='ltr'><strong>esse,</strong></span> <span class='ocrx_word' id='word_1_337' title='bbox 773 2574 829 2614; x_wconf 88' lang='lat' dir='ltr'><strong>qui</strong></span> <span class='ocrx_word' id='word_1_338' title='bbox 865 2573 896 2602; x_wconf 90' lang='lat' dir='ltr'><strong>h.</strong></span> <span class='ocrx_word' id='word_1_339' title='bbox 929 2573 950 2602; x_wconf 93' lang='lat' dir='ltr'><strong>l.</strong></span> <span class='ocrx_word' id='word_1_340' title='bbox 981 2572 1046 2602; x_wconf 66' lang='lat' dir='ltr'><strong>ems</strong></span> <span class='ocrx_word' id='word_1_341' title='bbox 1076 2571 1138 2601; x_wconf 77' lang='lat' dir='ltr'><strong>vici</strong></span> 
     </span>
     <span class='ocr_line' id='line_1_40' title="bbox 289 2625 1137 2662; baseline -0.007 -2"><span class='ocrx_word' id='word_1_342' title='bbox 289 2629 425 2660; x_wconf 54' lang='lat' dir='ltr'><strong>Lueceia·</strong></span> <span class='ocrx_word' id='word_1_343' title='bbox 448 2628 657 2658; x_wconf 86' lang='lat' dir='ltr'><strong>scribendum</strong></span> <span class='ocrx_word' id='word_1_344' title='bbox 679 2627 887 2662; x_wconf 75' lang='lat' dir='ltr'><strong>arbitrentur,</strong></span> <span class='ocrx_word' id='word_1_345' title='bbox 911 2626 968 2656; x_wconf 86' lang='lat' dir='ltr'><strong>etsi</strong></span> <span class='ocrx_word' id='word_1_346' title='bbox 1003 2635 1020 2655; x_wconf 89' lang='grc'><strong>0</strong></span> <span class='ocrx_word' id='word_1_347' title='bbox 1049 2625 1137 2656; x_wconf 87' lang='lat' dir='ltr'><strong>Med.</strong></span> 
     </span>
     <span class='ocr_line' id='line_1_41' title="bbox 287 2676 1138 2722; baseline -0.008 -9"><span class='ocrx_word' id='word_1_348' title='bbox 287 2682 443 2722; x_wconf 83' lang='lat' dir='ltr'><strong>scriptura</strong></span> <span class='ocrx_word' id='word_1_349' title='bbox 472 2691 489 2710; x_wconf 88' lang='lat' dir='ltr'><strong>a</strong></span> <span class='ocrx_word' id='word_1_350' title='bbox 518 2681 727 2710; x_wconf 83' lang='lat' dir='ltr'><strong>Mommseno</strong></span> <span class='ocrx_word' id='word_1_351' title='bbox 755 2678 916 2717; x_wconf 82' lang='lat' dir='ltr'><strong>descripta</strong></span> <span class='ocrx_word' id='word_1_352' title='bbox 947 2676 1045 2707; x_wconf 69' lang='lat' dir='ltr'><strong>Eunai</strong></span> <span class='ocrx_word' id='word_1_353' title='bbox 1075 2677 1138 2706; x_wconf 73' lang='lat' dir='ltr'><strong>Zuc-</strong></span> 
     </span>
     <span class='ocr_line' id='line_1_42' title="bbox 287 2730 1138 2769; baseline -0.007 -4"><span class='ocrx_word' id='word_1_354' title='bbox 287 2736 349 2765; x_wconf 60' lang='grc' dir='ltr'><strong>σεῖ’-ε·</strong></span> <span class='ocrx_word' id='word_1_355' title='bbox 379 2735 439 2764; x_wconf 75' lang='lat' dir='ltr'><strong>hoc</strong></span> <span class='ocrx_word' id='word_1_356' title='bbox 469 2740 534 2763; x_wconf 82' lang='lat' dir='ltr'><strong>tam</strong></span> <span class='ocrx_word' id='word_1_357' title='bbox 564 2732 658 2761; x_wconf 77' lang='lat' dir='ltr'><strong>facile</strong></span> <span class='ocrx_word' id='word_1_358' title='bbox 688 2731 756 2761; x_wconf 90' lang='lat' dir='ltr'><strong>erui</strong></span> <span class='ocrx_word' id='word_1_359' title='bbox 787 2735 901 2769; x_wconf 81' lang='lat' dir='ltr'><strong>potest,</strong></span> <span class='ocrx_word' id='word_1_360' title='bbox 925 2740 1023 2769; x_wconf 88' lang='lat' dir='ltr'><strong>quam</strong></span> <span class='ocrx_word' id='word_1_361' title='bbox 1047 2730 1138 2760; x_wconf 91' lang='lat' dir='ltr'><strong>illud.</strong></span> 
     </span>
     <span class='ocr_line' id='line_1_43' title="bbox 287 2782 1138 2827; baseline -0.007 -9"><span class='ocrx_word' id='word_1_362' title='bbox 287 2789 402 2827; x_wconf 83' lang='lat' dir='ltr'><strong>Neque</strong></span> <span class='ocrx_word' id='word_1_363' title='bbox 426 2792 595 2826; x_wconf 84' lang='lat' dir='ltr'><strong>propterea</strong></span> <span class='ocrx_word' id='word_1_364' title='bbox 617 2785 703 2824; x_wconf 86' lang='lat' dir='ltr'><strong>quod</strong></span> <span class='ocrx_word' id='word_1_365' title='bbox 726 2784 765 2813; x_wconf 87' lang='lat' dir='ltr'><strong>de</strong></span> <span class='ocrx_word' id='word_1_366' title='bbox 788 2782 863 2812; x_wconf 63' lang='lat' dir='ltr'><strong>vicis</strong></span> <span class='ocrx_word' id='word_1_367' title='bbox 891 2783 1026 2813; x_wconf 83' lang='lat' dir='ltr'><strong>Lucceii</strong></span> <span class='ocrx_word' id='word_1_368' title='bbox 1056 2782 1138 2813; x_wconf 83' lang='lat' dir='ltr'><strong>nihil</strong></span> 
     </span>
     <span class='ocr_line' id='line_1_44' title="bbox 288 2834 1141 2875; baseline -0.008 -4"><span class='ocrx_word' id='word_1_369' title='bbox 288 2844 422 2875; x_wconf 84' lang='lat' dir='ltr'><strong>constat,</strong></span> <span class='ocrx_word' id='word_1_370' title='bbox 453 2848 528 2868; x_wconf 87' lang='lat' dir='ltr'><strong>cum</strong></span> <span class='ocrx_word' id='word_1_371' title='bbox 557 2835 732 2866; x_wconf 78' lang='lat' dir='ltr'><strong>Tunstallo</strong></span> <span class='ocrx_word' id='word_1_372' title='bbox 761 2845 791 2874; x_wconf 86' lang='lat' dir='ltr'><strong>p.</strong></span> <span class='ocrx_word' id='word_1_373' title='bbox 823 2835 880 2864; x_wconf 77' lang='lat'><strong>123</strong></span> <span class='ocrx_word' id='word_1_374' title='bbox 910 2834 990 2864; x_wconf 86' lang='lat' dir='ltr'><strong>haec</strong></span> <span class='ocrx_word' id='word_1_375' title='bbox 1020 2835 1065 2864; x_wconf 82' lang='lat' dir='ltr'><strong>sic</strong></span> <span class='ocrx_word' id='word_1_376' title='bbox 1094 2844 1141 2865; x_wconf 87' lang='lat' dir='ltr'><strong>re-</strong></span> 
     </span>
     <span class='ocr_line' id='line_1_45' title="bbox 288 2887 1141 2932; baseline -0.008 -8"><span class='ocrx_word' id='word_1_377' title='bbox 288 2894 368 2932; x_wconf 71' lang='lat' dir='ltr'><strong>tingi</strong></span> <span class='ocrx_word' id='word_1_378' title='bbox 390 2892 507 2923; x_wconf 86' lang='lat' dir='ltr'><strong>velim:</strong></span> <span class='ocrx_word' id='word_1_379' title='bbox 531 2890 611 2930; x_wconf 68' lang='lat' dir='ltr'><strong>qvod</strong></span> <span class='ocrx_word' id='word_1_380' title='bbox 633 2889 690 2918; x_wconf 74' lang='lat' dir='ltr'><strong>mei</strong></span> <span class='ocrx_word' id='word_1_381' title='bbox 719 2888 815 2917; x_wconf 67' lang='lat' dir='ltr'><strong>vicini</strong></span> <span class='ocrx_word' id='word_1_382' title='bbox 842 2887 966 2917; x_wconf 69' lang='lat' dir='ltr'><strong>anoez&#39;i</strong></span> <span class='ocrx_word' id='word_1_383' title='bbox 995 2887 1058 2917; x_wconf 68' lang='lat' dir='ltr'><strong>sint</strong></span> <span class='ocrx_word' id='word_1_384' title='bbox 1088 2887 1141 2918; x_wconf 85' lang='lat' dir='ltr'><strong>aa&#39;-</strong></span> 
     </span>
     <span class='ocr_line' id='line_1_46' title="bbox 288 2941 1141 2981; baseline -0.005 -7"><span class='ocrx_word' id='word_1_385' title='bbox 288 2946 375 2977; x_wconf 68' lang='lat' dir='ltr'><strong>dicti.</strong></span> <span class='ocrx_word' id='word_1_386' title='bbox 414 2944 477 2974; x_wconf 70' lang='lat' dir='ltr'><strong>l&#39;z&#39;ez‘</strong></span> <span class='ocrx_word' id='word_1_387' title='bbox 500 2948 576 2973; x_wconf 84' lang='lat' dir='ltr'><strong>sunt</strong></span> <span class='ocrx_word' id='word_1_388' title='bbox 598 2942 742 2972; x_wconf 83' lang='lat' dir='ltr'><strong>aedificia</strong></span> <span class='ocrx_word' id='word_1_389' title='bbox 771 2941 934 2976; x_wconf 71' lang='lat' dir='ltr'><strong>continua,</strong></span> <span class='ocrx_word' id='word_1_390' title='bbox 965 2946 997 2970; x_wconf 85' lang='lat' dir='ltr'><strong>ut</strong></span> <span class='ocrx_word' id='word_1_391' title='bbox 1029 2941 1061 2970; x_wconf 92' lang='lat' dir='ltr'><strong>in</strong></span> <span class='ocrx_word' id='word_1_392' title='bbox 1092 2951 1141 2981; x_wconf 87' lang='lat' dir='ltr'><strong>ep.</strong></span> 
     </span>
     <span class='ocr_line' id='line_1_47' title="bbox 293 3000 462 3029; baseline -0.012 -1"><span class='ocrx_word' id='word_1_393' title='bbox 293 3000 315 3029; x_wconf 90' lang='lat'><strong>1.</strong></span> <span class='ocrx_word' id='word_1_394' title='bbox 338 3001 357 3028; x_wconf 78' lang='lat'>4</span> <span class='ocrx_word' id='word_1_395' title='bbox 380 3002 462 3028; x_wconf 81' lang='lat' dir='ltr'><strong>extr.</strong></span> 
     </span>
    </p>

    <p class='ocr_par' dir='ltr' id='par_1_16' title="bbox 291 3044 1141 3187">
     <span class='ocr_line' id='line_1_48' title="bbox 331 3044 1141 3088; baseline -0.01 -7"><span class='ocrx_word' id='word_1_396' title='bbox 331 3051 348 3088; x_wconf 66' lang='grc' dir='ltr'>ξ</span> <span class='ocrx_word' id='word_1_397' title='bbox 373 3049 400 3081; x_wconf 77' lang='grc'><strong>7.</strong></span> <span class='ocrx_word' id='word_1_398' title='bbox 425 3048 473 3079; x_wconf 87' lang='lat' dir='ltr'><strong>Cf.</strong></span> <span class='ocrx_word' id='word_1_399' title='bbox 504 3047 565 3077; x_wconf 78' lang='lat' dir='ltr'><strong>VI.</strong></span> <span class='ocrx_word' id='word_1_400' title='bbox 597 3047 616 3075; x_wconf 78' lang='lat'>4</span> <span class='ocrx_word' id='word_1_401' title='bbox 645 3050 675 3075; x_wconf 89' lang='lat' dir='ltr'><strong>et</strong></span> <span class='ocrx_word' id='word_1_402' title='bbox 705 3044 822 3084; x_wconf 72' lang='lat' dir='ltr'><strong>passim</strong></span> <span class='ocrx_word' id='word_1_403' title='bbox 856 3063 893 3066; x_wconf 84' lang='lat'>—</span> <span class='ocrx_word' id='word_1_404' title='bbox 922 3045 977 3074; x_wconf 75' lang='lat' dir='ltr'><strong>lzoc</strong></span> <span class='ocrx_word' id='word_1_405' title='bbox 1007 3047 1141 3083; x_wconf 77' lang='lat' dir='ltr'><strong>[empore</strong></span> 
     </span>
     <span class='ocr_line' id='line_1_49' title="bbox 291 3097 1141 3136; baseline -0.007 -3"><span class='ocrx_word' id='word_1_406' title='bbox 291 3102 409 3133; x_wconf 78' lang='lat' dir='ltr'><strong>omissa</strong></span> <span class='ocrx_word' id='word_1_407' title='bbox 432 3101 465 3131; x_wconf 91' lang='lat' dir='ltr'><strong>in</strong></span> <span class='ocrx_word' id='word_1_408' title='bbox 489 3100 577 3130; x_wconf 84' lang='lat' dir='ltr'><strong>Med.</strong></span> <span class='ocrx_word' id='word_1_409' title='bbox 599 3108 674 3128; x_wconf 79' lang='lat' dir='ltr'><strong>cuin</strong></span> <span class='ocrx_word' id='word_1_410' title='bbox 697 3097 888 3127; x_wconf 79' lang='lat' dir='ltr'><strong>lIofmanno</strong></span> <span class='ocrx_word' id='word_1_411' title='bbox 919 3097 1023 3133; x_wconf 79' lang='lat' dir='ltr'><strong>omisi,</strong></span> <span class='ocrx_word' id='word_1_412' title='bbox 1055 3098 1141 3136; x_wconf 88' lang='lat' dir='ltr'><strong>quod</strong></span> 
     </span>
     <span class='ocr_line' id='line_1_50' title="bbox 292 3150 1139 3187; baseline -0.008 0"><span class='ocrx_word' id='word_1_413' title='bbox 292 3156 360 3187; x_wconf 65' lang='lat'><strong>0010</strong></span> <span class='ocrx_word' id='word_1_414' title='bbox 390 3154 607 3187; x_wconf 77' lang='lat' dir='ltr'><strong>Bosianorum</strong></span> <span class='ocrx_word' id='word_1_415' title='bbox 637 3151 727 3182; x_wconf 72' lang='lat' dir='ltr'><strong>codd.</strong></span> <span class='ocrx_word' id='word_1_416' title='bbox 760 3150 945 3182; x_wconf 79' lang='lat' dir='ltr'><strong>testimonio</strong></span> <span class='ocrx_word' id='word_1_417' title='bbox 982 3150 1139 3186; x_wconf 78' lang='lat' dir='ltr'><strong>nituntur,</strong></span> 
     </span>
    </p>
   </div>
   <div class='ocr_carea' id='block_1_13' title="bbox 1183 1927 2044 3187">
    <p class='ocr_par' dir='ltr' id='par_1_17' title="bbox 1183 1927 2040 2663">
     <span class='ocr_line' id='line_1_51' title="bbox 1224 1927 2034 1969; baseline -0.001 -9"><span class='ocrx_word' id='word_1_418' title='bbox 1224 1930 1242 1969; x_wconf 63' lang='grc' dir='ltr'>ἓ</span> <span class='ocrx_word' id='word_1_419' title='bbox 1275 1931 1303 1960; x_wconf 89' lang='grc'><strong>8.</strong></span> <span class='ocrx_word' id='word_1_420' title='bbox 1332 1929 1380 1959; x_wconf 82' lang='lat' dir='ltr'><strong>De</strong></span> <span class='ocrx_word' id='word_1_421' title='bbox 1407 1928 1610 1969; x_wconf 70' lang='lat' dir='ltr'><strong>serperastris</strong></span> <span class='ocrx_word' id='word_1_422' title='bbox 1637 1927 1773 1959; x_wconf 73' lang='lat' dir='ltr'><strong>cohortis</strong></span> <span class='ocrx_word' id='word_1_423' title='bbox 1796 1937 1890 1958; x_wconf 80' lang='lat' dir='ltr'><strong>meae.</strong></span> <span class='ocrx_word' id='word_1_424' title='bbox 1920 1927 2034 1969; x_wconf 83' lang='lat' dir='ltr'><strong>Serpe-</strong></span> 
     </span>
     <span class='ocr_line' id='line_1_52' title="bbox 1183 1983 2036 2025; baseline -0.001 -10"><span class='ocrx_word' id='word_1_425' title='bbox 1183 1989 1284 2016; x_wconf 78' lang='lat' dir='ltr'><strong>rastra</strong></span> <span class='ocrx_word' id='word_1_426' title='bbox 1305 1984 1413 2025; x_wconf 88' lang='lat' dir='ltr'><strong>pueris</strong></span> <span class='ocrx_word' id='word_1_427' title='bbox 1435 1984 1616 2023; x_wconf 79' lang='lat' dir='ltr'><strong>alligabant</strong></span> <span class='ocrx_word' id='word_1_428' title='bbox 1638 1984 1672 2014; x_wconf 89' lang='lat' dir='ltr'><strong>in</strong></span> <span class='ocrx_word' id='word_1_429' title='bbox 1686 1983 1856 2023; x_wconf 84' lang='lat' dir='ltr'><strong>geniculis,</strong></span> <span class='ocrx_word' id='word_1_430' title='bbox 1872 1987 1908 2013; x_wconf 90' lang='lat' dir='ltr'><strong>ut</strong></span> <span class='ocrx_word' id='word_1_431' title='bbox 1923 1993 2036 2014; x_wconf 86' lang='lat' dir='ltr'><strong>eorum</strong></span> 
     </span>
     <span class='ocr_line' id='line_1_53' title="bbox 1183 2037 2035 2080; baseline -0.002 -10"><span class='ocrx_word' id='word_1_432' title='bbox 1183 2041 1357 2080; x_wconf 84' lang='lat' dir='ltr'><strong>depravata</strong></span> <span class='ocrx_word' id='word_1_433' title='bbox 1379 2048 1473 2069; x_wconf 80' lang='lat' dir='ltr'><strong>cmra</strong></span> <span class='ocrx_word' id='word_1_434' title='bbox 1494 2038 1704 2078; x_wconf 69' lang='lat' dir='ltr'><strong>corrigerent,</strong></span> <span class='ocrx_word' id='word_1_435' title='bbox 1729 2043 1808 2068; x_wconf 86' lang='lat' dir='ltr'><strong>teste</strong></span> <span class='ocrx_word' id='word_1_436' title='bbox 1828 2037 1978 2069; x_wconf 82' lang='lat' dir='ltr'><strong>Varrone</strong></span> <span class='ocrx_word' id='word_1_437' title='bbox 1995 2038 2035 2068; x_wconf 83' lang='lat' dir='ltr'><strong>de</strong></span> 
     </span>
     <span class='ocr_line' id='line_1_54' title="bbox 1183 2090 2036 2123; baseline -0.004 0"><span class='ocrx_word' id='word_1_438' title='bbox 1183 2093 1223 2123; x_wconf 90' lang='lat' dir='ltr'><strong>L.</strong></span> <span class='ocrx_word' id='word_1_439' title='bbox 1255 2092 1294 2122; x_wconf 90' lang='lat' dir='ltr'><strong>L.</strong></span> <span class='ocrx_word' id='word_1_440' title='bbox 1329 2090 1391 2121; x_wconf 80' lang='lat' dir='ltr'><strong>IX.</strong></span> <span class='ocrx_word' id='word_1_441' title='bbox 1422 2091 1471 2121; x_wconf 90' lang='lat' dir='ltr'><strong>ll.</strong></span> <span class='ocrx_word' id='word_1_442' title='bbox 1515 2091 1587 2121; x_wconf 87' lang='lat' dir='ltr'><strong>Etsi</strong></span> <span class='ocrx_word' id='word_1_443' title='bbox 1616 2095 1725 2121; x_wconf 87' lang='lat' dir='ltr'><strong>autem</strong></span> <span class='ocrx_word' id='word_1_444' title='bbox 1755 2099 1876 2121; x_wconf 85' lang='lat' dir='ltr'><strong>nornen</strong></span> <span class='ocrx_word' id='word_1_445' title='bbox 1906 2090 1989 2120; x_wconf 88' lang='lat' dir='ltr'><strong>illud</strong></span> <span class='ocrx_word' id='word_1_446' title='bbox 2019 2100 2036 2120; x_wconf 85' lang='lat' dir='ltr'><strong>a</strong></span> 
     </span>
     <span class='ocr_line' id='line_1_55' title="bbox 1183 2142 2037 2185; baseline -0.001 -10"><span class='ocrx_word' id='word_1_447' title='bbox 1183 2143 1332 2185; x_wconf 76' lang='lat' dir='ltr'><strong>sirpando</strong></span> <span class='ocrx_word' id='word_1_448' title='bbox 1361 2154 1394 2174; x_wconf 76' lang='lat' dir='ltr'><strong>o:</strong></span> <span class='ocrx_word' id='word_1_449' title='bbox 1424 2144 1593 2183; x_wconf 82' lang='lat' dir='ltr'><strong>alligando</strong></span> <span class='ocrx_word' id='word_1_450' title='bbox 1623 2143 1747 2182; x_wconf 84' lang='lat' dir='ltr'><strong>(Varro</strong></span> <span class='ocrx_word' id='word_1_451' title='bbox 1778 2143 1856 2173; x_wconf 86' lang='lat' dir='ltr'><strong>ibid.</strong></span> <span class='ocrx_word' id='word_1_452' title='bbox 1886 2143 1928 2172; x_wconf 96' lang='lat' dir='ltr'><strong>V.</strong></span> <span class='ocrx_word' id='word_1_453' title='bbox 1952 2142 2037 2181; x_wconf 84' lang='lat'><strong>137),</strong></span> 
     </span>
     <span class='ocr_line' id='line_1_56' title="bbox 1184 2195 2038 2237; baseline -0.004 -9"><span class='ocrx_word' id='word_1_454' title='bbox 1184 2208 1251 2228; x_wconf 92' lang='lat' dir='ltr'><strong>non</strong></span> <span class='ocrx_word' id='word_1_455' title='bbox 1275 2208 1293 2227; x_wconf 85' lang='lat' dir='ltr'><strong>a</strong></span> <span class='ocrx_word' id='word_1_456' title='bbox 1314 2196 1464 2237; x_wconf 80' lang='lat' dir='ltr'><strong>serpendo</strong></span> <span class='ocrx_word' id='word_1_457' title='bbox 1485 2196 1626 2227; x_wconf 87' lang='lat' dir='ltr'><strong>derivari</strong></span> <span class='ocrx_word' id='word_1_458' title='bbox 1639 2196 1744 2232; x_wconf 88' lang='lat' dir='ltr'><strong>debet,</strong></span> <span class='ocrx_word' id='word_1_459' title='bbox 1760 2200 1869 2226; x_wconf 87' lang='lat' dir='ltr'><strong>tamen</strong></span> <span class='ocrx_word' id='word_1_460' title='bbox 1886 2195 1919 2225; x_wconf 91' lang='lat' dir='ltr'><strong>in</strong></span> <span class='ocrx_word' id='word_1_461' title='bbox 1935 2195 2038 2235; x_wconf 84' lang='lat' dir='ltr'><strong>prima</strong></span> 
     </span>
     <span class='ocr_line' id='line_1_57' title="bbox 1185 2247 2039 2290; baseline -0.004 -10"><span class='ocrx_word' id='word_1_462' title='bbox 1185 2250 1312 2290; x_wconf 83' lang='lat' dir='ltr'><strong>syllaba</strong></span> <span class='ocrx_word' id='word_1_463' title='bbox 1334 2259 1349 2279; x_wconf 82' lang='lat' dir='ltr'><strong>e</strong></span> <span class='ocrx_word' id='word_1_464' title='bbox 1371 2254 1438 2279; x_wconf 85' lang='lat' dir='ltr'><strong>tam</strong></span> <span class='ocrx_word' id='word_1_465' title='bbox 1459 2254 1545 2279; x_wconf 85' lang='lat' dir='ltr'><strong>recte</strong></span> <span class='ocrx_word' id='word_1_466' title='bbox 1569 2258 1603 2278; x_wconf 89' lang='lat' dir='ltr'><strong>se</strong></span> <span class='ocrx_word' id='word_1_467' title='bbox 1631 2248 1731 2278; x_wconf 84' lang='lat' dir='ltr'><strong>habet</strong></span> <span class='ocrx_word' id='word_1_468' title='bbox 1759 2256 1857 2287; x_wconf 85' lang='lat' dir='ltr'><strong>quam</strong></span> <span class='ocrx_word' id='word_1_469' title='bbox 1885 2258 1903 2277; x_wconf 93' lang='lat'><strong><em>0</em></strong></span> <span class='ocrx_word' id='word_1_470' title='bbox 1932 2247 1965 2277; x_wconf 94' lang='lat' dir='ltr'><strong>in</strong></span> <span class='ocrx_word' id='word_1_471' title='bbox 1993 2257 2039 2277; x_wconf 79' lang='lat' dir='ltr'><strong>so-</strong></span> 
     </span>
     <span class='ocr_line' id='line_1_58' title="bbox 1185 2300 2038 2342; baseline -0.004 -9"><span class='ocrx_word' id='word_1_472' title='bbox 1185 2303 1276 2339; x_wconf 78' lang='lat' dir='ltr'><strong>boles,</strong></span> <span class='ocrx_word' id='word_1_473' title='bbox 1300 2314 1318 2331; x_wconf 72' lang='grc' dir='ltr'><em>η</em></span> <span class='ocrx_word' id='word_1_474' title='bbox 1342 2303 1375 2332; x_wconf 82' lang='grc'><strong>111</strong></span> <span class='ocrx_word' id='word_1_475' title='bbox 1398 2301 1563 2342; x_wconf 68' lang='lat' dir='ltr'><strong>lchvcrz&#39;um,</strong></span> <span class='ocrx_word' id='word_1_476' title='bbox 1587 2310 1669 2341; x_wconf 85' lang='lat' dir='ltr'><strong>quae</strong></span> <span class='ocrx_word' id='word_1_477' title='bbox 1691 2300 1777 2330; x_wconf 87' lang='lat' dir='ltr'><strong>dicta</strong></span> <span class='ocrx_word' id='word_1_478' title='bbox 1799 2306 1876 2330; x_wconf 91' lang='lat' dir='ltr'><strong>sunt</strong></span> <span class='ocrx_word' id='word_1_479' title='bbox 1905 2310 1963 2340; x_wconf 88' lang='lat' dir='ltr'><strong>pro</strong></span> <span class='ocrx_word' id='word_1_480' title='bbox 1990 2309 2038 2330; x_wconf 77' lang='lat' dir='ltr'><strong>Su-</strong></span> 
     </span>
     <span class='ocr_line' id='line_1_59' title="bbox 1185 2355 2039 2398; baseline -0.005 -9"><span class='ocrx_word' id='word_1_481' title='bbox 1185 2359 1260 2395; x_wconf 82' lang='lat' dir='ltr'><strong>bole,</strong></span> <span class='ocrx_word' id='word_1_482' title='bbox 1283 2356 1403 2398; x_wconf 74' lang='lat' dir='ltr'><strong>tequrz&#39;o</strong></span> <span class='ocrx_word' id='word_1_483' title='bbox 1426 2356 1549 2396; x_wconf 84' lang='lat' dir='ltr'><strong>primae</strong></span> <span class='ocrx_word' id='word_1_484' title='bbox 1571 2355 1718 2395; x_wconf 80' lang='lat' dir='ltr'><strong>syllabae</strong></span> <span class='ocrx_word' id='word_1_485' title='bbox 1740 2355 1908 2385; x_wconf 87' lang='lat' dir='ltr'><strong>vocalibus</strong></span> <span class='ocrx_word' id='word_1_486' title='bbox 1928 2364 2039 2386; x_wconf 89' lang='lat' dir='ltr'><strong>secun-</strong></span> 
     </span>
     <span class='ocr_line' id='line_1_60' title="bbox 1185 2406 2040 2441; baseline -0.005 0"><span class='ocrx_word' id='word_1_487' title='bbox 1185 2412 1245 2441; x_wconf 84' lang='lat' dir='ltr'><strong>dae</strong></span> <span class='ocrx_word' id='word_1_488' title='bbox 1267 2409 1463 2441; x_wconf 81' lang='lat' dir='ltr'><strong>assimilatis.</strong></span> <span class='ocrx_word' id='word_1_489' title='bbox 1494 2408 1568 2438; x_wconf 87' lang='lat' dir='ltr'><strong>Hoc</strong></span> <span class='ocrx_word' id='word_1_490' title='bbox 1590 2408 1724 2439; x_wconf 88' lang='lat' dir='ltr'><strong>nomine</strong></span> <span class='ocrx_word' id='word_1_491' title='bbox 1747 2406 1861 2438; x_wconf 88' lang='lat' dir='ltr'><strong>Cicero</strong></span> <span class='ocrx_word' id='word_1_492' title='bbox 1884 2417 1971 2437; x_wconf 87' lang='lat' dir='ltr'><strong>nunc</strong></span> <span class='ocrx_word' id='word_1_493' title='bbox 1994 2407 2040 2437; x_wconf 87' lang='lat' dir='ltr'><strong>in-</strong></span> 
     </span>
     <span class='ocr_line' id='line_1_61' title="bbox 1185 2460 2038 2502; baseline -0.006 -7"><span class='ocrx_word' id='word_1_494' title='bbox 1185 2464 1272 2495; x_wconf 82' lang='lat' dir='ltr'><strong>dicat</strong></span> <span class='ocrx_word' id='word_1_495' title='bbox 1305 2472 1351 2499; x_wconf 88' lang='lat' dir='ltr'><strong>ea,</strong></span> <span class='ocrx_word' id='word_1_496' title='bbox 1380 2462 1498 2502; x_wconf 86' lang='lat' dir='ltr'><strong>quibus</strong></span> <span class='ocrx_word' id='word_1_497' title='bbox 1534 2461 1666 2500; x_wconf 78' lang='lat' dir='ltr'><strong>legatos,</strong></span> <span class='ocrx_word' id='word_1_498' title='bbox 1706 2460 1861 2500; x_wconf 84' lang='lat' dir='ltr'><strong>aliosque,</strong></span> <span class='ocrx_word' id='word_1_499' title='bbox 1899 2470 2038 2500; x_wconf 83' lang='lat' dir='ltr'><strong>quorum</strong></span> 
     </span>
     <span class='ocr_line' id='line_1_62' title="bbox 1186 2514 2040 2558; baseline -0.005 -10"><span class='ocrx_word' id='word_1_500' title='bbox 1186 2527 1284 2558; x_wconf 85' lang='lat' dir='ltr'><strong>opera</strong></span> <span class='ocrx_word' id='word_1_501' title='bbox 1305 2526 1382 2547; x_wconf 87' lang='lat' dir='ltr'><strong>usus</strong></span> <span class='ocrx_word' id='word_1_502' title='bbox 1406 2516 1508 2546; x_wconf 85' lang='lat' dir='ltr'><strong>fuerat</strong></span> <span class='ocrx_word' id='word_1_503' title='bbox 1531 2515 1564 2545; x_wconf 87' lang='lat' dir='ltr'><strong>in</strong></span> <span class='ocrx_word' id='word_1_504' title='bbox 1587 2514 1755 2554; x_wconf 82' lang='lat' dir='ltr'><strong>provincia</strong></span> <span class='ocrx_word' id='word_1_505' title='bbox 1784 2514 2040 2545; x_wconf 71' lang='lat' dir='ltr'><strong>administranda</strong></span> 
     </span>
     <span class='ocr_line' id='line_1_63' title="bbox 1188 2567 2039 2601; baseline -0.005 0"><span class='ocrx_word' id='word_1_506' title='bbox 1188 2571 1221 2601; x_wconf 91' lang='lat' dir='ltr'><strong>in</strong></span> <span class='ocrx_word' id='word_1_507' title='bbox 1252 2570 1359 2600; x_wconf 76' lang='lat' dir='ltr'><strong>officio</strong></span> <span class='ocrx_word' id='word_1_508' title='bbox 1389 2569 1527 2599; x_wconf 86' lang='lat' dir='ltr'><strong>retinere</strong></span> <span class='ocrx_word' id='word_1_509' title='bbox 1551 2568 1731 2598; x_wconf 82' lang='lat' dir='ltr'><strong>studuerat.</strong></span> <span class='ocrx_word' id='word_1_510' title='bbox 1759 2567 1849 2598; x_wconf 89' lang='lat' dir='ltr'><strong>Dure</strong></span> <span class='ocrx_word' id='word_1_511' title='bbox 1870 2567 2039 2598; x_wconf 74' lang='lat' dir='ltr'><strong>Manutius</strong></span> 
     </span>
     <span class='ocr_line' id='line_1_64' title="bbox 1190 2620 1973 2663; baseline -0.005 -9"><span class='ocrx_word' id='word_1_512' title='bbox 1190 2625 1234 2655; x_wconf 82' lang='lat' dir='ltr'><strong>ita</strong></span> <span class='ocrx_word' id='word_1_513' title='bbox 1256 2624 1341 2663; x_wconf 82' lang='lat' dir='ltr'><strong>ipsos</strong></span> <span class='ocrx_word' id='word_1_514' title='bbox 1364 2621 1616 2653; x_wconf 84' lang='lat' dir='ltr'><strong>contubernales</strong></span> <span class='ocrx_word' id='word_1_515' title='bbox 1639 2621 1805 2660; x_wconf 80' lang='lat' dir='ltr'><strong>designari</strong></span> <span class='ocrx_word' id='word_1_516' title='bbox 1827 2620 1973 2660; x_wconf 81' lang='lat' dir='ltr'><strong>putabat.</strong></span> 
     </span>
    </p>

    <p class='ocr_par' dir='ltr' id='par_1_18' title="bbox 1184 2672 2044 3129">
     <span class='ocr_line' id='line_1_65' title="bbox 1231 2672 2041 2715; baseline -0.005 -10"><span class='ocrx_word' id='word_1_517' title='bbox 1231 2676 1296 2715; x_wconf 70' lang='lat' dir='ltr'><strong>Ipsi</strong></span> <span class='ocrx_word' id='word_1_518' title='bbox 1316 2694 1355 2697; x_wconf 97' lang='lat'><strong>—</strong></span> <span class='ocrx_word' id='word_1_519' title='bbox 1378 2685 1411 2704; x_wconf 80' lang='lat' dir='ltr'><strong>se</strong></span> <span class='ocrx_word' id='word_1_520' title='bbox 1432 2674 1624 2713; x_wconf 67' lang='lat' dir='ltr'><strong>eolleyerunt</strong></span> <span class='ocrx_word' id='word_1_521' title='bbox 1647 2683 1681 2703; x_wconf 72' lang='lat' dir='ltr'><strong>o:</strong></span> <span class='ocrx_word' id='word_1_522' title='bbox 1710 2683 1811 2713; x_wconf 86' lang='lat' dir='ltr'><strong>quum</strong></span> <span class='ocrx_word' id='word_1_523' title='bbox 1843 2672 2041 2712; x_wconf 83' lang='lat' dir='ltr'><strong>aliquamdiu</strong></span> 
     </span>
     <span class='ocr_line' id='line_1_66' title="bbox 1189 2724 2042 2768; baseline -0.006 -9"><span class='ocrx_word' id='word_1_524' title='bbox 1189 2728 1371 2768; x_wconf 81' lang='lat' dir='ltr'><strong>cupidiores</strong></span> <span class='ocrx_word' id='word_1_525' title='bbox 1402 2726 1546 2762; x_wconf 79' lang='lat' dir='ltr'><strong>fuissent,</strong></span> <span class='ocrx_word' id='word_1_526' title='bbox 1575 2726 1708 2755; x_wconf 87' lang='lat' dir='ltr'><strong>tandem</strong></span> <span class='ocrx_word' id='word_1_527' title='bbox 1736 2726 1776 2754; x_wconf 82' lang='lat' dir='ltr'><strong>ad</strong></span> <span class='ocrx_word' id='word_1_528' title='bbox 1806 2724 2042 2755; x_wconf 82' lang='lat' dir='ltr'><strong>continentiam</strong></span> 
     </span>
     <span class='ocr_line' id='line_1_67' title="bbox 1189 2776 2042 2816; baseline -0.006 -6"><span class='ocrx_word' id='word_1_529' title='bbox 1189 2779 1355 2810; x_wconf 80' lang='lat' dir='ltr'><strong>redierunt</strong></span> <span class='ocrx_word' id='word_1_530' title='bbox 1378 2783 1409 2808; x_wconf 89' lang='lat' dir='ltr'><strong>et</strong></span> <span class='ocrx_word' id='word_1_531' title='bbox 1443 2777 1570 2807; x_wconf 88' lang='lat' dir='ltr'><strong>animos</strong></span> <span class='ocrx_word' id='word_1_532' title='bbox 1599 2787 1698 2816; x_wconf 84' lang='lat' dir='ltr'><strong>prava</strong></span> <span class='ocrx_word' id='word_1_533' title='bbox 1724 2776 1900 2816; x_wconf 84' lang='lat' dir='ltr'><strong>cupiditate</strong></span> <span class='ocrx_word' id='word_1_534' title='bbox 1930 2776 2042 2807; x_wconf 79' lang='lat' dir='ltr'><strong>libera-</strong></span> 
     </span>
     <span class='ocr_line' id='line_1_68' title="bbox 1191 2828 2042 2871; baseline -0.007 -7"><span class='ocrx_word' id='word_1_535' title='bbox 1191 2839 1276 2864; x_wconf 87' lang='lat' dir='ltr'><strong>runt.</strong></span> <span class='ocrx_word' id='word_1_536' title='bbox 1300 2833 1352 2863; x_wconf 82' lang='lat' dir='ltr'><strong>Ex</strong></span> <span class='ocrx_word' id='word_1_537' title='bbox 1375 2832 1422 2868; x_wconf 81' lang='lat' dir='ltr'><strong>iis,</strong></span> <span class='ocrx_word' id='word_1_538' title='bbox 1446 2841 1530 2871; x_wconf 85' lang='lat' dir='ltr'><strong>quae</strong></span> <span class='ocrx_word' id='word_1_539' title='bbox 1553 2831 1667 2861; x_wconf 70' lang='lat' dir='ltr'><strong>Cicero</strong></span> <span class='ocrx_word' id='word_1_540' title='bbox 1682 2830 1794 2861; x_wconf 87' lang='lat' dir='ltr'><strong>scribit</strong></span> <span class='ocrx_word' id='word_1_541' title='bbox 1813 2830 1910 2860; x_wconf 85' lang='lat' dir='ltr'><strong>Tusc.</strong></span> <span class='ocrx_word' id='word_1_542' title='bbox 1926 2829 1988 2860; x_wconf 92' lang='lat' dir='ltr'><strong>IV.</strong></span> <span class='ocrx_word' id='word_1_543' title='bbox 2005 2828 2042 2860; x_wconf 79' lang='lat'><strong>78</strong></span> 
     </span>
     <span class='ocr_line' id='line_1_69' title="bbox 1194 2879 2043 2925; baseline -0.006 -10"><span class='ocrx_word' id='word_1_544' title='bbox 1194 2885 1277 2925; x_wconf 71' lang='lat' dir='ltr'><strong>Quid</strong></span> <span class='ocrx_word' id='word_1_545' title='bbox 1298 2888 1343 2915; x_wconf 70' lang='lat' dir='ltr'><strong>est</strong></span> <span class='ocrx_word' id='word_1_546' title='bbox 1365 2886 1467 2913; x_wconf 78' lang='lat' dir='ltr'><strong>aulem</strong></span> <span class='ocrx_word' id='word_1_547' title='bbox 1497 2893 1530 2913; x_wconf 81' lang='lat' dir='ltr'><strong>se</strong></span> <span class='ocrx_word' id='word_1_548' title='bbox 1558 2882 1653 2922; x_wconf 71' lang='lat' dir='ltr'><strong>ipsum</strong></span> <span class='ocrx_word' id='word_1_549' title='bbox 1684 2882 1840 2923; x_wconf 77' lang='lat' dir='ltr'><strong>colliqere,</strong></span> <span class='ocrx_word' id='word_1_550' title='bbox 1869 2881 1931 2911; x_wconf 77' lang='lat' dir='ltr'><strong>nisi</strong></span> <span class='ocrx_word' id='word_1_551' title='bbox 1955 2879 2043 2911; x_wconf 75' lang='lat' dir='ltr'><strong>dissi-</strong></span> 
     </span>
     <span class='ocr_line' id='line_1_70' title="bbox 1184 2935 2043 2977; baseline -0.006 -10"><span class='ocrx_word' id='word_1_552' title='bbox 1184 2940 1281 2977; x_wconf 75' lang='lat' dir='ltr'><strong>patas</strong></span> <span class='ocrx_word' id='word_1_553' title='bbox 1304 2937 1400 2967; x_wconf 69' lang='lat' dir='ltr'><strong>animi</strong></span> <span class='ocrx_word' id='word_1_554' title='bbox 1416 2938 1527 2976; x_wconf 71' lang='lat' dir='ltr'><strong>partes</strong></span> <span class='ocrx_word' id='word_1_555' title='bbox 1556 2944 1664 2965; x_wconf 74' lang='lat' dir='ltr'><strong>rursus</strong></span> <span class='ocrx_word' id='word_1_556' title='bbox 1692 2935 1725 2964; x_wconf 77' lang='lat' dir='ltr'><strong>in</strong></span> <span class='ocrx_word' id='word_1_557' title='bbox 1754 2945 1839 2965; x_wconf 70' lang='lat' dir='ltr'><strong>suum</strong></span> <span class='ocrx_word' id='word_1_558' title='bbox 1873 2935 1970 2964; x_wconf 80' lang='lat' dir='ltr'><strong>locum</strong></span> <span class='ocrx_word' id='word_1_559' title='bbox 1999 2942 2043 2962; x_wconf 78' lang='lat' dir='ltr'><strong>co-</strong></span> 
     </span>
     <span class='ocr_line' id='line_1_71' title="bbox 1186 2985 2044 3029; baseline -0.006 -10"><span class='ocrx_word' id='word_1_560' title='bbox 1186 2999 1271 3029; x_wconf 72' lang='lat' dir='ltr'><strong>qere,</strong></span> <span class='ocrx_word' id='word_1_561' title='bbox 1295 2993 1426 3028; x_wconf 80' lang='lat' dir='ltr'><strong>apparet</strong></span> <span class='ocrx_word' id='word_1_562' title='bbox 1458 2998 1524 3018; x_wconf 87' lang='lat' dir='ltr'><strong>non</strong></span> <span class='ocrx_word' id='word_1_563' title='bbox 1554 2997 1655 3018; x_wconf 85' lang='lat' dir='ltr'><strong>unam</strong></span> <span class='ocrx_word' id='word_1_564' title='bbox 1684 2996 1753 3017; x_wconf 86' lang='lat' dir='ltr'><strong>esse</strong></span> <span class='ocrx_word' id='word_1_565' title='bbox 1784 2986 1936 3017; x_wconf 88' lang='lat' dir='ltr'><strong>omnibus</strong></span> <span class='ocrx_word' id='word_1_566' title='bbox 1964 2985 2044 3015; x_wconf 81' lang='lat' dir='ltr'><strong>locis</strong></span> 
     </span>
     <span class='ocr_line' id='line_1_72' title="bbox 1186 3037 2042 3075; baseline -0.005 -4"><span class='ocrx_word' id='word_1_567' title='bbox 1186 3041 1283 3071; x_wconf 90' lang='lat' dir='ltr'><strong>huius</strong></span> <span class='ocrx_word' id='word_1_568' title='bbox 1306 3040 1480 3071; x_wconf 87' lang='lat' dir='ltr'><strong>locutionis</strong></span> <span class='ocrx_word' id='word_1_569' title='bbox 1502 3040 1579 3070; x_wconf 78' lang='lat' dir='ltr'><strong>vim.</strong></span> <span class='ocrx_word' id='word_1_570' title='bbox 1604 3039 1652 3070; x_wconf 87' lang='lat' dir='ltr'><strong>Cf.</strong></span> <span class='ocrx_word' id='word_1_571' title='bbox 1686 3038 1748 3069; x_wconf 87' lang='lat' dir='ltr'><strong>IX.</strong></span> <span class='ocrx_word' id='word_1_572' title='bbox 1779 3039 1806 3075; x_wconf 86' lang='lat'><strong>9,</strong></span> <span class='ocrx_word' id='word_1_573' title='bbox 1838 3039 1864 3068; x_wconf 93' lang='lat' dir='ltr'><strong>l.</strong></span> <span class='ocrx_word' id='word_1_574' title='bbox 1895 3037 1977 3068; x_wconf 88' lang='lat' dir='ltr'><strong>XII.</strong></span> <span class='ocrx_word' id='word_1_575' title='bbox 2005 3038 2042 3066; x_wconf 84' lang='lat'><strong>35</strong></span> 
     </span>
     <span class='ocr_line' id='line_1_73' title="bbox 1188 3092 1772 3129; baseline -0.009 -4"><span class='ocrx_word' id='word_1_576' title='bbox 1188 3101 1219 3125; x_wconf 86' lang='lat' dir='ltr'><strong>et</strong></span> <span class='ocrx_word' id='word_1_577' title='bbox 1243 3094 1412 3124; x_wconf 86' lang='lat' dir='ltr'><strong>Manutius</strong></span> <span class='ocrx_word' id='word_1_578' title='bbox 1436 3094 1473 3123; x_wconf 82' lang='lat' dir='ltr'><strong>ad</strong></span> <span class='ocrx_word' id='word_1_579' title='bbox 1498 3093 1590 3123; x_wconf 84' lang='lat' dir='ltr'><strong>Fam.</strong></span> <span class='ocrx_word' id='word_1_580' title='bbox 1614 3093 1640 3123; x_wconf 92' lang='lat' dir='ltr'><strong>I.</strong></span> <span class='ocrx_word' id='word_1_581' title='bbox 1670 3093 1698 3129; x_wconf 82' lang='lat'><strong>9,</strong></span> <span class='ocrx_word' id='word_1_582' title='bbox 1724 3092 1772 3121; x_wconf 85' lang='lat'><strong>10.</strong></span> 
     </span>
    </p>

    <p class='ocr_par' dir='ltr' id='par_1_19' title="bbox 1230 3141 2044 3187">
     <span class='ocr_line' id='line_1_74' title="bbox 1230 3141 2044 3187; baseline -0.004 -12"><span class='ocrx_word' id='word_1_583' title='bbox 1230 3145 1274 3183; x_wconf 77' lang='lat' dir='ltr'><strong>Is,</strong></span> <span class='ocrx_word' id='word_1_584' title='bbox 1297 3156 1381 3187; x_wconf 78' lang='lat' dir='ltr'><strong>quem</strong></span> <span class='ocrx_word' id='word_1_585' title='bbox 1406 3148 1439 3175; x_wconf 66' lang='lat' dir='ltr'><strong>m</strong></span> <span class='ocrx_word' id='word_1_586' title='bbox 1463 3144 1613 3176; x_wconf 74' lang='lat' dir='ltr'><strong>neminem</strong></span> <span class='ocrx_word' id='word_1_587' title='bbox 1630 3146 1728 3184; x_wconf 66' lang='lat' dir='ltr'><strong>pala-5·</strong></span> <span class='ocrx_word' id='word_1_588' title='bbox 1751 3154 1783 3174; x_wconf 70' lang='lat' dir='ltr'><strong>o:</strong></span> <span class='ocrx_word' id='word_1_589' title='bbox 1808 3152 1906 3186; x_wconf 77' lang='lat' dir='ltr'><strong>quem</strong></span> <span class='ocrx_word' id='word_1_590' title='bbox 1930 3147 1964 3174; x_wconf 83' lang='lat' dir='ltr'><strong>tu</strong></span> <span class='ocrx_word' id='word_1_591' title='bbox 1991 3141 2044 3175; x_wconf 82' lang='lat' dir='ltr'><strong>hu-</strong></span> 
     </span>
    </p>
   </div>
  </div>
 </body>
</html>
