2117 3533
694 185 800 226 LIB.
836 185 910 226 VI.
945 186 1029 227 ΕΡ.
1068 188 1106 226 l.
1143 190 1182 227 2.
1731 184 1814 224 267

63 324 93 363 V
97 323 158 363 olo
193 338 277 363 esse
311 323 472 377 aliquod
506 327 824 364 monumentum.
876 322 956 363 Odi
990 322 1107 362 falsas
1141 321 1422 375 inscriptiones
1457 324 1681 360 statuarum
1726 319 1817 359 alie-

58 409 212 435 narum.
268 395 345 435 Sed
378 401 425 436 ut
457 395 534 436 tibi
568 394 758 450 placebit,
793 394 992 448 faciesque
1026 410 1102 444 me,
1138 395 1180 435 in
1214 408 1332 448 quem
1368 393 1473 433 diem
1508 393 1686 433 Romana
1719 392 1817 432 inci-

57 467 154 508 dant
186 468 386 522 mysteria,
423 468 629 509 certiorem
665 473 705 508 et
739 467 936 521 quomodo
963 468 1166 508 hiemaris.
1202 467 1307 507 Cura
1330 471 1376 507 ut
1396 466 1540 507 valeas.
1572 466 1669 506 Post
1692 466 1817 506 Leuc-

55 541 198 581 tricam
233 556 413 596 pugnam
448 541 512 581 die
548 540 904 595 septingentesimo
939 541 1183 595 sexagesimo
1219 540 1373 593 quinto.

95 714 188 753 Ipsas
209 714 363 744 Athenas.
389 713 448 745 “Si
471 719 556 744 recte
579 724 612 745 se
635 715 909 751 habet‚Athenae

54 766 141 807 ipsae
190 771 401 806 opponuntur
437 767 598 797 Eleusini.
642 767 794 798 Fortasse
830 768 909 799 istas

53 820 190 859 (tuas).”
213 819 368 851 Orellius.

102 871 176 902 Volo
198 882 264 903 esse
286 872 415 913 aliquod
435 875 670 903 monumenlum.
700 874 818 903 Manca
841 883 910 904 sen·
935 868 936 877 ¹

52 925 164 961 tentia,
189 925 254 955 nisi
276 925 374 955 addas
397 935 504 955 meum.

97 977 156 1008 Odi
168 977 280 1018 salsas
301 978 522 1019 inscriptiones
542 981 720 1009 statuarum
736 979 909 1008 alienarum

52 1041 86 1061 οε
117 1036 265 1072 poteram
293 1032 421 1063 minore
456 1037 588 1072 sumptu
623 1037 748 1063 statuae
784 1033 911 1063 alienae
936 1060 937 1063 ,

936 1081 937 1092 ³
960 1086 1010 1112 tae
1033 1086 1110 1112 sunt
1132 1086 1162 1111 et
1185 1079 1367 1110 dominatio
1390 1078 1528 1109 sublata.
1552 1076 1600 1107 Cf.
1625 1075 1742 1106 similis
1758 1084 1818 1104 no-

52 1093 162 1114 meum
185 1088 281 1124 caput
304 1084 472 1124 imponere
496 1089 527 1114 et
550 1084 583 1114 in
615 1084 684 1114 basi
714 1094 825 1114 meum
856 1095 911 1114 no-

52 1145 128 1167 men
152 1136 338 1172 inscribere,
364 1137 420 1167 sed
452 1137 551 1167 talem
583 1136 731 1168 fraudem
763 1138 827 1168 odi.
872 1138 911 1167 Id

53 1189 141 1228 quod
164 1188 280 1220 Cicero
302 1189 436 1220 nolebat
459 1189 573 1226 facere,
599 1190 657 1220 illo
673 1196 819 1230 tempore
836 1190 911 1220 adu-
934 1219 935 1232 χ

53 1241 175 1271 latione
198 1240 397 1272 Graecorum
422 1241 543 1272 factum
562 1252 631 1273 esse
654 1243 749 1273 docet
771 1242 859 1272 Plut.
876 1243 910 1272 in

958 710 1142 749 κολοσσοὺς
1162 709 1472 756 ἐπιγεγραμμένους
1491 703 1689 745 Ἀντωνίους
1705 701 1817 742 Ἀθή-

934 777 1066 801 1ἾΙΥΙΕῊΊΙ.

975 804 980 813 ¹
1001 814 1139 844 Romana
1164 814 1321 854 mysteria.
1345 812 1396 843 Cf.
1420 813 1460 842 ad
1484 811 1524 841 V.
1549 812 1598 847 21,
1623 811 1671 840 14.

1002 869 1194 899 Leuctricam
1211 879 1347 909 puynam
1372 867 1514 907 appellat
1535 866 1669 896 caedem
1692 864 1729 894 P.
1745 864 1817 894 Clo-

960 924 1006 954 dii
1028 923 1063 953 in
1086 923 1141 952 via
1154 922 1265 962 Appia
1281 932 1299 951 a
1314 920 1451 951 Milonis
1468 919 1569 950 servis
1588 922 1816 958 perpetratam,

936 973 937 988 ³
961 986 1025 1016 qua
1047 976 1152 1006 otium
1175 975 1208 1005 in
1224 975 1305 1005 urbe
1323 973 1514 1004 restitutum
1529 977 1586 1008 est,
1602 975 1638 1001 ut
1651 970 1817 1010 quondam

960 1029 1134 1060 Leuctrica
1157 1037 1267 1068 pugna
1286 1025 1626 1057 Lacedaemoniorum
1639 1024 1724 1054 vires
1739 1023 1818 1052 frac-

958 1135 1038 1165 tat-io
1053 1135 1119 1165 diei
1136 1134 1306 1164 literarum
1323 1133 1472 1162 dat-arum
1482 1131 1524 1161 V.
1536 1131 1583 1168 13,
1593 1131 1621 1160 1.
1634 1129 1741 1161 Clodii
1750 1138 1817 1159 cae-

958 1191 1014 1220 des
1028 1189 1145 1219 incidit
1157 1189 1190 1219 in
1204 1199 1230 1218 a.
1242 1189 1272 1218 d.
1291 1187 1383 1218 XIII
1396 1187 1473 1217 Kal.
1488 1185 1585 1216 Febr.
1595 1196 1622 1215 a.
1633 1185 1703 1216 702.
1725 1184 1818 1214 Haec

934 1236 935 1239 ¹
959 1243 1096 1283 epistola
1119 1243 1191 1272 data
1217 1246 1264 1272 est
1287 1251 1314 1271 a.
1338 1241 1368 1271 d.
1393 1240 1444 1269 VI
1468 1239 1544 1269 Kal.
1566 1239 1664 1269 Mart.
1682 1248 1709 1267 a.
1726 1236 1796 1269 704.

52 1293 133 1324 Ant.
158 1294 197 1323 60
224 1293 328 1324 citans
358 1290 434 1330 τοὺς
462 1292 631 1339 Εὐμένους
658 1291 715 1326 καὶ
743 1287 910 1326 Ἀττάλου
934 1291 935 1312 l

676 1404 739 1443 H.
806 1404 870 1455 (A.
913 1403 957 1443 U.
997 1403 1038 1441 C.
1077 1402 1193 1454 704.)

117 1506 156 1544 1.
191 1505 326 1555 Quum
361 1504 616 1558 Philogenes,
650 1503 820 1544 libertus
854 1508 963 1553 tuus,
1000 1501 1242 1543 Laodiceam
1276 1501 1325 1542 ad
1360 1516 1422 1541 me
1458 1499 1661 1541 salutandi
1696 1515 1816 1540 causa

53 1577 227 1617 venisset
259 1582 299 1618 et
332 1592 372 1617 se
408 1576 542 1617 statim
578 1575 627 1617 ad
662 1581 701 1617 te
734 1575 1019 1630 navigaturum
1054 1590 1138 1615 esse
1173 1574 1337 1624 diceret,
1373 1573 1445 1614 has
1479 1573 1515 1614 ei
1548 1573 1684 1614 literas
1708 1572 1815 1623 dedi,

53 1648 199 1703 quibus
232 1649 282 1690 ad
317 1666 382 1691 eas
415 1650 614 1705 rescripsi,
650 1665 748 1704 quas
783 1664 1014 1705 acceperam
1048 1664 1070 1689 a
1093 1649 1211 1690 Bruti
1234 1647 1457 1689 tabellario.
1491 1648 1546 1688 Et
1567 1646 1817 1702 respondebo

51 1722 224 1777 primum
257 1728 480 1778 Postremae
513 1726 607 1763 tuae
640 1722 824 1777 paginae,
874 1736 976 1776 quae
1010 1722 1111 1762 mihi
1143 1736 1311 1776 magnae
1344 1720 1549 1761 molestiae
1583 1719 1674 1770 fuit,
1711 1719 1817 1773 quod

52 1795 101 1836 ad
135 1801 173 1836 te
209 1797 402 1851 scriptum
437 1800 498 1836 est
531 1811 553 1836 a
586 1795 727 1835 Cincio
761 1795 809 1835 de
845 1794 963 1836 Statii
998 1809 1191 1844 sermone,
1226 1794 1269 1834 in
1293 1808 1371 1847 quo
1394 1793 1470 1833 hoe
1493 1792 1819 1833 molestissimum

51 1872 123 1917 est,
160 1869 332 1910 Statium
368 1869 498 1910 dicere
532 1885 554 1909 a
587 1884 649 1908 me
684 1883 841 1923 quoque
876 1868 917 1908 id
962 1868 1174 1909 consilium
1219 1867 1393 1922 probari.
1446 1865 1613 1906 Probari
1658 1867 1818 1906 autem?

54 1940 113 1981 De
146 1941 224 1981 isto
258 1942 467 1984 hactenus.
518 1942 698 1983 Dixerim
733 1957 796 1982 me
830 1941 891 1982 vel
935 1941 1109 1996 plurima
1154 1941 1286 1982 vincla
1328 1946 1463 1981 tecum
1507 1954 1684 1980 summae
1727 1955 1818 1981 0011-

51 2013 269 2056 iunctionis
303 2021 455 2071 optare,
491 2016 566 2056 etsi
601 2020 696 2056 sunt
730 2016 874 2056 amoris
910 2016 1130 2066 artissima3
1165 2019 1325 2056 tantum
1360 2013 1486 2064 abest,
1522 2017 1568 2053 ut
1590 2027 1663 2067 ego
1687 2028 1732 2053 ex
1757 2028 1816 2062 eo,

1175 2089 1297 2129 11111111
1331 2092 1465 2129 autem
1499 2086 1625 2127 multa
1659 2086 1707 2126 de
1730 2086 1818 2126 istis

53 2158 171 2199 rebus
215 2161 393 2214 asperius
439 2162 562 2202 solere
607 2161 717 2215 loqui
764 2177 878 2216 saepe
924 2176 1013 2202 sum
1046 2166 1247 2216 expertus,
1283 2176 1398 2215 saepe
1431 2160 1551 2201 etiam
1585 2159 1708 2199 lenivi
1742 2159 1817 2199 ira-

54 2102 132 2140 quo
167 2087 349 2129 adstricti
384 2104 535 2140 sumus,
571 2089 695 2129 laxari
731 2089 883 2144 aliquid
918 2089 1052 2129 velim.
1100 2092 1122 2129 2

53 2237 154 2272 tum.
212 2232 259 2272 Id
296 2233 396 2274 seire
429 2238 468 2274 te
504 2233 688 2275 arbitror.
744 2234 794 2275 In
827 2233 902 2274 hac
937 2238 1070 2274 autem
1104 2233 1424 2289 peregrinatione
1457 2233 1649 2274 militiave
1683 2236 1816 2272 nostra

1146 2307 1256 2358 Quid
1301 2307 1350 2348 ad
1397 2306 1571 2348 Statium
1617 2304 1819 2359 scripserit

52 2377 202 2417 nescio.
250 2378 461 2433 Quidquid
497 2385 660 2420 acturus
695 2379 743 2420 de
777 2379 849 2420 tali
884 2395 924 2419 re
960 2380 1051 2431 fuit,
1087 2379 1344 2422 scribendum
1377 2384 1511 2421 tamen
1547 2379 1595 2419 ad
1630 2377 1818 2418 libertum

53 2319 166 2359 saepe
201 2305 411 2347 incensum
455 2308 514 2348 ira
558 2307 656 2357 vidi,
703 2322 819 2362 saepe
860 2307 1078 2361 placatum.

53 2465 132 2489 non
168 2450 259 2490 fuit.
303 2452 410 2492 Mihi
445 2456 580 2493 autem
614 2452 690 2492 erit
723 2452 918 2493 maximae
953 2467 1085 2503 curae,
1121 2468 1171 2493 ne
1205 2452 1302 2507 quid
1337 2453 1405 2493 fiat
1439 2467 1566 2501 secus,
1602 2466 1719 2505 quam
1756 2466 1818 2490 vo-

48 2522 181 2563 lumus
215 2539 415 2579 quamque
451 2530 620 2580 oportet.
666 2526 754 2567 Nee
788 2526 884 2567 satis
919 2530 979 2566 est
1015 2527 1058 2567 in
1094 2527 1292 2567 eiusmodi
1323 2542 1363 2567 re
1398 2542 1438 2566 se
1473 2540 1671 2579 quemque
1707 2540 1817 2579 prae-

53 2603 170 2647 stare,
216 2613 261 2638 ac
294 2598 492 2639 maximae
526 2604 658 2653 partes
692 2599 809 2640 istius
844 2599 961 2639 0111011
998 2606 1092 2639 sunt
1126 2599 1240 2654 pueri
1275 2599 1479 2640 Ciceronis
1514 2598 1594 2638 sive
1623 2598 1703 2638 iam
1727 2597 1818 2638 ado<

98 2738 133 2770 17
159 2738 231 2779 [ao]
257 2739 408 2770 maximae
432 2759 470 2761 —

94 2858 112 2895 ξ
135 2858 162 2887 1.
186 2857 292 2888 Statii.
314 2858 364 2889 De
386 2859 449 2889 hoc
472 2860 605 2891 homine
622 2861 687 2891 vid.
704 2862 743 2891 ad
762 2862 803 2892 11.
824 2862 870 2897 18,
884 2864 913 2891 42.

95 2910 135 2941 Id
156 2911 315 2942 consilium
332 2912 449 2949 fratris,
472 2914 529 2954 qui
546 2915 585 2945 de
601 2915 796 2946 dimittenda
811 2926 914 2946 uxore

53 2963 230 3003 cogitabat.

92 3016 227 3047 Probarz'
249 3022 351 3048 autem
361 3019 380 3048 f
403 3018 453 3050 Cf.
477 3020 517 3049 ad
542 3020 582 3050 V.
608 3021 656 3056 13,
681 3022 707 3050 3.

94 3072 141 3102 De
163 3073 224 3103 isto
241 3074 403 3105 hactenus.
427 3076 577 3106 Utuntur
594 3076 733 3107 formula
751 3078 829 3107 llaec
844 3078 915 3108 kac-

54 3126 153 3162 (ems,
177 3126 233 3166 qui
257 3128 401 3158 sermoni
424 3129 463 3159 de
488 3129 596 3169 aliqua
622 3139 655 3160 re
686 3131 785 3160 finem
817 3130 915 3171 impo-

54 3182 146 3214 nunt,
170 3179 210 3210 ad
233 3180 297 3210 alia
310 3187 494 3222 pergentes.
519 3182 557 3212 Iu
573 3192 661 3223 seqq.
676 3187 784 3214 antem
802 3183 916 3215 Cicero

962 2864 993 2893 id
1017 2864 1094 2902 agit,
1117 2868 1152 2893 ut
1174 2865 1324 2894 ostendat
1346 2864 1523 2894 eonsilium
1547 2863 1653 2894 fratris
1684 2863 1820 2893 minime

962 2915 1024 2945 sibi
1047 2915 1187 2955 probari.
1212 2915 1323 2953 Quare
1346 2925 1469 2953 vereor,
1494 2926 1535 2946 ne
1558 2921 1747 2956 corruptum
1769 2915 1820 2945 sit.

963 2968 1121 3008 Displicet
1144 2978 1274 3009 quoque
1295 2969 1475 3000 modestiae
1498 2968 1706 3009 significatio,
1737 2977 1820 3008 quae

963 3022 997 3052 in
1026 3022 1107 3062 perf.
1129 3023 1214 3052 coni.
1243 3022 1377 3052 dixerim
1406 3022 1501 3053 inest.
1530 3022 1683 3053 Fortasse
1712 3022 1822 3061 legen-

939 3071 941 3103 }
962 3075 1058 3105 dum:
1094 3074 1142 3104 De
1165 3074 1224 3104 islo
1248 3075 1304 3105 Ιιοσ
1326 3077 1436 3105 teneas
1458 3075 1557 3112 velim,
1580 3085 1627 3105 me
1649 3079 1708 3106 cet.

1007 3129 1025 3167 ξ
1041 3129 1069 3158 2.
1092 3127 1128 3158 Se
1145 3138 1290 3169 quemque
1296 3130 1475 3167 praestare.
1495 3128 1665 3159 Praestare
1677 3127 1820 3168 aliquem

963 3186 1011 3212 est
1040 3182 1193 3222 praedem
1224 3191 1293 3212 esse
1322 3192 1379 3222 pro
1415 3181 1525 3223 aliquo
1562 3186 1593 3212 et
1629 3181 1819 3222 periculum,

1842 2099 1873 2124 10

1843 2464 1873 2490 15
