2117 3533
784 132 891 197 ΠΒ.
926 156 961 197 1.
996 155 1079 196 ΕΡ.
1116 155 1186 195 13.

1812 147 1863 188 27

101 293 359 336 Amaltheam
398 297 510 333 tuam
551 291 725 333 victimis
760 290 896 331 statim
930 305 1013 332 esse
1048 289 1097 330 ad
1131 288 1339 343 Sicyonem
1374 282 1685 342 oppugnandam
1718 281 1869 338 profec-

105 372 206 418 tum,
240 381 369 420 neque
402 370 537 407 tamen
570 365 612 406 id
645 364 778 419 ipsum
812 368 965 405 certum
996 362 1138 413 habeo,
1174 361 1334 416 quando
1368 360 1418 401 ad
1451 357 1676 400 Antonium
1695 356 1870 411 proficis-

107 455 194 480 care
228 442 298 479 aut
331 438 427 492 quid
461 438 502 478 in
537 438 660 493 Epiro
693 437 883 492 temporis
917 452 1055 493 ponas.
1090 436 1154 476 Ita
1186 449 1315 489 neque
1344 433 1534 475 Achaicis
1551 429 1784 472 hominibus
1804 445 1870 470 ne-

107 528 182 567 que
216 510 431 566 Epiroticis
464 509 598 565 paullo
631 509 837 550 liberiores
870 509 1006 550 literas
1041 507 1287 548 committere
1322 505 1463 547 audeo.
1518 508 1557 545 9..
1600 505 1704 544 Sunt
1738 506 1872 543 autem

106 589 197 640 post
230 583 447 624 discessum
483 597 505 622 a
537 597 599 622 me
632 586 747 622 tuum
782 596 844 622 res
879 581 1022 635 dignae
1056 579 1182 620 literis
1215 578 1379 628 nostris,
1407 577 1475 619 sed
1506 591 1587 617 11011
1622 575 1872 616 committen-

107 657 179 698 dae
214 655 410 697 eiusmodi
442 655 633 710 periculo,
679 659 726 695 ut
759 660 828 695 aut
861 654 1024 695 interire
1058 658 1128 694 aut
1172 652 1316 708 aperiri
1361 655 1431 692 aut
1473 648 1660 703 intercipi
1703 647 1872 702 possint.

107 729 288 770 Primum
320 729 445 783 igitur
480 729 579 769 scito
612 729 786 783 primum
820 743 881 768 me
915 743 996 768 non
1037 742 1121 768 esse
1166 730 1350 780 rogatum
1393 722 1632 765 sententia-m
1674 720 1874 775 praeposi-

106 808 272 857 tumque
306 818 389 843 esse
422 801 539 842 nobis
572 802 865 856 pacificatorem
899 801 1175 855 Allobrogum,
1217 799 1338 852 idque
1372 796 1698 838 admurmurante
1734 798 1875 835 senatu

108 890 236 930 neque
270 891 332 916 me
365 876 492 916 invito
526 890 608 916 esse
644 875 808 916 factum.
844 876 940 916 Sum
974 874 1081 915 enim
1105 878 1144 914 et
1164 872 1213 914 ab
1239 869 1484 913 observando
1502 868 1664 909 homine
1693 882 1875 922 perverso

149 1023 165 1054 1
190 1021 425 1064 oppa-quandum
441 1022 627 1063 profectwn.
650 1022 754 1064 Neque
778 1019 817 1045 —'

109 1179 185 1206 nem,
209 1174 243 1200 ut
259 1169 383 1209 pelleqo
405 1179 463 1209 pro
480 1169 617 1209 perleqo,
642 1170 727 1209 quod
758 1168 893 1200 fortasse
924 1169 965 1200 fe·
991 1187 992 1190 =

108 1225 248 1255 rendum
270 1225 354 1264 apud
379 1223 534 1253 Plautum
557 1223 644 1254 Pers.
669 1224 729 1253 IV.
754 1225 781 1260 3,
800 1228 885 1254 certe
900 1223 966 1263 pel-

108 1276 233 1307 lucendi
248 1276 399 1315 analogia
416 1276 610 1312 defenditur,
627 1277 666 1306 de
676 1277 770 1316 plebe
778 1276 966 1306 hominibus

109 1334 143 1360 ut
166 1329 344 1360 tabellariis
360 1329 394 1359 in
410 1339 465 1359 ore
481 1328 579 1359 fuisse
595 1330 748 1369 suspicor.
774 1329 968 1360 Ciceronem

110 1384 173 1414 hoc
196 1383 355 1414 vocabulo
378 1393 466 1413 1111110
489 1392 585 1413 usum
608 1393 685 1419 esse,
710 1393 777 1413 non
801 1392 878 1413 vero
894 1382 968 1413 scri-

60 1437 67 1440 ’
111 1437 254 1467 bendum
277 1445 345 1466 esse
361 1445 421 1475 per
444 1434 604 1466 lectionem
629 1441 659 1466 et
672 1435 786 1475 optimi
800 1435 876 1465 libri
889 1435 968 1465 Mss.

110 1495 141 1521 et
163 1489 346 1520 observatio
362 1489 606 1520 consuetudinis
627 1489 802 1519 Tullianae
818 1492 968 1528 arguunt.

151 1541 280 1573 Accedit
304 1551 346 1578 eo,
371 1541 452 1582 quod
472 1542 545 1572 milei
561 1552 621 1572 nola
637 1544 653 1580 †
668 1544 723 1577 est,
740 1544 772 1571 ut
789 1542 916 1583 quisque
929 1560 970 1563 ——

104 1595 324 1636 proficiscitur.
368 1595 408 1625 In
439 1595 524 1624 libro
553 1595 641 1625 Med.
673 1595 833 1625 omittitur
860 1596 904 1630 at,
935 1594 968 1624 in

111 1649 194 1679 codd
227 1648 431 1688 Malaspinae
454 1652 484 1678 et
506 1649 575 1678 cod.
598 1648 748 1688 Hispano
778 1649 834 1678 est.
864 1647 969 1678 Mani-

112 1701 229 1732 festum
253 1706 299 1732 est
322 1701 446 1741 aliquid
469 1700 638 1731 excidisse.
661 1701 759 1739 Quod
782 1705 856 1731 vett.
881 1700 969 1730 editt.

112 1755 249 1786 liabent:
281 1773 322 1776 ——
350 1753 430 1795 qnod
458 1754 532 1783 mihi
563 1764 621 1784 72072
653 1756 698 1784 est
729 1756 841 1789 nolum,
873 1755 907 1782 vt
930 1771 971 1774 ——

106 1806 334 1847 ],›7-qsiei31³tale{2·‚
367 1817 383 1836 a
413 1806 580 1837 Ciceronis
609 1812 719 1837 mente
749 1806 894 1836 alienum
923 1809 971 1836 est

113 1861 314 1901 minimeque
336 1861 487 1891 cohaeret
515 1870 590 1891 cum
619 1860 779 1891 sententia
811 1859 968 1900 sequenti,

115 1927 177 1957 qua
199 1917 279 1947 haec
303 1917 518 1957 explicantur.
541 1917 617 1947 Non
641 1917 750 1947 minus
774 1921 857 1946 errat
880 1914 970 1946 Orel-

114 1972 176 2002 lius
199 1976 314 2011 putans
336 1971 397 2001 1100
421 1971 527 2002 dicere
550 1971 748 2011 scriptorem,
769 1980 827 2000 non
836 1969 971 2010 perinde

114 2026 176 2056 sibi
199 2036 274 2062 esse,
298 2026 354 2065 qui
374 2026 604 2066 proficiscatur,
627 2030 735 2056 utrum
751 2025 850 2055 1101110
864 2024 970 2055 fidelis

115 2090 155 2109 an
178 2079 318 2119 pertidus
341 2088 377 2108 00
398 2078 490 2108 levis.
512 2078 600 2108 Nam
622 2079 661 2108 de
681 2087 718 2107 eo
734 2077 810 2107 satis
826 2077 969 2113 dixerat3

116 2142 202 2163 1111110
225 2132 313 2162 aliud
336 2132 433 2168 addit,
457 2142 521 2171 (1110
545 2142 636 2162 5110111
660 2132 692 2161 111
717 2131 889 2161 scribendo
911 2135 971 2160 tar—

115 2185 249 2216 ditatem
271 2190 416 2215 excuset.
445 2184 620 2214 Nesciebat
642 2184 740 2220 enim,
763 2183 819 2213 ubi
842 2183 972 2213 Atticus

117 2245 304 2273 moraretur,
336 2238 369 2267 111
398 2237 499 2277 Epiro
528 2247 568 2266 an
603 2237 687 2276 apud
715 2236 901 2266 Antonium
931 2245 971 2265 an

119 2290 270 2329 Sicyone.
294 2289 341 2320 Cf.
358 2300 405 2329 ep.
424 2290 471 2325 16,
490 2290 536 2319 16.
562 2289 692 2320 Poterat
707 2289 821 2319 scribi:
838 2307 879 2310 ——
893 2287 974 2329 qnod

119 2345 193 2374 milla·
218 2355 278 2375 non
299 2345 393 2375 bonus
416 2347 470 2381 est,
496 2346 529 2374 ut
551 2345 676 2385 quisque
704 2345 736 2375 in
765 2344 802 2375 E.
828 2343 972 2385 prqficis-

118 2398 200 2428 eilm-
230 2409 261 2429 a:
293 2399 418 2439 quoties
449 2399 566 2439 aliquis
603 2399 637 2429 in
675 2399 712 2429 Ε.
749 2399 971 2439 proficiscitur,

119 2452 200 2482 mihi
222 2462 289 2482 non
311 2452 400 2482 utilis
424 2457 480 2482 est.
520 2452 569 2483 De
591 2452 653 2482 hoc
674 2462 735 2482 usu
758 2463 788 2482 v.
815 2452 910 2482 homes
932 2451 972 2481 cf.

119 2506 223 2536 Kritz.
246 2506 286 2535 ad
309 2505 375 2536 Sal.
397 2506 469 2545 Ing.
494 2505 541 2542 17,
566 2508 582 2535 5
608 2511 639 2536 et
668 2506 716 2542 82,
748 2507 775 2536 2.
815 2506 886 2537 Alii
909 2515 973 2535 nia-

120 2558 204 2588 lent:
229 2568 289 2587 mm
306 2557 436 2598 prodest
460 2563 514 2588 aut
536 2568 596 2588 non
620 2568 657 2588 er
679 2568 737 2588 usa
761 2561 817 2595 est,
835 2559 921 2598 quod
940 2559 974 2588 in

120 2617 263 2641 mentem
285 2611 375 2641 venit
398 2611 566 2641 Bernardo
589 2616 643 2642 ten
668 2611 782 2648 Brink,
807 2612 827 2641 l.
851 2622 877 2641 0.

164 2663 268 2694 (hesis
290 2663 374 2704 apud
395 2664 592 2694 Anmltlzeam
614 2666 698 2694 tecam
723 2665 865 2695 vielimis.
904 2664 975 2695 Diis

120 2716 281 2746 faciebant
310 2717 519 2757 imperatores
554 2718 595 2747 ad
631 2718 754 2748 belluni
791 2717 975 2758 profecturi.

120 2828 223 2854 tuerat
246 2822 423 2863 Sicyonem
445 2834 633 2864 oppugnare
656 2835 688 2855 o:
719 2824 896 2865 Sicyonem
925 2833 976 2864 pe—

120 2880 197 2912 tere,
227 2882 261 2906 ut
290 2886 406 2907 numos
437 2887 455 2906 a
489 2877 690 2908 debitoribus
726 2878 883 2917 exigeret.
927 2876 975 2908 Cf.

125 2983 161 3011 is
190 2982 221 3012 h.
252 2982 272 3012 l.
302 2982 384 3022 Leg.
414 2982 459 3012 ΙΙ.
489 2984 516 3019 3,
549 2982 581 3021 7)
612 2988 679 3013 erat
709 2993 829 3014 nomen
852 2984 1000 3030 praedii]

122 3034 280 3074 Epirotici
302 3035 342 3065 ad
363 3034 485 3065 flumen
509 3035 684 3075 Thyamim,
708 3036 754 3066 sic
776 3036 853 3066 dicti
870 3037 910 3066 ab
924 3046 977 3066 an-
1000 3035 1001 3038 ’

122 3087 212 3128 tiquo
224 3088 345 3119 sacello
360 3088 556 3119 Amaltheae
567 3088 599 3119 N
600 3089 740 3130 ymphae
756 3089 810 3129 (cf.
820 3090 864 3127 ΙΙ,
874 3090 922 3127 20,
933 3090 976 3129 2),
1000 3123 1001 3136 2

123 3142 210 3182 quod
231 3142 362 3173 Atticus
384 3142 627 3189 epigrammatis
649 3142 781 3175 Graecis
798 3148 829 3175 et
844 3144 976 3185 anagly-

1017 1168 1090 1209 phis
1121 1166 1274 1207 mythicis
1304 1165 1486 1196 exornavit.
1532 1164 1579 1195 Cf.
1619 1162 1720 1196 Orell.
1757 1162 1875 1194 Onom.

1016 1221 1104 1251 Tull.
1127 1230 1157 1260 p.
1181 1221 1230 1250 33.

1057 1273 1109 1303 Ad
1130 1272 1286 1312 Sicyonem
1311 1270 1557 1312 omnsynandam.
1580 1271 1630 1301 Ita
1659 1270 1773 1310 scripsi
1803 1279 1877 1300 cum

1015 1327 1189 1358 Lambino.
1234 1320 1324 1357 Male
1359 1325 1457 1356 ceteri
1489 1325 1628 1356 editores
1657 1328 1878 1364 propagarunt

1017 1390 1160 1411 errorem
1182 1381 1275 1410 codd.
1299 1378 1546 1419 oqufflzandzmz.
1590 1377 1732 1408 Deberet
1762 1377 1877 1407 saltem

1017 1443 1085 1464 esse
1109 1433 1152 1462 ad
1174 1432 1408 1472 cqqmyncmdnm
1426 1430 1581 1470 Sicyonem
1593 1443 1602 1466 ;
1621 1440 1820 1470 quamquam
1836 1439 1878 1460 ne

1016 1487 1078 1516 hoe
1094 1486 1227 1526 quidem
1246 1485 1439 1515 Tullianum
1455 1493 1524 1514 esse
1537 1483 1772 1514 demonstravit
1787 1483 1878 1513 Mad-

1016 1539 1124 1579 vigius
1148 1537 1208 1578 Op.
1231 1538 1335 1568 Acad.
1359 1538 1385 1567 Ι.
1408 1547 1438 1577 p.
1464 1537 1524 1567 380
1547 1546 1637 1576 seqq.
1668 1535 1719 1566 eff.
1752 1545 1879 1576 (1110(1110

1016 1592 1154 1632 Reisigii
1178 1591 1288 1622 Schol.
1313 1592 1330 1630 ξ
1354 1591 1424 1620 441.
1469 1590 1556 1620 Nam
1580 1590 1619 1620 de
1649 1589 1794 1620 nominis
1826 1598 1878 1629 ge-

1018 1656 1095 1677 nere
1118 1646 1209 1676 nulla
1232 1645 1391 1675 dubitatio
1414 1649 1471 1675 est.
1494 1644 1541 1674 Ut
1560 1643 1676 1675 Graeci
1692 1648 1880 1674 constanter

1017 1699 1078 1735 τὴν
1110 1701 1259 1732 Σικυῶνα
1282 1704 1409 1736 vocant,
1434 1699 1480 1729 sic
1504 1698 1656 1729 feminini
1680 1698 1810 1739 generis
1828 1698 1879 1728 ad-

1017 1758 1173 1788 iectivum
1195 1758 1317 1787 addunt
1341 1756 1478 1788 Ovidius
1502 1757 1535 1787 111
1560 1757 1653 1787 Ibide
1687 1757 1756 1793 319,
1787 1757 1880 1787 Iuve-

1018 1810 1102 1840 nalis
1125 1809 1192 1840 Sat.
1214 1809 1276 1839 III.
1302 1809 1350 1845 69,
1375 1808 1496 1839 Statius
1519 1809 1623 1839 Theb.
1647 1809 1708 1839 IV.
1733 1809 1781 1838 50.

1061 1866 1079 1905 ξ
1102 1865 1130 1895 2.
1154 1863 1289 1894 Primum
1308 1869 1367 1894 cet.
1392 1863 1496 1904 Saepe
1512 1864 1683 1904 scriptores
1699 1864 1733 1894 in
1751 1873 1880 1894 enume-

1018 1919 1120 1949 rando
1134 1922 1205 1958 post
1220 1917 1363 1957 primuni
1377 1918 1562 1948 membrum
1571 1918 1727 1948 orationis
1742 1917 1881 1948 formam

1018 1976 1154 2008 mutant,
1178 1976 1213 2001 ut
1236 1981 1254 2000 a
1276 1971 1389 2001 multis
1413 1975 1459 2001 est
1482 1971 1699 2007 observatum,
1724 1981 1740 2001 e
1763 1971 1880 2011 quibus

1019 2034 1122 2054 111111111
1145 2024 1242 2053 laudo
1265 2023 1474 2063 Madvigium
1497 2024 1536 2053 ad
1560 2023 1584 2054 C
1588 2023 1626 2053 10.
1657 2023 1731 2053 Fin.
1770 2034 1800 2063 p.
1831 2023 1879 2060 36,

1020 2077 1110 2107 cuius
1133 2076 1434 2107 animadversiones
1459 2076 1479 2106 l.
1503 2085 1530 2106 c.
1554 2086 1583 2116 p.
1608 2076 1635 2112 7,
1661 2076 1709 2112 86,
1741 2076 1801 2105 465
1832 2086 1881 2106 ca-

1021 2130 1151 2165 vebunt,
1187 2138 1228 2159 ne
1258 2128 1408 2168 repetitio
1442 2128 1588 2158 eiusdem
1618 2129 1770 2158 vocabuli
1801 2127 1882 2168 (pri-

1022 2192 1097 2211 mum
1121 2200 1162 2203 ——
1176 2182 1336 2221 primum),
1360 2182 1552 2221 praesertim
1574 2182 1702 2212 diversa
1725 2182 1757 2212 vi
1774 2181 1881 2222 positi,

1021 2243 1219 2274 quemquam
1241 2234 1393 2264 offendat.
1429 2234 1477 2265 De
1502 2244 1566 2274 (1110
1589 2234 1662 2264 1000
1686 2235 1784 2265 etiam
1807 2244 1881 2264 con-

1021 2287 1175 2317 sulendus
1197 2287 1223 2316 I.
1246 2286 1282 2316 F.
1306 2286 1452 2317 Reitzius
1474 2287 1508 2316 in
1532 2286 1699 2327 Apologia
1728 2287 1811 2317 libro
1842 2287 1882 2317 (10

1022 2339 1209 2378 Ambiguis,
1233 2338 1349 2369 mediis
1372 2343 1402 2369 et
1434 2339 1605 2369 contrariis
1634 2339 1820 2379 praemissa.
1851 2349 1881 2379 p.

1024 2394 1062 2423 18
1085 2403 1132 2433 sq.

1064 2449 1199 2480 Primum
1231 2460 1275 2480 me
1310 2459 1370 2480 non
1407 2458 1473 2480 esse
1509 2451 1647 2491 roqatum
1684 2449 1883 2480 sententiam.

1022 2503 1183 2544 Loquitur
1204 2504 1243 2534 de
1267 2513 1314 2540 00,
1339 2504 1425 2543 quod
1448 2502 1569 2538 factum
1592 2508 1639 2533 est
1662 2503 1696 2533 111
1720 2508 1834 2534 senatu
1865 2513 1884 2533 av

1023 2558 1069 2588 M.
1093 2558 1223 2594 Pisone,
1247 2557 1303 2597 qui
1325 2557 1401 2587 Kal.
1424 2557 1586 2587 Ianuariis
1616 2567 1691 2587 cum
1720 2557 1767 2587 M.
1798 2557 1882 2588 Mes-

1023 2612 1089 2642 sala
1124 2612 1331 2642 consulatum
1367 2611 1494 2642 inierat.
1538 2612 1638 2643 Recte
1670 2611 1882 2642 Casaubonus

1022 2666 1099 2695 hinc
1122 2665 1303 2705 suspicatur
1324 2665 1489 2705 superiore
1513 2675 1609 2702 anno,
1635 2666 1690 2705 qui
1713 2670 1781 2696 erat
1810 2670 1882 2705 post

998 2729 1000 2754 1
1024 2719 1122 2759 ipsius
1146 2719 1353 2749 consulatum
1375 2719 1507 2759 primus,
1532 2718 1725 2750 Ciceronem
1740 2719 1883 2759 primum

120 2770 244 2810 Lepide
266 2771 327 2801 hoc
350 2771 502 2801 transfert
524 2772 558 2801 in
586 2772 744 2809 Atticum,
775 2772 829 2812 (1111
859 2771 976 2802 consti-
1023 2774 1219 2805 sententiam
1242 2775 1374 2805 dixisse.
1398 2774 1447 2805 De
1463 2774 1586 2811 ordine,
1604 2784 1669 2814 quo
1685 2775 1797 2805 consul
1814 2784 1884 2805 sen-

1023 2828 1140 2858 tentias
1162 2827 1308 2867 rogabat,
1331 2827 1503 2868 praecipue
1526 2828 1659 2867 legendi
1680 2832 1755 2858 sunt
1770 2827 1885 2859 Cicero

998 2902 999 2922 1
1024 2880 1093 2910 Att.
1116 2879 1197 2910 ΧΠ.
1221 2881 1269 2916 21,
1294 2881 1321 2910 1.
1346 2880 1433 2910 Phil.
1458 2880 1499 2910 V.
1524 2882 1562 2911 35
1587 2885 1617 2911 et
1639 2880 1766 2911 Gellius
1782 2880 1823 2911 N.
1840 2881 1884 2911 A.

122 2939 171 2970 ep.
197 2930 243 2966 19,
268 2930 286 2960 9
308 2930 340 2960 h.
364 2930 385 2959 l.
408 2948 449 2951 —
472 2930 671 2960 Amaltheam
701 2931 764 2970 (ep.
796 2931 844 2968 16,
878 2932 914 2961 15
946 2936 977 2961 et
998 2934 999 2958 1

1024 2933 1084 2963 IV.
1109 2932 1157 2962 10.
1202 2932 1229 2963 E
1260 2933 1496 2964 recentioribus
1525 2932 1565 2962 cf.
1596 2933 1737 2965 Beckeri
1767 2933 1884 2974 Antiq.

1023 2987 1117 3018 Rom.
1140 2986 1185 3017 H.
1209 2987 1236 3023 2,
1260 2997 1290 3026 p.
1313 2988 1372 3017 425
1397 2996 1486 3027 seqq.

1066 3038 1305 3078 Pacificatorem
1327 3039 1535 3079 All0b›·oyum.
1560 3038 1595 3070 C.
1619 3038 1776 3070 Pisonem
1797 3040 1884 3077 dicit,

1025 3093 1065 3123 (10
1089 3102 1153 3132 quo
1175 3093 1320 3124 diximus
1343 3094 1384 3124 ad
1407 3102 1456 3134 ep.
1480 3093 1508 3129 1,
1533 3093 1560 3124 2.
1604 3092 1682 3125 Non
1706 3093 1777 3125 sine
1800 3103 1884 3125 0001·-

1028 3146 1125 3177 bitate
1158 3146 1255 3182 hune,
1287 3145 1343 3186 qui
1374 3145 1408 3177 in
1439 3144 1548 3178 Gallia
1585 3145 1730 3188 aliquem
1759 3151 1885 3178 motum
