2117 3533
674 176 779 217 LIB.
816 175 913 216 VH.
948 174 1032 215 ΕΡ.
1070 175 1140 213 15.
1180 174 1249 212 16.
1757 169 1842 210 321

81 313 230 355 aerario
264 318 337 362 est,
372 312 432 352 illi
465 310 710 364 reliquimus.
745 309 960 364 Pompeius
993 308 1042 350 ad
1076 307 1253 362 legiones
1287 306 1312 348 †
1337 304 1524 346 Attianas
1546 307 1607 344 est
1631 301 1844 357 profectus.

80 388 303 430 Labienum
338 400 473 427 secum
507 383 642 425 habet.
688 383 774 437 Ego
807 388 896 423 tuas
930 381 1139 437 opiniones
1174 379 1221 420 de
1255 378 1318 419 his
1352 376 1471 418 rebus
1504 380 1704 431 exspecto,
1751 375 1844 416 For-

79 461 179 502 mias
213 474 274 499 me
308 458 501 499 continuo
535 456 709 510 recipere
744 454 985 515 cogitabam.

121 695 136 725 l
160 694 205 724 ad
225 694 364 735 leqz'ones
387 693 540 724 Attianas
562 710 603 715 —

122 908 175 939 Ad
193 908 331 950 quz'ones
351 910 368 945 †
390 908 551 939 Attianus.
574 908 615 938 In
638 908 699 938 hac
722 917 801 938 voce
820 908 939 938 vitium
961 921 963 947 ς
986 909 1080 940 Attio
1102 909 1255 950 Peligno,
1277 910 1333 950 qui
1357 909 1554 941 Sulmonem
1570 908 1641 940 VII
1656 908 1843 940 cohortium

82 962 172 992 latet.
194 961 281 991 Nam
304 960 342 991 P.
365 960 463 997 Attii,
480 970 578 1001 quem
593 970 691 1000 supra
706 960 845 1000 legimus
863 960 939 991 Cin·
962 950 963 1001 1
986 963 1148 1003 praesidio
1171 963 1313 994 tenebat,
1347 962 1440 994 Caes.
1464 963 1502 994 B.
1527 962 1563 994 C.
1586 963 1615 993 I.
1639 963 1690 993 18.
1722 962 1844 993 Proba-

83 1014 153 1054 guli
175 1013 284 1050 fuisse,
315 1023 364 1053 ep,
396 1014 434 1043 13
458 1013 483 1050 b,
514 1014 542 1050 2,
573 1013 711 1054 leqz'ones
734 1013 847 1043 nullae
870 1013 937 1044 fue-
986 1016 1096 1047 biliter
1118 1021 1232 1047 contra
1251 1016 1386 1057 Lipsius
1408 1016 1590 1057 suspicatus
1610 1022 1660 1047 est
1676 1016 1843 1056 designari

82 1074 168 1107 runt,
203 1069 355 1106 cohorte&
393 1069 511 1109 quibus
545 1069 734 1100 Auximum
769 1069 886 1106 tenuit,
921 1079 939 1100 a
961 1108 963 1112 ,
985 1071 1066 1101 duas
1095 1071 1253 1111 legiones,
1281 1080 1365 1111 quae
1394 1079 1452 1111 per
1482 1070 1627 1111 speciem
1656 1070 1737 1101 belli
1766 1069 1844 1101 Par-

83 1122 231 1153 Caesaris
262 1121 363 1162 copiis
397 1122 503 1152 victae
535 1122 576 1152 ad
608 1122 696 1152 1111116
725 1122 938 1152 transierunt.
961 1130 963 1191 1
986 1124 1065 1154 thici
1096 1134 1115 1154 a
1142 1123 1281 1155 Caesare
1309 1124 1469 1155 abductae
1498 1128 1592 1155 erant
1621 1128 1653 1155 et
1683 1123 1845 1164 Pompeio

83 1174 177 1205 Caes.
199 1175 239 1205 B.
263 1173 300 1205 C.
324 1174 352 1204 I.
375 1174 425 1203 13.
458 1173 572 1203 Attius
595 1173 652 1204 illc
682 1174 791 1204 Varus
820 1174 939 1205 deinde
961 1199 962 1208 ,
986 1176 1133 1213 traditae,
1163 1185 1246 1216 quae
1279 1176 1442 1216 Appianae
1469 1176 1535 1207 diei
1563 1180 1723 1217 poterant,
1754 1186 1773 1207 a
1800 1177 1844 1207 le-

77 1227 111 1258 in
136 1227 286 1258 Africam
303 1227 438 1263 traiecit,
458 1227 568 1267 ibique
587 1228 716 1258 delectu
730 1228 843 1258 habito
858 1229 939 1259 duas
986 1235 1072 1269 gato,
1096 1229 1153 1269 qui
1175 1239 1228 1260 eas
1251 1230 1434 1261 adduxerat
1457 1239 1474 1260 e
1498 1228 1617 1260 Gallia.
1652 1229 1732 1260 Vid.
1754 1229 1844 1264 Plut.

79 1280 226 1319 legiones
249 1279 366 1316 effecit,
391 1279 468 1309 ibid.
503 1280 553 1309 31.
591 1279 657 1310 Sed
686 1280 760 1310 illas
790 1280 939 1320 legiones
960 1297 962 1326 3
986 1282 1019 1312 in
1044 1281 1158 1322 Pomp.
1183 1282 1221 1315 57
1243 1279 1326 1327 πρὸς
1346 1279 1386 1316 δὲ
1398 1281 1532 1320 τούτοις
1542 1274 1692 1319 ’Ἄππιος
1707 1280 1847 1326 ἀφίκετο

79 1342 139 1363 nec
162 1332 224 1369 hic,
248 1342 308 1363 1166
331 1332 364 1362 111
389 1341 439 1372 ep.
461 1332 511 1368 20,
536 1332 551 1362 1
578 1333 742 1363 nominari
765 1342 859 1373 posse
873 1343 938 1363 nia-
961 1329 962 1381 J
985 1333 1132 1379 κομίζων
1160 1333 1195 1367 ἐκ
1224 1332 1412 1375 Γαλατίας,
1445 1332 1487 1370 ἦν
1521 1330 1647 1380 ἔχρησε
1669 1331 1847 1380 Πομπηῖος

79 1386 234 1418 nil'est-uni
258 1392 314 1417 est.
360 1387 475 1425 Neque
498 1386 551 1416 1116
574 1387 788 1424 cogitandum
820 1392 868 1417 est
898 1388 938 1417 de
960 1387 962 1398 ⁵
986 1386 1137 1432 Καίσαρι
1166 1387 1346 1433 στρατιάν.

677 1567 796 1607 ΧΠ,
863 1568 925 1618 (A.
967 1567 1010 1606 U.
1050 1567 1091 1606 C.
1131 1566 1248 1618 705.)

146 1733 185 1773 1.
221 1731 372 1772 Omnes
406 1730 577 1772 arbitror
610 1729 707 1771 mihi
754 1734 843 1771 tuas
886 1729 1021 1770 literas
1065 1728 1243 1769 redditas
1286 1743 1385 1779 6556,
1430 1728 1500 1770 sed
1543 1729 1690 1785 primas
1734 1744 1844 1786 prae-

81 1810 251 1860 postere,
286 1803 460 1858 reliquas
494 1803 646 1853 ordine,
682 1818 761 1858 quo
794 1807 889 1843 sunt
930 1802 1088 1852 missae,
1135 1816 1203 1857 per
1247 1802 1489 1843 Terentiam.
1543 1802 1604 1844 De
1645 1802 1846 1844 mandatis

82 1877 263 1918 Caesaris
299 1876 555 1930 adventuque
588 1875 759 1917 Labieni
794 1880 834 1916 et
865 1875 1066 1930 responsis
1100 1874 1311 1915 consulum
1345 1890 1390 1916 ac
1425 1875 1608 1930 Pompeii
1630 1876 1771 1932 scripsi
1795 1876 1844 1918 ad

80 1955 119 1991 te
154 1949 279 1990 literis
312 1948 376 1998 iis,
411 1964 509 2002 quas
544 1964 579 1989 a.
614 1948 654 1989 d.
690 1962 728 1989 v.
761 1948 855 1989 Kal.
890 1947 1029 2002 Capua
1062 1946 1169 1998 dedi,
1204 1947 1398 2002 pluraque
1441 1953 1645 2003 praeterea
1676 1949 1720 1991 in
1754 1963 1846 1990 ean·
1886 1960 1901 1986 ε

83 2021 173 2063 (16111
207 2021 417 2076 epistolam
451 2022 619 2063 conieci.
655 2025 692 2062 2.
726 2022 849 2062 Nunc
881 2021 953 2062 has
987 2021 1304 2076 exspectationes
1337 2021 1530 2063 habemus
1553 2022 1673 2064 duas:
1708 2037 1845 2072 unam,

83 2094 180 2150 quid
214 2094 358 2136 Caesar
392 2100 553 2136 acturus
587 2095 653 2144 sit,
687 2110 812 2149 quum
845 2095 1042 2149 acceperit
1075 2110 1133 2145 ea,
1169 2110 1270 2149 quae
1306 2094 1511 2136 referenda
1543 2094 1593 2137 ad
1615 2095 1728 2137 illum
1753 2095 1848 2136 data

82 2172 176 2207 sunt
208 2166 254 2208 L.
289 2168 448 2209 Caesari
462 2186 472 2219 3
507 2167 686 2217 alteram,
722 2166 817 2221 quid
852 2167 1068 2222 Pompeius
1102 2172 1209 2220 agat,
1245 2168 1314 2221 qui
1348 2168 1511 2223 quidem
1545 2168 1595 2210 ad
1619 2184 1682 2210 me
1706 2168 1847 2210 scribit

82 2240 221 2294 paucis
255 2239 397 2282 diebus
432 2257 471 2281 se
506 2242 663 2282 firmum
697 2240 916 2281 exercitum
950 2238 1183 2281 habiturum
1217 2255 1405 2295 spemque
1439 2241 1566 2292 affert,
1601 2242 1633 2283 si
1667 2242 1711 2283 in
1733 2241 1847 2283 Pice-

82 2328 179 2354 num
214 2328 354 2367 agrum
399 2315 483 2369 ipse
529 2314 696 2363 venerit,
739 2328 812 2353 nos
854 2313 1021 2353 Romam
1061 2311 1260 2353 redituros
1304 2328 1402 2354 esse.
1445 2312 1671 2355 Labienum
1711 2328 1845 2355 secum
1868 2330 1905 2356 lo

82 2385 204 2427 habet
236 2401 318 2427 non
351 2385 603 2427 dubitantem
638 2386 686 2427 de
720 2385 995 2427 imbecillitate
1037 2385 1217 2427 Caesaris
1261 2386 1478 2442 copiarum,
1513 2387 1635 2429 cuius?
1671 2386 1846 2429 adventu

83 2459 240 2500 Cnaeus
273 2464 409 2501 noster
443 2459 570 2500 multo
604 2458 728 2500 animi
761 2458 851 2514 plus
885 2456 1020 2499 habet.
1054 2459 1142 2499 Nos
1175 2474 1198 2499 a
1231 2459 1463 2501 consulibus
1497 2460 1677 2516 Capuam
1711 2460 1846 2502 venire

83 2531 181 2572 iussi
215 2546 354 2572 sumus
388 2530 438 2572 ad
472 2532 612 2573 Nonas
648 2530 765 2572 Febr.
800 2531 939 2585 Capua
970 2531 1172 2587 profectus
1205 2547 1293 2573 sum
1328 2533 1508 2575 Formias
1531 2550 1567 2575 a.
1592 2534 1632 2575 d.
1657 2547 1728 2576 111.
1751 2534 1847 2576 Kal.

82 2605 141 2646 Eo
175 2604 239 2645 die
272 2620 396 2660 quum
430 2604 594 2646 Calibus
626 2610 717 2646 tuas
748 2605 883 2646 literas
917 2604 1014 2646 hora
1046 2604 1125 2646 fere
1169 2620 1274 2646 nona
1308 2605 1561 2661 accepissem,
1597 2607 1667 2648 has
1711 2607 1847 2648 statim

82 2676 189 2717 dedi.
236 2679 277 2717 3.
311 2677 370 2717 De
403 2678 590 2718 Terentia
622 2682 662 2718 et
694 2677 826 2718 Tullia
858 2676 935 2718 tibi
968 2677 1176 2727 assentior,
1222 2678 1270 2718 ad
1305 2693 1404 2732 quas
1438 2678 1687 2734 scripseram,
1722 2679 1772 2721 ad
1808 2684 1846 2720 te
1868 2692 1902 2718 15

83 2752 128 2789 ut
160 2748 351 2790 referrent
361 2767 371 2800 3
407 2750 440 2790 si
472 2749 652 2790 nondum
686 2749 885 2804 profectae
920 2756 1028 2799 sunt,
1064 2750 1162 2789 nibil
1200 2755 1261 2790 est
1295 2750 1400 2804 quod
1426 2756 1690 2803 semoveant,
1715 2752 1845 2806 quoad

83 2821 368 2876 perspiciamus
401 2837 478 2876 quo
512 2822 589 2862 loci
624 2822 676 2862 sit
710 2838 782 2863 reS.

157 2986 171 2993 Γ
195 2986 255 2987 ῙΫῙ
276 2985 319 2987 „L
346 2984 484 2989 ’κῆ-ὴ,

127 3104 144 3141 ᾗ·
168 3104 196 3133 3.
234 3103 286 3133 Ad
308 3105 338 3133 te
360 3105 394 3133 ut
424 3102 578 3142 referrent
612 3113 643 3133 o:
676 3110 712 3133 ur,
742 3104 940 3135 sententiam
994 3107 1089 3138 XVI.
1114 3110 1140 3145 3,
1159 3109 1185 3138 6.
1211 3108 1303 3139 Fam.
1319 3109 1383 3140 ΪΙῘ.
1403 3110 1432 3146 8,
1456 3112 1483 3140 5.
1510 3110 1591 3140 XII⁸
1617 3111 1635 3141 2
1658 3116 1740 3142 extr.

87 3163 176 3185 1113111
201 3161 355 3193 rogarent
380 3162 500 3196 tuoque
523 3156 664 3187 consilio
688 3164 868 3188 uterentur.
893 3158 970 3247 0121

147 3209 182 3250 Ι.

1608 3218 1659 3257 2]
