2117 3533
258 158 346 199 164

258 294 353 332 sunt
384 288 563 330 demoliti
595 285 872 328 libentissimis
917 285 1116 328 omnibus.

655 153 741 195 ΕΡ.
774 152 851 193 AD
882 151 929 192 Τ.
962 150 1312 196 POMPONIUM
1344 154 1608 197 ATTICUM.

1161 288 1292 331 Nobis
1336 289 1585 345 superficiem
1626 287 1785 329 aedium
1826 285 2011 328 consules

258 363 307 404 de
340 361 497 403 consiJii
529 360 727 402 sententia
761 359 1023 401 aestimarunt
1056 360 1140 402 HS.
1164 362 1306 415 vicies;
1332 367 1461 404 cetera
1483 361 1597 403 valde
1619 360 1888 402 illiberaliter:
1912 359 2013 400 Tus-

259 435 441 476 culanam
472 433 608 474 villam
642 431 872 487 quingentis
905 430 1089 483 milibus;
1124 433 1382 476 Formianum
1404 435 1489 476 Hs.
1519 433 1702 474 ducentis
1720 430 2014 487 quinquaginta

258 505 436 547 milibus.
481 506 593 557 Quae
627 504 850 546 aestimatio
882 518 965 544 non
997 504 1115 546 modo

224 596 238 623 5
260 578 379 619 etiam
412 592 434 618 a
466 577 581 633 plebe
614 575 933 632 reprehenditur.
982 576 1123 618 Dices:

1157 506 1412 548 vehementer
1455 506 1505 547 ab
1550 506 1700 561 optimo
1743 515 1901 559 quoque
1945 501 2014 544 sed

1159 578 1256 631 quid
1288 579 1413 633 igitur
1446 593 1587 620 causae
1621 577 1724 619 fuit?
1768 576 1923 617 Dicunt
1955 574 2015 616 illi

260 650 423 705 quidem
468 650 662 707 pudorem
695 664 843 700 meum,
879 648 985 703 quod
1017 664 1146 704 neque
1180 652 1359 706 negarim
1391 667 1520 706 neque
1561 649 1837 692 vehementius
1878 652 2016 704 postu-

258 725 387 766 larim.
422 723 499 766 Sed
532 740 614 766 non
647 728 707 765 est
738 722 803 774 id,
852 737 945 763 nam
977 722 1053 764 hoc
1095 723 1192 778 quid
1236 724 1356 765 etiam
1398 724 1642 780 profuisset?
1686 723 1838 763 Verum
1879 721 2017 772 iidem,

258 798 315 838 mi
350 798 432 852 [T.]
468 797 680 853 Pomponi,
713 794 850 846 iidem,
884 796 1063 849 inquam,
1096 796 1170 847 illi,
1217 812 1316 851 quos
1347 812 1397 838 ne
1441 802 1488 838 tu
1530 795 1692 851 quidem
1730 795 1904 849 ignoras,
1950 793 2019 848 qui

259 869 360 911 milii
391 885 542 925 pennas
574 869 814 919 inciderant,
848 868 994 909 nolunt
1026 868 1184 910 easdem
1216 870 1384 910 renasci.
1418 869 1510 921 Sed,
1544 874 1590 910 ut
1623 883 1750 923 spero,
1783 867 1863 908 iam
1884 881 2018 908 renas-

205 955 241 981 10
261 947 420 984 cuntur.
453 943 515 983 Tu
548 942 665 983 modo
699 941 748 982 ad
781 956 854 982 nos
886 941 999 992 veni3
1034 941 1141 996 quod
1173 957 1308 983 vereor
1340 957 1390 983 ne
1424 942 1577 983 tardius
1610 941 1840 982 interventu
1872 939 2018 981 Varro-

259 1015 322 1056 nis
354 1016 416 1056 tui
448 1015 654 1069 nostrique
687 1013 823 1055 facias.
869 1015 911 1054 6.
945 1013 1147 1065 Quoniam
1193 1019 1280 1056 acta
1321 1029 1421 1070 quae
1466 1015 1547 1055 sint
1590 1013 1727 1064 habes,
1773 1011 1822 1053 de
1865 1011 2019 1066 reliqua

259 1092 396 1129 nostra
430 1087 672 1143 cogitatione
706 1100 914 1141 cognosce.
958 1086 1046 1140 Ego
1077 1101 1140 1127 me
1175 1086 1366 1143 Pompeio
1399 1086 1523 1141 legari
1555 1086 1613 1127 ita
1646 1100 1735 1127 sum
1774 1099 1928 1140 passuS,
1972 1087 2020 1124 ut

259 1160 371 1202 nulla
403 1176 445 1202 re
477 1160 706 1216 impedirer.
750 1160 870 1212 Quod
912 1160 992 1201 nisi
1035 1159 1177 1201 vellem
1220 1160 1321 1201 mihi
1354 1164 1458 1201 esset
1489 1160 1692 1214 integrum
1724 1162 1784 1210 ut,
1825 1157 1859 1198 si
1899 1156 2019 1199 comi-

303 1325 322 1358 7
344 1336 416 1356 uam
437 1326 495 1357 lzoe
516 1324 637 1367 quidem
660 1323 753 1354 etiam
769 1321 956 1364 profuisset.
977 1340 1018 1345 —
1040 1324 1059 1353 8
1082 1323 1123 1353 mi
1148 1322 1181 1354 Τ.
1204 1322 1355 1364 Pomponi
1375 1320 1804 1364 —9pz'nnas—12me[a]
1820 1320 1965 1363 Pompeio
1979 1337 2021 1344 -—

262 1379 301 1410 13
323 1377 499 1420 impedirer,
521 1378 606 1419 quin,
629 1376 659 1408 si
679 1377 789 1409 vellem
810 1394 852 1399 -—
873 1375 951 1407 ibid.
974 1375 1130 1418 irzteqrum
1151 1379 1208 1408 aut
1229 1395 1271 1401 —

304 1535 502 1577 Superfioiem
525 1534 658 1566 aedium.
695 1534 736 1565 In
761 1542 809 1575 ep.
832 1544 936 1575 praec.
961 1534 980 1574 ξ
1003 1534 1021 1567 7
1044 1535 1118 1566 sim-

262 1588 392 1630 pliciter
414 1587 544 1619 vocavit
569 1586 773 1627 superficiem.
796 1586 896 1626 Quod.
916 1587 971 1618 hic
990 1588 1120 1618 additur

263 1641 387 1674 aedium
410 1647 458 1674 est
480 1641 647 1682 genitivus
669 1639 869 1671 definit-ivus.
900 1640 1061 1671 Consules
1084 1640 1118 1670 in

263 1696 322 1727 illa
360 1705 395 1727 re
429 1695 584 1727 videntur
622 1693 827 1725 consuluisse
863 1703 975 1725 earum
1010 1702 1120 1724 rerum

262 1749 394 1790 peritos.

305 1800 516 1833 Formianum.
539 1800 719 1842 Seyffertus
742 1805 852 1831 censet
874 1803 946 1840 post
976 1799 1125 1830 Tuscula-

263 1868 335 1889 uam
357 1857 465 1888 villam
487 1857 541 1888 hie
563 1856 729 1888 nominari
751 1856 870 1887 debere
888 1855 1097 1886 Formianum.

304 1910 383 1940 Num
407 1911 463 1941 hoe
484 1909 560 1951 quid
581 1909 675 1940 etiam
692 1908 896 1948 profuisset?
918 1908 1033 1948 Vulgo
1054 1907 1118 1948 qui-

263 1963 331 1995 dem
352 1964 423 1996 sine
450 1963 717 2003 interrogatione.
757 1961 909 1993 Correxit
937 1960 1118 2001 Seyffertus

264 2016 287 2048 1.
309 2026 336 2047 c.
359 2016 570 2056 Quaestionis
592 2016 672 2047 haec
694 2015 744 2046 vis
763 2020 826 2046 est:
841 2014 927 2045 nihil
940 2014 1040 2045 etiam
1057 2014 1119 2045 hoc

264 2069 448 2110 profuisset,
482 2070 509 2101 si
545 2069 806 2101 aestimationem
837 2076 1037 2099 recusassem
1065 2070 1120 2098 aut

264 2124 338 2165 plus
359 2125 585 2166 postulassem.

310 2179 360 2210 Mi
398 2178 430 2210 Τ.
468 2177 624 2218 Pomponi.
661 2176 868 2208 Praenomen
900 2175 1126 2208 omittendum·

266 2242 336 2266 esse
358 2231 471 2264 monui
494 2231 535 2262 ad
557 2230 623 2261 ΙΙΙ.
647 2230 696 2267 19,
720 2230 748 2260 3.

311 2284 371 2326 Qui
392 2283 467 2314 mila·
482 2292 608 2323 pennas
629 2281 810 2313 inciderant
832 2290 865 2311 o:
890 2280 947 2320 qui
974 2289 1028 2311 me
1055 2279 1121 2320 opi-

267 2341 327 2371 bus
349 2339 527 2380 privarant.
551 2337 677 2368 Eadem
700 2335 891 2376 metaphora
906 2334 1002 2365 nobis
1013 2334 1121 2365 dicere

266 2396 359 2427 licet:
382 2393 508 2425 iemand
527 2392 726 2424 korth'elceu.
748 2391 877 2422 Avium
898 2399 966 2422 esse
985 2398 1120 2430 pennas,

267 2457 334 2478 non
350 2446 469 2487 pinnas
496 2449 696 2476 monuerunt
724 2443 951 2482 Quintilianus
980 2441 1007 2472 I.
1031 2440 1068 2473 O.
1093 2441 1120 2472 Ι.

266 2502 296 2539 4,
320 2501 360 2531 12
382 2506 413 2531 et
435 2499 569 2531 Servius
592 2499 632 2528 ad
653 2498 740 2529 Aen.
764 2497 809 2528 11.
825 2496 896 2533 479,
913 2505 994 2536 quos
1009 2495 1121 2525 audire

266 2554 355 2585 malo
376 2563 475 2594 quam
497 2552 647 2582 librarios
668 2551 748 2582 haec
770 2550 906 2581 nomina
928 2557 1023 2589 saepe
1052 2557 1120 2588 per-

266 2610 441 2638 mutantes.
472 2604 531 2635 Cff.
555 2604 627 2634 intt.
652 2603 692 2633 ad
716 2602 785 2634 Cic.
806 2601 849 2632 N.
872 2600 913 2632 D.
937 2601 982 2631 H.
1007 2600 1065 2630 121
1090 2603 1121 2630 et

268 2660 327 2690 129
350 2664 381 2690 et
403 2659 444 2689 ad
465 2656 596 2688 Horatii
627 2656 687 2697 Ep.
710 2656 737 2686 Ι.
761 2656 809 2692 20,
833 2655 870 2686 21
896 2658 927 2685 et
949 2654 996 2684 H.
1019 2653 1047 2690 2,
1072 2653 1121 2683 50.

266 2714 377 2746 Aliter
398 2712 512 2743 statuit
535 2710 571 2743 C.
593 2710 633 2741 T.
656 2709 828 2750 Zumptius
851 2708 892 2739 ad
923 2706 1027 2739 Curtii
1057 2706 1122 2737 ΠΙ.

267 2767 286 2800 7
308 2772 394 2799 extr.

308 2819 378 2850 Iam
401 2818 621 2849 renascuntur.
643 2815 754 2846 Paene
776 2814 890 2855 scripsi
908 2813 1123 2844 renascentur.

267 2873 356 2904 Nam
377 2872 478 2904 verba
500 2873 533 2902 ut
554 2879 645 2910 spero
666 2877 819 2911 praesens
841 2868 997 2899 videntur
1013 2865 1123 2897 exclu-

267 2926 353 2957 dere.

310 2978 495 3009 Interventu
525 2975 686 3014 Varronis,
708 2975 764 3016 qui
786 2979 818 3007 te
840 2974 976 3006 fortasse
1006 2971 1123 3003 retine-

269 3033 316 3064 bit
336 3033 370 3064 in
393 3032 460 3063 suis
482 3031 632 3072 praediis.

311 3086 330 3125 ξ
352 3085 381 3115 6.
410 3084 474 3126 Eyo
495 3094 541 3115 me
562 3082 706 3124 Pompeio
726 3081 828 3124 Zegsari
848 3081 895 3112 ita
918 3091 982 3112 sum
1001 3087 1122 3121 passus‘,

271 3140 303 3168 ut
326 3137 415 3168 nullu
437 3147 471 3168 re
493 3136 667 3176 impedirer.
692 3134 795 3168 Codd.
818 3145 838 3165 a
860 3132 1013 3174 Pompeio,
1035 3131 1122 3172 quod

1165 1534 1376 1565 Hofmannus
1399 1533 1544 1574 speciose
1567 1532 1724 1564 defendit.
1747 1532 1796 1564 Ut
1817 1538 1950 1565 senatus
1972 1541 2021 1564 so·

1165 1586 1253 1616 lebat
1274 1586 1394 1626 legare,
1417 1590 1449 1616 et
1470 1585 1505 1615 hi
1527 1590 1613 1615 recte
1645 1595 1665 1614 a
1698 1586 1812 1615 senatu
1841 1584 1943 1625 leqari
1975 1584 2021 1616 di-

1165 1645 1293 1677 cuntur,
1318 1640 1363 1670 ita
1384 1639 1411 1670 si
1435 1648 1472 1670 ea
1494 1638 1630 1669 facultas
1652 1638 1787 1678 legandi
1809 1638 1919 1678 aliqua
1947 1638 2022 1678 lege

1165 1695 1293 1725 consuli
1315 1694 1368 1725 vel
1390 1694 1465 1724 duci
1486 1692 1643 1734 permissa
1665 1698 1714 1724 est
1735 1692 1763 1723 is
1785 1698 1816 1724 et
1836 1692 1896 1723 sibi
1917 1692 2024 1733 Zeqare

1166 1752 1197 1778 et
1218 1747 1256 1778 ab
1280 1757 1314 1778 eo
1337 1747 1394 1778 alii
1415 1746 1516 1786 leyari
1539 1745 1703 1776 dicuntur.
1737 1745 1907 1776 Hactenus
1936 1750 2024 1776 recte

1168 1801 1389 1832 Hofmannus.
1413 1799 1479 1831 Sed
1501 1799 1660 1840 Pompeio
1682 1809 1749 1830 non
1772 1798 1871 1830 fuisse
1892 1803 1970 1829 tunc
1988 1798 2025 1829 il-

1169 1855 1236 1886 lam
1258 1858 1452 1895 potestatem
1474 1853 1584 1884 datam
1606 1853 1701 1883 docet
1724 1846 1870 1892 id,'quod
1883 1851 2026 1891 legimus

1170 1907 1204 1938 in
1228 1916 1276 1948 ep.
1299 1915 1404 1947 praec.
1428 1906 1445 1945 ἓ
1468 1905 1503 1938 7:
1528 1905 1592 1935 Ille
1614 1905 1734 1944 leyatos
1754 1903 1819 1934 XV
1843 1914 1933 1945 quum
1954 1913 2026 1944 pos-

1171 1959 1291 1989 tularet
1314 1969 1360 1989 me
1368 1957 1542 1998 principem
1559 1955 1742 1987 nominavit.
1763 1955 1943 1996 Pompeius
1957 1965 2024 1986 non

1171 2013 1234 2044 sibi
1257 2011 1390 2052 legavit,
1414 2011 1471 2042 sed
1492 2010 1679 2041 nominavit
1701 2009 1839 2046 senatui,
1862 2018 1945 2050 quos
1963 2008 2026 2040 sibi

1172 2065 1276 2105 legari
1298 2069 1439 2105 cuperet.
1463 2063 1563 2102 Ergo,
1585 2068 1623 2093 ut
1646 2061 1731 2092 infra
1754 2062 1803 2099 18,
1829 2062 1848 2092 3
1866 2061 2025 2101 legimus:

1172 2118 1235 2149 Sed
1254 2118 1330 2148 heus
1353 2120 1397 2155 tu,
1419 2118 1642 2157 scripseramne
1665 2115 1720 2146 tibi
1741 2125 1787 2145 me
1806 2124 1873 2145 esse
1888 2115 2027 2156 leyatum

1173 2171 1314 2212 Pompeio
1323 2171 1352 2209 Γ,
1375 2171 1422 2202 sic
1443 2171 1475 2201 h.
1499 2170 1521 2200 1.
1543 2168 1734 2209 Madvigius
1758 2167 1818 2209 Op.
1840 2167 1904 2198 Ac.
1922 2167 1949 2198 I.
1965 2166 2027 2200 457

1172 2230 1260 2256 recte
1294 2223 1570 2264 praepositionem
1605 2221 1707 2253 deleri
1740 2220 1844 2251 iussit.
1873 2238 1914 2242 —
1946 2219 2028 2250 Post

1173 2276 1339 2317 impedirer
1360 2275 1573 2306 Hofmannus
1594 2278 1680 2305 recte
1697 2273 1880 2304 maximam
1895 2272 2027 2303 distinc-

1174 2331 1299 2362 tionem
1327 2329 1446 2370 posuit.
1483 2328 1537 2359 Ita
1560 2346 1602 2351 —-
1622 2329 1657 2358 ut
1686 2333 1734 2359 est
1763 2336 1800 2358 ea
1828 2326 2026 2363 conditione,

1172 2387 1217 2413 ut.
1239 2383 1315 2413 Non
1338 2392 1411 2413 raro
1432 2381 1591 2422 particula
1612 2380 1660 2410 ita
1681 2379 1742 2410 hac
1764 2379 1798 2409 vi
1818 2378 1960 2419 ponitur,
1974 2386 2027 2409 ve·

1173 2436 1222 2466 lut
1243 2435 1335 2466 Lael.
1358 2435 1375 2465 1
1399 2444 1453 2474 eqo
1475 2444 1494 2463 a
1510 2435 1608 2473 patre
1628 2432 1676 2463 ita
1700 2442 1784 2463 eram
1807 2430 1956 2462 deductus
1983 2428 2029 2460 ad

1173 2487 1353 2518 Scaevolam
1375 2505 1416 2509 —
1444 2487 1479 2515 ut
1508 2496 1527 2515 a
1555 2484 1640 2515 senis
1668 2484 1770 2515 latere
1798 2493 1955 2524 reunquam
1982 2481 2028 2513 di-

1174 2540 1339 2572 scederem.
1363 2539 1479 2572 Cicero
1500 2538 1643 2569 delatam
1664 2538 1726 2568 sibi
1748 2537 1949 2577 legationem
1979 2545 2028 2567 ac-

1174 2594 1259 2634 cepit
1288 2593 1349 2623 sub
1376 2592 1437 2622 hac
1466 2591 1666 2628 conditione,
1695 2594 1732 2620 ut
1755 2599 1792 2621 ea
1813 2594 1969 2626 uteretur,
1997 2588 2025 2620 si

1174 2647 1284 2685 vellet,
1307 2646 1334 2677 si
1357 2655 1423 2677 non
1446 2645 1511 2675 alia
1532 2653 1566 2676 re
1589 2643 1812 2685 impediretur.

1220 2700 1309 2742 Quod
1329 2699 1391 2730 nisi
1412 2699 1518 2729 vellem
1542 2698 1618 2729 mihi
1640 2699 1719 2729 esset
1740 2697 1903 2738 inteyrum,
1931 2697 1967 2726 ut
1987 2713 2029 2720 —·

1167 2755 1278 2796 petere
1293 2762 1425 2793 possem,
1449 2751 1582 2782 votivam
1611 2750 1798 2792 Zeyationem
1826 2748 2032 2789 sumpsissem.

1176 2807 1327 2839 Varietas
1349 2807 1527 2847 scripturae
1550 2804 1737 2838 Orellianae
1758 2803 1901 2835 ostendit
1928 2811 2028 2843 quam

1176 2861 1276 2900 longe
1299 2860 1332 2891 in
1357 2859 1408 2890 his
1430 2859 1538 2890 verbis
1568 2857 1803 2889 constituendis
1832 2857 1873 2886 ab
1902 2854 2028 2888 Orellio

1175 2914 1390 2946 discesserim.
1415 2913 1524 2951 Quam
1546 2912 1682 2943 minime
1704 2910 1796 2952 potui
1817 2909 1955 2949 vestigia
1977 2918 2027 2940 co-

1175 2967 1257 2998 dicis
1278 2966 1368 2997 Med.
1390 2965 1518 3006 reliqui,
1542 2964 1575 2995 in
1598 2973 1664 3004 quo
1677 2967 1749 3004 post
1763 2962 1916 3002 z'nteqrum
1931 2960 2029 3002 scrip-

1175 3025 1245 3051 tum
1267 3023 1315 3052 est
1336 3020 1402 3057 atet,
1426 3024 1496 3050 tum
1511 3019 1622 3057 petere
1635 3017 1764 3057 possent
1794 3019 1825 3046 et
1854 3013 2030 3054 sumpsisse.

1175 3073 1225 3104 De
1248 3071 1399 3113 singulis,
1423 3080 1505 3112 quae
1529 3068 1749 3110 explicatione
1771 3071 1879 3107 egent,
1908 3066 2027 3098 dicam.

1179 3128 1271 3166 Quod
1298 3127 1360 3159 uisi
1389 3127 1430 3158 ad
1459 3124 1656 3158 sententiam
1683 3123 1768 3155 hanc
1796 3131 1871 3154 cum
1901 3129 2028 3163 praece-
