2117 3533
249 147 337 187 184«
393 149 396 152 ⁴
653 142 737 182 ΕΡ.
773 140 848 181 AD
881 140 927 180 T.
961 137 1309 181 POMPONILM
1344 141 1606 183 ATTICUM.

248 280 422 322 sulatum
456 283 610 333 petereg
647 275 695 316 de
729 289 808 330 quo
841 274 928 328 ipso
963 272 997 313 si
1029 272 1127 327 quid
1161 273 1252 324 scis,
1286 275 1403 316 velim
1439 276 1552 317 scire.
1607 279 1648 317 2.
1682 277 1801 328 Quod
1835 277 2008 318 Lucceio

249 352 390 395 scribis
423 356 461 392 te
495 353 674 390 nostram
707 347 876 402 gloriam
909 345 1297 398 commendaturum,
1343 353 1382 388 et
1415 348 1642 389 aedificium
1676 354 1857 391 nostrum
1903 350 2009 404 quod

250 424 387 467 crebro
420 423 576 472 invisis,
609 426 784 477 gratum.
833 421 1013 472 Quintus
1047 420 1166 461 frater
1199 421 1249 462 ad
1281 438 1343 463 me
1377 423 1536 478 scripsit
1586 439 1641 474 se,
1677 425 1864 478 quoniam
1898 426 2008 467 Cice-

249 512 386 540 ronem
421 496 703 537 suavissimum
737 500 870 535 tecum
903 493 1084 543 haberes,
1120 493 1169 534 ad
1203 499 1241 535 te
1275 496 1407 537 Nonis
1442 497 1541 537 Mai.
1576 502 1803 538 venturum.
1837 499 1924 553 Ego
1946 513 2008 539 me

249 570 298 611 cle
331 568 512 610 Cumano
545 568 652 609 movi
685 571 777 608 ante
812 566 918 606 diem
952 580 988 606 v.
1023 565 1116 606 Kal.
1151 566 1295 608 Maias.
1329 569 1389 609 Eo
1413 568 1475 609 (116
1500 569 1673 624 Neapoli
1696 570 1802 624 apud
1826 570 2009 611 Paetum.

249 645 355 684 Ante
389 641 495 682 diem
529 654 590 683 [v.
624 640 718 681 Kal.
753 639 883 681 Maias
915 639 1002 680 iens
1035 639 1079 680 in
1112 639 1399 695 Pompeianum
1447 641 1548 683 bene
1578 657 1695 683 mane
1725 642 1823 684 haec
1854 642 2008 698 scripsi.

290 809 310 838 4
331 816 433 837 secum
455 805 584 837 haberet
606 824 647 828 —
671 807 687 836 5
711 803 796 845 apud
817 803 852 834 L.
876 802 1023 841 Paetum,
1046 804 1121 834 ante
1143 802 1223 835 diem
1245 821 1285 826 —

247 962 381 993 demum
402 961 487 992 iniit.
523 960 701 1001 Pompeius
725 970 800 992 eum
822 965 931 1001 petere
961 960 1104 997 nolebat,
1127 975 1131 1015 1
1158 961 1228 991 111111
1251 959 1351 992 fuisse
1374 970 1416 992 ex
1438 971 1486 1002 ep.
1511 961 1528 993 7
1551 962 1583 992 h.
1606 961 1627 991 l.
1651 969 1792 1002 apparet.

246 1015 335 1056 quod
356 1014 487 1045 favebat
509 1012 643 1044 Scauro.
668 1012 717 1044 Cf.
741 1022 790 1054 ep.
814 1013 863 1050 15,
888 1012 915 1045 7.
1130 1021 1132 1059 1
1193 1013 1336 1044 Paetum.
1370 1015 1426 1045 Ad
1448 1015 1536 1045 1111116
1559 1014 1698 1055 scriptae
1727 1020 1803 1046 sunt
1833 1015 1941 1056 epistt.
1971 1016 2012 1045 ad

293 1067 401 1099 Tecum
425 1067 554 1098 haberes
577 1067 690 1108 scripsi
712 1067 752 1098 de
775 1067 920 1098 Manutii
942 1067 1028 1097 60111.
1049 1076 1108 1106 pro
1130 1063 1132 1113 J
1153 1066 1246 1097 Fam.
1270 1066 1332 1097 IX.
1357 1067 1489 1097 15—26.
1527 1067 1640 1107 Vulgo
1664 1067 1771 1098 editur
1800 1067 1834 1097 L.
1868 1067 2011 1104 Paelam,

247 1120 359 1160 inepto
380 1129 481 1150 secum
504 1118 642 1149 haberet.
679 1119 753 1149 Hoc
785 1119 874 1149 enim
902 1124 1032 1160 recepto
1061 1128 1108 1149 se·
1131 1116 1132 1129 ¹
1153 1128 1255 1158 quum
1277 1119 1356 1149 Mss.
1379 1119 1523 1150 habeant
1549 1118 1685 1149 Laetam.
1716 1119 1924 1150 Praenomen
1947 1129 2012 1151 me-

246 1180 407 1215 queretur,
431 1179 468 1204 ut
491 1173 635 1212 Quintus
650 1183 717 1204 11011
731 1173 875 1204 venisset
891 1174 931 1203 ad
946 1173 1107 1210 Atticum,
1131 1181 1132 1211 1
1154 1173 1218 1203 11115
1241 1174 1352 1204 abesse
1376 1173 1459 1204 vidit
1482 1173 1751 1213 Wesenbergius,
1775 1173 1870 1206 Obss.
1890 1174 1923 1204 111
1940 1173 2012 1205 Ses-

247 1228 311 1258 nisi
334 1227 442 1258 filium
461 1226 551 1257 domi
568 1236 645 1258 suae
661 1226 838 1257 habuisset.
863 1227 983 1257 Verbis
1000 1236 1107 1257 emen·
1131 1231 1132 1258 1
1153 1227 1277 1257 tiaualn
1300 1238 1330 1267 p.
1354 1228 1393 1257 39
1418 1232 1448 1258 et
1482 1227 1621 1257 Emcnd.
1660 1227 1778 1267 Epistt.
1809 1237 1837 1267 p.
1869 1228 1921 1257 44.
1957 1227 2012 1257 Di-

245 1281 329 1312 datis
353 1281 500 1320 Quintus
524 1280 644 1311 dieitur
667 1280 817 1311 Atticum
843 1280 931 1311 adire
954 1280 1049 1317 velle,
1073 1284 1108 1310 ut
1131 1259 1132 1296 1
1153 1280 1284 1311 stinotio
1306 1281 1484 1311 verborum
1507 1291 1523 1311 a
1540 1279 1698 1311 Schutzio
1713 1281 1778 1311 iam
1791 1286 1936 1312 correcta
1953 1286 2010 1312 est.

245 1334 353 1366 filium
375 1344 471 1366 suum
493 1333 539 1364 ibi
570 1333 700 1366 viseret.
735 1334 823 1365 Eum
851 1334 937 1374 apud
966 1343 1108 1364 avuneu-
1131 1299 1133 1367 1

877 1441 928 1481 Χ.
995 1440 1059 1492 (Α.
1102 1439 1146 1480 U.
1186 1441 1226 1480 o.
1265 1441 1384 1494 699.)

313 1558 351 1596 1.
386 1555 567 1596 Puteolis
600 1569 769 1609 magnus
803 1561 863 1595 est
896 1569 1031 1595 rumor
1064 1554 1341 1595 Ptolemaeum
1375 1570 1458 1595 esse
1492 1555 1533 1595 111
1568 1570 1705 1609 regno.
1742 1554 1783 1596 Si
1818 1554 1914 1608 quid
1943 1554 2012 1594 ha-

247 1628 316 1670 bes
350 1628 511 1678 certius,
546 1627 665 1668 velim
699 1627 813 1668 scire.
860 1627 947 1680 Ego
980 1625 1046 1666 1116
1078 1641 1218 1681 pascor
1253 1625 1497 1667 bibliotheca
1542 1627 1696 1668 Fausti.
1740 1627 1922 1667 Fortasse
1967 1632 2013 1668 tu

244 1706 410 1758 putaras
457 1701 520 1741 his
553 1698 673 1741 rebus
708 1700 941 1741 Puteola-nis
976 1704 1017 1740 et
1049 1699 1379 1741 Lucrinensibus.
1423 1701 1486 1741 Ne
1528 1701 1606 1741 ista
1649 1700 1812 1755 quidem
1857 1700 2014 1741 desunt.

247 1774 326 1817 Sed
364 1773 590 1816 mehercule
630 1777 677 1814 ut
716 1789 738 1815 a
779 1773 922 1814 ceteris
967 1771 1307 1814 oblectationibus
1351 1773 1604 1829 voluptatum
1648 1773 1806 1815 deseror
1848 1777 2010 1829 propter

289 1951 310 1981 4
324 1948 462 1990 putabas
484 1967 525 1972 —-
547 1950 564 1979 5
588 1947 650 1979 Sed
671 1948 845 1980 mehercule
867 1958 888 1979 a
911 1950 970 1980 cet.
992 1948 1052 1980 obl.
1076 1951 1111 1979 ut
1135 1948 1261 1981 deseror
1283 1951 1314 1980 et
1336 1948 1547 1990 voluptatibus
1570 1967 1609 1971 -—

289 2112 308 2151 ξ
331 2112 359 2142 1.
382 2110 594 2142 Ptolemaeum
616 2121 682 2142 esse
703 2111 737 2142 in
759 2122 864 2153 reqno.
898 2112 1117 2156 Ptolemaeus*

246 2164 386 2195 Auletes
425 2173 529 2204 regno
568 2164 682 2204 pulsus
724 2164 865 2195 Romam
901 2164 1106 2205 confugerat,

247 2218 411 2249 auxilium
434 2227 451 2248 a
473 2224 589 2249 senatu
610 2218 780 2258 petiturus.
810 2219 862 2249 Ibi
885 2228 963 2249 vero
986 2219 1108 2249 multae

247 2271 485 2308 content-iones,
509 2271 582 2302 aliis
604 2281 717 2311 regem
731 2272 868 2303 omnino
883 2273 1106 2303 reducendum

248 2334 317 2356 esse
339 2324 547 2364 negantibus,
571 2324 644 2355 aliis
673 2335 737 2366 quo
766 2326 865 2356 modo
893 2326 956 2356 1106
985 2325 1105 2356 facien-

248 2379 329 2409 dum
359 2384 452 2416 esset,
481 2379 576 2410 cuive
605 2379 776 2419 negotium
805 2381 1017 2410 mandaretur
1049 2380 1106 2410 du-

252 2431 441 2462 bitantibus.
466 2431 615 2462 Plurima
643 2432 742 2462 huius
772 2432 818 2463 rei
851 2433 976 2463 mentio
1006 2433 1042 2462 fit
1071 2432 1104 2462 in

250 2484 396 2524 epistolis
426 2494 454 2514 a.
478 2484 537 2514 698
561 2485 601 2515 ad
623 2485 807 2516 Lentulum
836 2485 929 2522 datis,
958 2485 1050 2516 Fam.
1079 2485 1105 2516 Ι.

252 2536 342 2574 1-7,
366 2537 407 2567 3(1
428 2536 468 2575 Q.
493 2536 531 2567 fr.
554 2538 598 2568 H.
623 2539 650 2568 2.
676 2538 726 2569 Cf.
744 2538 830 2569 Cass.
847 2538 910 2569 Dio
935 2538 1107 2575 XXXIX,

220 2617 224 2621 .
253 2591 375 2622 12—16
399 2596 430 2622 et
459 2591 591 2628 55—62,
622 2601 639 2623 e
669 2593 906 2623 recentioribus
935 2593 1109 2623 Middleto-

253 2654 315 2675 uus
337 2645 372 2675 in
395 2644 474 2675 Vita
498 2644 677 2683 Ciceronis,
700 2656 769 2686 cap.
793 2646 822 2676 6.
854 2646 1052 2677 IVielandus
1075 2646 1109 2676 in

253 2698 388 2737 interpr.
421 2696 527 2737 epistt.
557 2697 601 2727 II.
632 2708 662 2738 p.
702 2699 761 2728 150
797 2708 885 2738 seqq.
926 2699 1109 2729 Abekenus

253 2761 305 2792 op.
327 2751 350 2781 l.
372 2761 402 2791 p.
427 2751 558 2780 141—3.
581 2751 706 2781 Rumor
728 2762 794 2782 11011
818 2762 927 2792 vanus
943 2757 1026 2788 erat3
1050 2751 1111 2782 Ga-

254 2803 362 2834 binius
385 2803 474 2834 enim
498 2802 612 2843 Syriae
641 2814 766 2843 procos.
795 2804 950 2834 adversus
979 2809 1110 2834 senatus

254 2856 480 2887 auctoritatem
502 2864 615 2895 regem
638 2856 781 2886 reduxit.

296 2910 493 2941 Bibliotheca
517 2909 638 2940 Favsti.
666 2910 816 2947 Faustus,
841 2910 954 2941 Sullae
977 2911 1109 2941 dictato-

1200 2113 1244 2145 Tu
1260 2117 1406 2155 putaras,
1447 2114 1549 2146 Codd.
1580 2123 1610 2146 et
1640 2116 1730 2147 editt.
1754 2116 1904 2156 patalam.
1938 2116 2013 2147 Cor-

1154 2169 1241 2200 rexit
1263 2169 1531 2209 Wesenbergius,
1554 2169 1694 2200 Emend.
1718 2180 1747 2210 p.
1772 2170 1821 2200 29.

1196 2221 1259 2251 His
1290 2221 1380 2251 rebus
1410 2221 1446 2252 P.
1478 2224 1506 2252 et
1538 2221 1575 2252 L.
1609 2222 1786 2262 Ingeniosa
1815 2227 2015 2253 memoratur

1131 2274 1267 2317 gFulvii
1290 2274 1404 2305 Ursini
1438 2274 1589 2314 suspicio,
1620 2285 1678 2314 pro
1708 2274 1757 2304 his
1787 2274 1876 2304 rebus
1906 2275 2014 2314 legen-

1131 2319 1133 2333 '
1154 2327 1232 2356 dum
1255 2336 1324 2357 6556
1345 2327 1469 2357 ostreis.
1493 2326 1558 2357 Sed
1580 2327 1721 2358 Romani
1744 2326 1825 2358 eibos
1848 2327 1946 2358 etiam
1962 2337 2015 2357 vo-

1154 2380 1272 2410 cabant-
1293 2390 1353 2410 reS.
1378 2379 1426 2410 Cf.
1448 2380 1531 2410 Hor.
1554 2379 1621 2411 Sat.
1644 2381 1690 2410 II.
1714 2380 1742 2416 6,
1770 2380 1834 2417 110,
1870 2379 2015 2420 bonisque

1155 2433 1245 2463 rebus
1267 2432 1334 2473 aqi!
1356 2433 1470 2463 laesam
1500 2433 1668 2463 convivam.
1707 2434 1824 2464 Iuven.
1853 2433 1917 2463 XI.
1956 2433 2015 2463 130

1155 2485 1311 2515 convivam
1344 2495 1445 2522 caveo,
1479 2485 1532 2525 qui
1561 2503 1600 2506 —
1629 2495 1679 2515 res
1707 2484 1840 2525 despicit
1874 2485 2016 2526 πέμπω.

1159 2538 1196 2569 P.
1220 2538 1297 2578 Syri
1319 2538 1498 2569 sententia:
1523 2538 1685 2569 Bonorum
1708 2548 1811 2568 reram
1827 2538 2015 2568 consuetudo

1152 2590 1287 2630 pessima
1311 2590 1528 2621 est.F01·tasse
1553 2590 1667 2622 Cicero
1690 2600 1779 2621 nunc
1795 2591 1876 2621 tales
1897 2599 1946 2621 res
1965 2600 2014 2621 co-

1157 2643 1297 2683 gitabat:
1322 2643 1458 2674 fortasse
1483 2643 1586 2683 ipsam
1609 2648 1759 2674 naturam
1789 2653 1902 2674 eorum
1931 2643 2015 2674 loco-

1157 2706 1228 2726 rum
1252 2697 1403 2736 designat
1426 2697 1475 2726 llis
1498 2696 1597 2734 rebm,
1621 2703 1657 2727 ut
1680 2696 1757 2728 fecit
1777 2697 1810 2727 iu
1828 2696 1929 2727 simili
1943 2696 2015 2726 loco

1156 2750 1239 2780 XII.
1263 2751 1290 2780 9.

1205 2804 1242 2834 L't
1271 2816 1289 2834 (ι
1319 2805 1431 2835 ederis
1459 2804 1717 2835 obleelatiom'bas
1746 2804 1934 2844 voluptatum
1964 2804 2014 2833 (le-

1134 2887 1135 2891 ,
1157 2868 1255 2887 seror.
1280 2857 1334 2888 Sic
1356 2857 1469 2897 scripsi
1491 2858 1531 2888 de
1553 2856 1685 2888 Graevii
1720 2857 1814 2893 coni„
1844 2856 2015 2895 transposi-

1134 2910 1137 2924 ¹
1160 2911 1200 2940 tis
1223 2910 1348 2940 ultimis
1364 2910 1542 2940 vocabulis.
1565 2910 1646 2940 Mss.
1664 2909 1752 2939 euim
1769 2917 1881 2938 omnes
1895 2908 2016 2938 habent

254 2963 297 2993 ris
326 2963 422 3000 filius,
452 2963 593 2994 habebat
630 2963 740 2999 libros,
771 2973 911 3003 quorum
948 2974 1104 3003 maguam
1135 2971 1136 2974 ’
1160 2974 1179 2992 ιι
1202 2965 1263 2993 cel..
1283 2963 1340 2993 obl.
1364 2962 1490 2993 deseror
1513 2965 1542 2992 el
1566 2963 1766 3001 voluptatum,
1804 2961 1891 3001 quod
1919 2970 1936 2991 e
1969 2971 2017 2990 vo-

254 3016 381 3055 copiam
411 3021 502 3055 pater
530 3016 673 3046 Athenis
703 3022 735 3046 et
765 3025 807 3046 ex
838 3016 910 3046 aliis
939 3017 1042 3047 Asiae
1077 3023 1109 3047 et
1159 3017 1333 3057 lz‘plalibns
1356 3022 1545 3056 corruptum
1568 3025 1637 3047 esse
1670 3026 1736 3045 non
1767 3015 1873 3045 credo.
1906 3014 2017 3044 Dasea·

253 3067 408 3099 Graeciae
431 3068 556 3108 oppidis
579 3068 613 3099 in
636 3068 767 3098 Italiam
790 3069 1025 3108 deportaverat.
1059 3069 1108 3100 (Is.
1134 3061 1137 3100 1
1161 3080 1179 3099 cz
1203 3072 1302 3099 facule
1325 3075 1373 3100 est
1396 3079 1466 3109 sup.
1490 3069 1554 3099 III.
1579 3069 1626 3104 15,
1653 3068 1680 3103 2,
1710 3066 1885 3096 deseremur
1908 3066 2017 3105 polius

255 3122 373 3152 Strabo
396 3122 496 3152 XIII.
522 3123 548 3159 l,
573 3124 622 3153 54.
646 3122 733 3152 Plut.
758 3122 790 3153 in
815 3122 918 3159 Sulla,
943 3123 992 3153 26.
1135 3103 1137 3144 1
1159 3134 1178 3153 ιι
1202 3121 1420 3162 rcstrmiliarl',
1444 3133 1531 3162 qoam
1556 3132 1574 3150 a
1599 3120 1757 3160 republica
1780 3119 1877 3150 XV1.
1902 3122 1929 3157 3,
1957 3121 1982 3150 1.
