2117 3533
765 138 870 180 LIB.
906 139 963 180 H.
998 138 1082 180 ΕΡ.
1119 141 1157 179 1.

1786 139 1836 178 71

88 271 200 312 ferre.
235 273 276 311 3.
311 272 594 313 Oratiunculas
628 276 760 312 autem
795 278 835 312 et
875 288 973 326 quas
1021 273 1200 328 postulas
1243 279 1282 314 et
1327 274 1459 328 plures
1503 273 1623 314 etiam
1666 273 1837 322 mittam,

87 343 273 399 quoniam
305 344 468 398 quidem
500 360 559 395 ea,
594 360 694 399 quae
727 360 799 385 nos
832 345 1044 387 scribimus
1077 346 1465 388 adolescentulorum
1489 346 1634 387 studiis
1658 345 1837 396 excitati,

87 421 126 457 te
158 415 276 456 etiam
310 415 523 457 delectant.
567 417 681 471 [Fuit
723 417 830 457 enim
869 417 969 458 mihi
1014 418 1278 468 commodum,
1322 419 1429 473 quod
1469 419 1511 460 in
1552 419 1608 460 eis
1652 418 1840 459 orationi-

48 490 52 499 “
87 488 174 540 1)115,
209 503 309 543 quae
352 489 600 544 Philippicae
640 489 912 541 nominantur,
947 491 1146 532 enituerat
1179 491 1275 532 civis
1309 492 1375 532 ille
1407 498 1501 533 tuus
1535 490 1839 540 Demosthenes,

87 565 126 602 et
157 561 263 615 quod
297 576 336 602 se
371 561 420 602 ab
464 562 539 602 1100
579 561 848 603 refractariolo
891 563 1072 604 iudiciali
1114 564 1275 605 dicendi
1318 579 1460 619 genere
1503 564 1752 614 abiunxerat,
1794 569 1841 605 ut

85 631 376 693 σεμνότερός
411 650 487 686 τις
520 632 609 677 καὶ
641 632 1016 695 πολιτικώτερος
1049 637 1263 687 videretur,
1299 653 1450 689 curare,
1476 644 1523 678 ut
1549 653 1658 679 meae
1682 652 1840 692 quoque

127 822 145 852 3
168 830 271 862 usque
293 823 334 853 ad
355 831 419 863 pag
441 832 507 863 seq.
532 824 571 854 10
594 823 669 854 Fuit
692 843 734 848 —
754 825 920 866 offerebam
943 825 1013 857 sine
1036 825 1141 858 obelo.

87 991 196 1032 nique.
232 990 429 1032 Saepissime
458 991 573 1024 Cicero
595 993 699 1024 utitur
720 993 781 1024 hac
804 993 946 1024 formula

87 1053 232 1075 summae
260 1044 307 1075 rei
338 1045 480 1076 breviter
511 1046 847 1086 comprehendendae.
885 1046 946 1078 Off.

87 1097 239 1137 exempla
260 1097 295 1128 in
318 1097 392 1128 Ind.
415 1097 600 1129 Graeviano
623 1099 704 1139 Epp.
728 1100 769 1129 ad
790 1099 863 1130 Att.

129 1150 147 1189 ξ
170 1150 199 1180 3.
233 1149 414 1190 Postquam
436 1150 585 1188 Cludius,
608 1151 803 1188 Ahrensius,
827 1151 883 1182 alii
906 1152 945 1183 de

85 1204 148 1235 fide
170 1204 271 1235 trium
292 1210 532 1245 postremarum
554 1206 741 1236 orationum
763 1206 797 1236 111
834 1205 945 1237 Catili-

87 1268 163 1290 nam
192 1259 342 1290 dubitare
371 1265 554 1300 coeperant,
593 1261 741 1300 adeoque
777 1260 945 1300 negabant

86 1312 196 1353 plures
224 1322 291 1342 una
329 1312 493 1344 orationes
530 1313 563 1343 111
601 1312 780 1344 Catilinam
816 1313 944 1344 habitas

87 1376 165 1404 esse,
188 1366 312 1397 mentio
334 1372 475 1407 quatuor
497 1366 683 1397 orationum
705 1367 739 1397 in
764 1366 844 1404 Cat„
861 1376 945 1407 quae

86 1420 148 1452 hoc
170 1420 242 1451 loco
263 1420 459 1457 continetur,
483 1421 692 1452 incommoda
714 1425 791 1452 erat.
835 1420 945 1458 Quare

87 1475 229 1508 Orellius
252 1476 428 1507 acerrimus
456 1476 559 1507 hostis
587 1476 721 1507 illarum
749 1477 944 1512 orationum,

86 1539 156 1561 rem
177 1530 335 1561 conficere
357 1530 492 1570 cupiens
514 1530 549 1560 in
566 1530 642 1561 edit.
657 1535 738 1560 orat.
754 1529 823 1560 XV
836 1530 946 1560 select.

87 1584 199 1615 Turici
228 1584 318 1620 1836,
349 1584 522 1614 affirmavit
559 1589 589 1615 et
619 1585 692 1615 illas
722 1585 885 1615 orationes
915 1588 946 1615 et

86 1637 170 1668 hanc
192 1636 348 1677 epistolae
369 1642 495 1677 partem
517 1638 672 1668 confictas
695 1647 764 1668 esse
780 1648 796 1667 a
811 1638 945 1668 Τ110110.

87 1690 170 1721 Eam
192 1689 413 1730 suspicionem
435 1695 472 1720 ut
494 1700 614 1720 vanam
638 1696 669 1721 et
691 1690 837 1731 ineptam
867 1690 945 1721 reie-

87 1742 130 1773 cit
152 1741 340 1782 Madvigius
364 1742 397 1773 in
421 1742 563 1773 Praefat.
586 1752 648 1773 sec.
671 1743 748 1774 edit.
772 1748 866 1774 oratt.
887 1743 945 1774 sel.

87 1794 170 1826 XII.
190 1794 345 1825 Hauniae
368 1795 458 1832 1841,
481 1806 512 1835 p.
541 1795 684 1826 XXXV
714 1805 771 1836 sq„
802 1806 945 1836 pronun-

85 1848 169 1880 tians
192 1858 238 1885 ea,
261 1858 344 1889 quae
367 1847 510 1880 Orellius
534 1849 596 1879 sibi
618 1849 786 1880 videretur
817 1850 851 1880 in
881 1850 944 1880 hoc

86 1901 158 1932 loco
179 1901 431 1942 deprehendisse
459 1901 581 1932 indicia
610 1902 767 1933 orationis
796 1912 863 1933 11011
894 1901 944 1933 Ci-

85 1955 277 1986 ceronianae
300 1955 460 1986 eiusmodi
483 1965 561 1992 esse,
585 1955 644 1986 vix
666 1961 702 1986 ut
725 1955 861 1986 refutari
891 1957 943 1986 de-

87 2008 211 2039 berent.
252 2008 423 2039 Adversus
446 2008 609 2040 Orellium
631 2009 794 2039 nonnulla
815 2018 945 2049 quoque

87 2061 265 2102 disputavit
305 2062 442 2102 scriptor
483 2073 669 2103 anonymus
714 2063 748 2093 in
784 2063 946 2094 Auctario

89 2115 182 2146 diarii
205 2115 290 2146 liter.
312 2116 469 2147 Halensis
494 2116 584 2153 1837,
607 2127 638 2157 p.
661 2116 721 2148 278
752 2126 840 2157 seqq.
883 2117 946 2147 Ille

88 2174 197 2200 tamen
219 2169 340 2199 mansit
362 2169 396 2199 in
419 2180 476 2200 sua
500 2170 671 2206 sententia,
695 2176 731 2200 ut
746 2171 853 2210 prodit
867 2170 946 2201 haec

89 2222 254 2253 adnotatio
276 2222 311 2252 in
334 2223 410 2253 edit.
433 2224 488 2253 alt.
511 2223 593 2263 Opp.
618 2223 684 2254 Cic.
714 2223 777 2253 III.
809 2233 839 2263 p.
868 2224 944 2253 400:

92 2289 105 2300 u
117 2275 219 2306 Totus
241 2275 294 2305 hic
317 2275 408 2306 locus
431 2276 512 2306 mihi
535 2286 693 2317 perquam
715 2282 883 2317 suspectus
899 2282 947 2307 est

89 2328 129 2359 de
150 2318 320 2371 voss'st'qcf’
345 2333 377 2358 et
400 2334 514 2359 nactus
544 2333 593 2359 est
622 2328 748 2358 socium
777 2338 843 2359 non
873 2339 946 2359 con-

91 2384 305 2414 temnendum
335 2382 369 2413 S.
399 2383 443 2413 H.
475 2383 679 2420 Rinkesium,
710 2384 766 2424 qui
795 2385 835 2414 de
863 2384 895 2414 h.
926 2385 946 2414 l.

91 2436 157 2476 egit
179 2437 213 2467 in
236 2436 318 2477 disp.
340 2437 380 2467 de
398 2436 591 2467 Catilinaria
606 2437 711 2477 prima
725 2447 754 2477 p.
770 2437 840 2467 XX
857 2446 946 2477 seqq.

90 2490 118 2520 1.
140 2490 264 2520 Bakius
286 2491 402 2521 eodem
424 2490 584 2521 inclinare
614 2490 743 2521 videtur
772 2491 805 2521 in
837 2490 946 2521 Schol.

90 2543 259 2584 Hypomn.
289 2544 332 2574 V.
361 2554 392 2585 p.
421 2545 438 2574 3
468 2554 514 2584 sq.
559 2544 632 2584 Ego
662 2545 721 2575 etsi
754 2544 947 2585 reprehendi

91 2595 196 2632 video,
233 2605 315 2636 quae
351 2596 501 2627 excusari
530 2601 675 2636 possunt,
705 2601 814 2627 tamen
845 2596 948 2627 fateor

90 2652 137 2679 tot
159 2654 190 2679 et
211 2653 301 2679 tanta
323 2649 357 2679 in
378 2649 528 2679 hocloco
545 2649 806 2689 interpolationis
827 2649 948 2679 indicia

92 2701 242 2738 inveniri,
265 2706 303 2732 ut
324 2702 406 2732 mihi
421 2711 551 2742 quoque
558 2712 709 2743 perquam
722 2704 882 2742 suspectus
898 2702 947 2732 sit.

137 2756 363 2787 Oratiunculas
385 2767 443 2787 cur
465 2757 602 2797 scriptor
624 2767 712 2787 nunc
741 2757 836 2794 dicat,
868 2767 948 2797 quas

92 2809 210 2841 deinde
231 2810 390 2840 orationes
411 2817 515 2847 vocat,
539 2815 570 2841 et
591 2811 626 2840 in
649 2810 767 2850 quibus
784 2821 852 2841 esse
869 2810 949 2840 duas

93 2864 197 2895 breves
219 2866 340 2903 scribit,
364 2876 430 2897 11011
462 2867 626 2906 intelligo.
670 2867 810 2906 Aliquid
839 2872 948 2897 tamen

94 2927 168 2948 eum
190 2919 354 2959 scripsisse
377 2920 417 2951 de
440 2919 653 2950 oratiunculis
686 2920 855 2950 mittendis
884 2930 948 2950 ma-

94 2971 251 3003 nifestum
273 2979 322 3004 est
344 2983 387 3004 ex
409 2974 458 3010 iis,
482 2983 563 3014 quae
587 2974 728 3013 legimus
751 2973 784 3003 in
803 2978 949 3004 extrema

94 3027 183 3067 epist.
207 3028 225 3067 ξ
249 3029 303 3058 11;
333 3027 535 3068 Ρνοφιοείιῗοα
559 3038 625 3058 mea
648 3038 712 3058 oum
741 3028 951 3058 oratiunculis

90 3079 267 3120 propediem
305 3083 461 3122 aspecta.
512 3082 627 3123 Itaque
661 3081 741 3113 haec
779 3081 949 3113 retinenda

93 3133 216 3174 putavi.

1032 995 1073 1027 Et
1088 997 1200 1037 plures
1221 998 1326 1029 etiam.
1349 998 1478 1031 Cortius
1501 1000 1541 1029 ad
1562 998 1654 1029 Fam.
1670 997 1771 1028 XIII.
1786 996 1813 1032 7,
1828 995 1845 1027 7

990 1051 1100 1091 plures
1122 1053 1210 1083 locos
1233 1054 1407 1094 congessit,
1430 1054 1464 1084 in
1488 1054 1607 1094 quibus
1634 1052 1749 1084 Cicero
1777 1061 1847 1092 par-

990 1105 1105 1136 ticulas
1128 1108 1159 1136 et
1181 1106 1275 1136 eriam
1289 1108 1474 1138 coniunxit.
1498 1106 1547 1138 Cf.
1562 1107 1672 1137 Hand.
1687 1106 1783 1135 Turs.
1798 1105 1845 1135 11.

990 1169 1022 1198 p-
1046 1160 1116 1189 523.
1139 1159 1205 1190 Sed
1228 1170 1244 1190 a
1268 1160 1403 1200 reliquis
1426 1160 1597 1200 separandi
1613 1164 1690 1189 sunt
1707 1158 1757 1189 illi
1772 1158 1845 1194 loci,

990 1212 1024 1242 in
1048 1212 1167 1252 quibus
1191 1212 1284 1242 eliam
1300 1223 1375 1243 011111
1390 1213 1610 1254 comparativo
1626 1212 1847 1253 copulandum

991 1271 1047 1302 est,
1072 1270 1107 1296 ut
1129 1266 1182 1296 hic
1205 1267 1283 1306 ipse.

1032 1318 1097 1348 Nos
1126 1318 1298 1350 scribimus.
1335 1320 1460 1350 Bakius
1483 1325 1570 1351 recte
1592 1330 1647 1350 nos
1672 1320 1849 1351 molestum

990 1377 1083 1402 vocat
1104 1372 1377 1413 scribendumque
1400 1379 1525 1404 censet:
1549 1374 1778 1404 conscribimus.

1034 1425 1178 1455 Aclolese.
1201 1425 1317 1455 studiis
1340 1425 1483 1457 excitati.
1511 1427 1620 1466 Negat
1642 1426 1697 1458 Or.
1719 1426 1752 1456 in
1777 1427 1849 1457 ado-

990 1477 1184 1508 lescentium
1206 1478 1346 1517 gratiam
1368 1478 1532 1519 scripsisse
1555 1479 1671 1518 potius,
1687 1488 1784 1518 quam
1808 1478 1850 1508 fa-

991 1530 1171 1560 miliarium
1193 1536 1224 1561 ct
1248 1531 1438 1561 amicorum.
1467 1531 1596 1561 Audio:
1621 1532 1677 1561 sed
1706 1531 1851 1562 modeste

991 1583 1025 1613 id
1047 1583 1109 1613 sibi
1132 1583 1231 1615 fuisse
1254 1585 1439 1615 orationum
1461 1585 1662 1615 edendarum
1675 1584 1851 1615 consilium

992 1637 1141 1668 affirmat.
1165 1637 1213 1669 Cf.
1236 1638 1297 1669 IV.
1328 1640 1355 1675 2,
1380 1639 1399 1669 2
1427 1638 1535 1679 itaque
1563 1639 1665 1669 oratio
1696 1638 1853 1668 iuventuti

991 1693 1119 1721 noslrae
1141 1691 1247 1722 deberi
1272 1702 1333 1722 1).οη
1352 1694 1469 1731 potest.
1491 1692 1565 1722 Nisi
1581 1692 1662 1722 forte
1680 1692 1736 1722 illa
1753 1692 1852 1722 verba

993 1748 1115 1774 statuas
1144 1745 1255 1775 deberi
1285 1745 1425 1782 falsario,
1456 1745 1514 1785 qui
1553 1750 1632 1775 orat.
1668 1746 1708 1776 de
1745 1745 1852 1775 Domo

992 1796 1143 1828 Ciceroni
1165 1799 1381 1839 supposuerit.

1033 1850 1108 1880 Fuit
1130 1869 1170 1873 ἡ
1191 1851 1266 1881 mihi
1290 1852 1473 1882 commodum
1497 1860 1529 1882 o:
1553 1851 1648 1881 libuit
1670 1851 1763 1881 mihi.
1801 1850 1850 1881 Cf.

992 1903 1088 1935 Verr.
1112 1905 1158 1935 II.
1182 1906 1230 1941 33,
1255 1905 1295 1935 ad
1318 1914 1349 1945 q.
1373 1905 1394 1935 l.
1424 1904 1734 1935 Pseudo-Asconius
1764 1909 1849 1935 recte

992 1958 1137 1989 laudavit
1165 1968 1296 1989 versum
1325 1968 1368 1989 ex
1396 1958 1559 1998 Adelphis
1589 1958 1736 1989 Terentii
1765 1958 1791 1988 I.
1821 1959 1849 1995 2,

993 2014 1032 2043 38
1055 2018 1087 2043 et
1109 2012 1198 2044 Orat.
1220 2013 1283 2043 ΠΙ.
1306 2012 1354 2045 87.

1035 2065 1271 2096 Demosthenes.
1306 2066 1412 2096 Nemo
1434 2066 1564 2105 ignorat
1593 2067 1721 2106 quotics
1749 2066 1852 2096 nimia

994 2120 1203 2150 librariorum
1225 2120 1379 2151 sedulitas
1402 2119 1537 2150 nomina
1559 2120 1697 2159 propria
1716 2120 1851 2150 intruse-

994 2173 1045 2203 rit.
1082 2173 1121 2203 Id
1143 2173 1205 2202 hoc
1229 2173 1300 2203 loco
1322 2172 1446 2203 factum
1469 2182 1538 2203 esse
1560 2172 1771 2203 manifestum
1793 2178 1851 2203 est.

994 2226 1111 2265 Neque
1135 2225 1224 2255 enim
1246 2225 1505 2265 Philippicarum
1528 2225 1697 2256 mentione
1712 2225 1796 2256 facta
1811 2225 1850 2255 dc

995 2278 1060 2307 alio
1087 2278 1151 2308 civi
1178 2287 1246 2313 5110,
1277 2288 1375 2318 quam
1398 2278 1437 2308 de
1460 2277 1682 2308 Demosthene
1719 2278 1850 2308 Atticus

995 2330 1138 2370 cogitare
1160 2336 1296 2370 poterat.
1332 2330 1408 2360 Non
1431 2330 1539 2360 minus
1563 2330 1671 2370 inepte
1694 2330 1778 2360 infra
1802 2340 1850 2371 ep.

997 2384 1024 2419 9,
1048 2385 1066 2413 3
1100 2383 1207 2414 verbis
1231 2393 1291 2423 per
1320 2383 1413 2413 islam
1447 2384 1531 2413 {uum
1561 2382 1700 2413 sodalem
1731 2383 1850 2414 sciolus

995 2437 1164 2477 adscripsit
1186 2436 1339 2467 Publium.

1038 2491 1076 2521 Se
1098 2491 1135 2520 ab
1157 2491 1213 2521 hoo
1235 2490 1458 2530 refractariolo
1479 2489 1626 2520 iudiciali
1650 2489 1710 2520 die.
1734 2500 1852 2530 qetlere

996 2543 1196 2574 abiunrerat.
1231 2543 1421 2583 Madvigius
1443 2543 1651 2583 reprehendit
1678 2542 1850 2579 Orcllium,

997 2598 1109 2637 uquod
1132 2597 1165 2627 in
1189 2597 1394 2627 deminutiva
1415 2596 1519 2626 forma
1541 2595 1784 2635 resi-aetariolas
1807 2605 1851 2626 se-

996 2651 1060 2681 mel
1084 2650 1137 2680 hic
1161 2650 1193 2679 in
1217 2649 1370 2679 familiari
1398 2658 1548 2679 somnone
1578 2649 1682 2689 posita
1710 2649 1851 2686 haereat,

997 2704 1089 2744 quasi
1112 2713 1179 2733 11011
1205 2708 1321 2743 quarta
1342 2702 1459 2733 saltem
1481 2712 1554 2742 pars
1577 2702 1725 2732 omnium
1754 2702 1853 2732 demi-

997 2758 1187 2788 nutivorum
1210 2756 1406 2787 Latinomm
1427 2766 1493 2786 uno
1518 2760 1644 2786 tantum
1668 2756 1739 2786 1000
1769 2756 1853 2794 lega-

999 2817 1059 2847 tur,
1083 2810 1159 2850 quia
1188 2809 1222 2839 in
1255 2809 1428 2839 scribendo
1458 2813 1551 2839 extra
1580 2808 1733 2848 epistolas
1763 2808 1853 2838 fami—

997 2865 1093 2895 liares
1116 2874 1189 2894 rara
1211 2874 1323 2894 eorum
1346 2864 1573 2903 ponendorum
1596 2863 1722 2893 occasio
1753 2865 1852 2894 crat.'“

999 2920 1064 2951 Sed
1086 2920 1148 2949 hoc
1171 2920 1268 2949 modo
1291 2919 1437 2958 quaestio
1460 2929 1526 2948 non
1551 2919 1740 2949 absolvitur.
1784 2919 1853 2950 Nec

999 2972 1239 3004 deminutivum
1263 2978 1373 3012 aptum
1395 2981 1473 3007 0550,
1504 2981 1564 3002 1100
1588 2981 1690 3011 genus
1713 2972 1853 3009 dicendi,

1000 3036 1064 3066 quo
1087 3029 1220 3055 utuntur
1242 3025 1276 3055 in
1307 3025 1444 3061 iudiciis,
1469 3024 1576 3054 solum
1606 3025 1727 3055 versari
1751 3025 1784 3055 in
1807 3036 1853 3056 rc-

998 3078 1181 3118 fringendis
1211 3078 1387 3109 adversarii
1424 3078 1635 3117 argumentis,
1678 3078 1853 3109 Rinkesius

998 3133 1020 3164 l.
1042 3143 1068 3164 e.
1091 3143 1121 3174 p.
1145 3131 1255 3164 XXII
1275 3136 1362 3164 recte
1383 3132 1520 3164 monuit.
1557 3132 1644 3164 Tum
1665 3132 1854 3174 Madvigius
