<?xml version="1.0" encoding="UTF-8"?>
<!DOCTYPE html PUBLIC "-//W3C//DTD XHTML 1.0 Transitional//EN"
    "http://www.w3.org/TR/xhtml1/DTD/xhtml1-transitional.dtd">
<html xmlns="http://www.w3.org/1999/xhtml" xml:lang="en" lang="en">
 <head>
  <title>
</title>
<meta http-equiv="Content-Type" content="text/html;charset=utf-8" />
  <meta name='ocr-system' content='tesseract 3.04.00' />
  <meta name='ocr-capabilities' content='ocr_page ocr_carea ocr_par ocr_line ocrx_word'/>
</head>
<body>
  <div class='ocr_page' id='page_1' title='image "./epistolarumadtpo01ciceuoft_0078.png"; bbox 0 0 2117 3533; ppageno 0'>
   <div class='ocr_carea' id='block_1_1' title="bbox 262 152 317 191">
    <p class='ocr_par' dir='ltr' id='par_1_1' title="bbox 262 152 317 191">
     <span class='ocr_line' id='line_1_1' title="bbox 262 152 317 191; baseline -0.018 0"><span class='ocrx_word' id='word_1_1' title='bbox 262 152 317 191; x_wconf 79' lang='lat'>58</span> 
     </span>
    </p>
   </div>
   <div class='ocr_carea' id='block_1_2' title="bbox 662 147 1616 190">
    <p class='ocr_par' dir='ltr' id='par_1_2' title="bbox 662 147 1616 190">
     <span class='ocr_line' id='line_1_2' title="bbox 662 147 1616 190; baseline -0.002 -1"><span class='ocrx_word' id='word_1_2' title='bbox 662 150 746 190; x_wconf 84' lang='grc' dir='ltr'>ΕΡ.</span> <span class='ocrx_word' id='word_1_3' title='bbox 780 149 856 189; x_wconf 83' lang='lat' dir='ltr'>AD</span> <span class='ocrx_word' id='word_1_4' title='bbox 889 148 935 189; x_wconf 89' lang='lat' dir='ltr'>T.</span> <span class='ocrx_word' id='word_1_5' title='bbox 969 147 1320 190; x_wconf 77' lang='lat' dir='ltr'>POMPONIUM</span> <span class='ocrx_word' id='word_1_6' title='bbox 1352 147 1616 189; x_wconf 81' lang='lat' dir='ltr'>ATTICUM.</span> 
     </span>
    </p>
   </div>
   <div class='ocr_carea' id='block_1_3' title="bbox 227 282 2022 627">
    <p class='ocr_par' dir='ltr' id='par_1_3' title="bbox 227 282 2022 627">
     <span class='ocr_line' id='line_1_3' title="bbox 260 282 2022 339; baseline -0.004 -10"><span class='ocrx_word' id='word_1_7' title='bbox 260 288 362 328; x_wconf 84' lang='grc'>111010</span> <span class='ocrx_word' id='word_1_8' title='bbox 396 285 642 328; x_wconf 85' lang='lat' dir='ltr'>audiendum</span> <span class='ocrx_word' id='word_1_9' title='bbox 676 283 854 338; x_wconf 73' lang='lat' dir='ltr'>quotidie</span> <span class='ocrx_word' id='word_1_10' title='bbox 888 283 1096 339; x_wconf 83' lang='lat' dir='ltr'>praebeat!</span> <span class='ocrx_word' id='word_1_11' title='bbox 1144 285 1186 324; x_wconf 89' lang='lat'>6.</span> <span class='ocrx_word' id='word_1_12' title='bbox 1219 283 1389 338; x_wconf 79' lang='lat' dir='ltr'>Agraria</span> <span class='ocrx_word' id='word_1_13' title='bbox 1432 287 1566 325; x_wconf 88' lang='lat' dir='ltr'>autem</span> <span class='ocrx_word' id='word_1_14' title='bbox 1608 282 1859 338; x_wconf 82' lang='lat' dir='ltr'>promulgata</span> <span class='ocrx_word' id='word_1_15' title='bbox 1898 286 1959 322; x_wconf 89' lang='lat' dir='ltr'>est</span> <span class='ocrx_word' id='word_1_16' title='bbox 1999 297 2022 323; x_wconf 88' lang='lat' dir='ltr'>a</span> 
     </span>
     <span class='ocr_line' id='line_1_4' title="bbox 261 351 2021 411; baseline -0.002 -10"><span class='ocrx_word' id='word_1_17' title='bbox 261 361 413 411; x_wconf 75' lang='lat' dir='ltr'>Flavio,</span> <span class='ocrx_word' id='word_1_18' title='bbox 448 374 541 400; x_wconf 83' lang='lat' dir='ltr'>sane</span> <span class='ocrx_word' id='word_1_19' title='bbox 574 358 686 408; x_wconf 84' lang='lat' dir='ltr'>levis,</span> <span class='ocrx_word' id='word_1_20' title='bbox 721 357 860 398; x_wconf 82' lang='lat' dir='ltr'>eadem</span> <span class='ocrx_word' id='word_1_21' title='bbox 892 357 985 407; x_wconf 84' lang='lat' dir='ltr'>fere,</span> <span class='ocrx_word' id='word_1_22' title='bbox 1021 372 1122 411; x_wconf 84' lang='grc'>(11100</span> <span class='ocrx_word' id='word_1_23' title='bbox 1155 356 1233 398; x_wconf 77' lang='lat' dir='ltr'>fuit</span> <span class='ocrx_word' id='word_1_24' title='bbox 1265 357 1410 398; x_wconf 88' lang='lat' dir='ltr'>Plotia.</span> <span class='ocrx_word' id='word_1_25' title='bbox 1460 356 1538 398; x_wconf 87' lang='lat' dir='ltr'>Sed</span> <span class='ocrx_word' id='word_1_26' title='bbox 1569 356 1722 397; x_wconf 86' lang='lat' dir='ltr'>interea</span> <span class='ocrx_word' id='word_1_27' title='bbox 1765 351 2021 405; x_wconf 78' lang='grc' dir='ltr'><em>πολιτικὸς</em></span> 
     </span>
     <span class='ocr_line' id='line_1_5' title="bbox 262 425 2022 491; baseline -0.005 -16"><span class='ocrx_word' id='word_1_28' title='bbox 262 430 386 491; x_wconf 68' lang='grc' dir='ltr'>ἀνὴρ</span> <span class='ocrx_word' id='word_1_29' title='bbox 419 425 524 474; x_wconf 64' lang='lat' dir='ltr'>ov&#39;cS&#39;</span> <span class='ocrx_word' id='word_1_30' title='bbox 561 428 687 488; x_wconf 78' lang='grc' dir='ltr'><em>ὄναρ</em></span> <span class='ocrx_word' id='word_1_31' title='bbox 720 430 932 484; x_wconf 83' lang='lat' dir='ltr'>quisquam</span> <span class='ocrx_word' id='word_1_32' title='bbox 964 428 1138 470; x_wconf 87' lang='lat' dir='ltr'>inveniri</span> <span class='ocrx_word' id='word_1_33' title='bbox 1169 432 1315 484; x_wconf 86' lang='lat' dir='ltr'>potest.</span> <span class='ocrx_word' id='word_1_34' title='bbox 1359 429 1440 480; x_wconf 77' lang='lat' dir='ltr'>Qui</span> <span class='ocrx_word' id='word_1_35' title='bbox 1483 432 1652 484; x_wconf 82' lang='lat' dir='ltr'>poterat,</span> <span class='ocrx_word' id='word_1_36' title='bbox 1694 427 1900 470; x_wconf 79' lang='lat' dir='ltr'>familiaris</span> <span class='ocrx_word' id='word_1_37' title='bbox 1932 441 2022 468; x_wconf 82' lang='lat' dir='ltr'>nos-</span> 
     </span>
     <span class='ocr_line' id='line_1_6' title="bbox 261 499 2022 556; baseline -0.004 -9"><span class='ocrx_word' id='word_1_38' title='bbox 261 512 322 548; x_wconf 89' lang='lat' dir='ltr'>ter</span> <span class='ocrx_word' id='word_1_39' title='bbox 356 530 413 536; x_wconf 88' lang='lat'>——</span> <span class='ocrx_word' id='word_1_40' title='bbox 448 505 505 545; x_wconf 86' lang='lat' dir='ltr'>sic</span> <span class='ocrx_word' id='word_1_41' title='bbox 538 508 598 545; x_wconf 87' lang='lat' dir='ltr'>est</span> <span class='ocrx_word' id='word_1_42' title='bbox 630 503 750 553; x_wconf 82' lang='lat' dir='ltr'>enim,</span> <span class='ocrx_word' id='word_1_43' title='bbox 786 503 874 543; x_wconf 87' lang='lat' dir='ltr'>volo</span> <span class='ocrx_word' id='word_1_44' title='bbox 906 507 947 543; x_wconf 88' lang='lat' dir='ltr'>te</span> <span class='ocrx_word' id='word_1_45' title='bbox 980 502 1056 543; x_wconf 88' lang='grc'>1100</span> <span class='ocrx_word' id='word_1_46' title='bbox 1090 501 1189 542; x_wconf 87' lang='lat' dir='ltr'>scire</span> <span class='ocrx_word' id='word_1_47' title='bbox 1224 526 1282 531; x_wconf 90' lang='lat'>——</span> <span class='ocrx_word' id='word_1_48' title='bbox 1316 501 1545 556; x_wconf 88' lang='lat' dir='ltr'>Pompeius,</span> <span class='ocrx_word' id='word_1_49' title='bbox 1587 500 1765 555; x_wconf 76' lang='lat' dir='ltr'>togulam</span> <span class='ocrx_word' id='word_1_50' title='bbox 1797 500 1908 541; x_wconf 74' lang='lat' dir='ltr'>illam</span> <span class='ocrx_word' id='word_1_51' title='bbox 1940 499 2022 554; x_wconf 92' lang='lat' dir='ltr'>pic-</span> 
     </span>
     <span class='ocr_line' id='line_1_7' title="bbox 227 572 2022 627; baseline -0.004 -6"><span class='ocrx_word' id='word_1_52' title='bbox 227 596 240 620; x_wconf 84' lang='lat'>5</span> <span class='ocrx_word' id='word_1_53' title='bbox 260 585 344 621; x_wconf 83' lang='lat' dir='ltr'>tam</span> <span class='ocrx_word' id='word_1_54' title='bbox 377 578 536 620; x_wconf 85' lang='lat' dir='ltr'>silentio</span> <span class='ocrx_word' id='word_1_55' title='bbox 568 581 705 618; x_wconf 85' lang='lat' dir='ltr'>tuetur</span> <span class='ocrx_word' id='word_1_56' title='bbox 738 591 865 616; x_wconf 83' lang='lat' dir='ltr'>suam.</span> <span class='ocrx_word' id='word_1_57' title='bbox 899 576 1065 616; x_wconf 83' lang='lat' dir='ltr'>Crassus</span> <span class='ocrx_word' id='word_1_58' title='bbox 1098 573 1264 615; x_wconf 88' lang='lat' dir='ltr'>verbum</span> <span class='ocrx_word' id='word_1_59' title='bbox 1296 574 1455 617; x_wconf 78' lang='lat' dir='ltr'>nullum</span> <span class='ocrx_word' id='word_1_60' title='bbox 1482 578 1620 615; x_wconf 82' lang='lat' dir='ltr'>contra</span> <span class='ocrx_word' id='word_1_61' title='bbox 1641 573 1824 627; x_wconf 80' lang='lat' dir='ltr'>gratiam.</span> <span class='ocrx_word' id='word_1_62' title='bbox 1859 572 2022 614; x_wconf 85' lang='lat' dir='ltr'>Ceteros</span> 
     </span>
    </p>
   </div>
   <div class='ocr_carea' id='block_1_4' title="bbox 259 645 2021 704">
    <p class='ocr_par' dir='ltr' id='par_1_4' title="bbox 259 645 2021 704">
     <span class='ocr_line' id='line_1_8' title="bbox 259 645 2021 704; baseline -0.005 -10"><span class='ocrx_word' id='word_1_63' title='bbox 259 654 339 695; x_wconf 80' lang='lat' dir='ltr'>iam</span> <span class='ocrx_word' id='word_1_64' title='bbox 372 652 498 702; x_wconf 83' lang='lat' dir='ltr'>nosti3</span> <span class='ocrx_word' id='word_1_65' title='bbox 545 650 615 704; x_wconf 90' lang='lat' dir='ltr'>qui</span> <span class='ocrx_word' id='word_1_66' title='bbox 645 650 703 690; x_wconf 81' lang='lat' dir='ltr'>ita</span> <span class='ocrx_word' id='word_1_67' title='bbox 736 652 830 689; x_wconf 89' lang='lat' dir='ltr'>sunt</span> <span class='ocrx_word' id='word_1_68' title='bbox 863 648 991 698; x_wconf 84' lang='lat' dir='ltr'>stulti,</span> <span class='ocrx_word' id='word_1_69' title='bbox 1025 651 1073 687; x_wconf 91' lang='lat' dir='ltr'>ut</span> <span class='ocrx_word' id='word_1_70' title='bbox 1113 647 1256 688; x_wconf 85' lang='lat' dir='ltr'>amissa</span> <span class='ocrx_word' id='word_1_71' title='bbox 1299 662 1340 687; x_wconf 89' lang='lat' dir='ltr'>re</span> <span class='ocrx_word' id='word_1_72' title='bbox 1381 646 1543 702; x_wconf 81' lang='lat' dir='ltr'>publica</span> <span class='ocrx_word' id='word_1_73' title='bbox 1586 645 1761 701; x_wconf 78' lang='lat' dir='ltr'>piscinas</span> <span class='ocrx_word' id='word_1_74' title='bbox 1806 660 1898 687; x_wconf 86' lang='lat' dir='ltr'>suas</span> <span class='ocrx_word' id='word_1_75' title='bbox 1939 645 2021 685; x_wconf 80' lang='lat' dir='ltr'>fore</span> 
     </span>
    </p>
   </div>
   <div class='ocr_carea' id='block_1_5' title="bbox 263 718 2022 780">
    <p class='ocr_par' dir='ltr' id='par_1_5' title="bbox 263 718 2022 780">
     <span class='ocr_line' id='line_1_9' title="bbox 263 718 2022 780; baseline -0.005 -13"><span class='ocrx_word' id='word_1_76' title='bbox 263 726 390 768; x_wconf 84' lang='lat' dir='ltr'>salvas</span> <span class='ocrx_word' id='word_1_77' title='bbox 424 738 578 780; x_wconf 85' lang='lat' dir='ltr'>sperare</span> <span class='ocrx_word' id='word_1_78' title='bbox 612 722 837 763; x_wconf 83' lang='lat' dir='ltr'>videantur.</span> <span class='ocrx_word' id='word_1_79' title='bbox 888 721 926 761; x_wconf 87' lang='grc'>7.</span> <span class='ocrx_word' id='word_1_80' title='bbox 960 720 1077 761; x_wconf 88' lang='lat' dir='ltr'>Unus</span> <span class='ocrx_word' id='word_1_81' title='bbox 1111 723 1184 770; x_wconf 90' lang='lat' dir='ltr'>est,</span> <span class='ocrx_word' id='word_1_82' title='bbox 1220 719 1289 773; x_wconf 88' lang='lat' dir='ltr'>qui</span> <span class='ocrx_word' id='word_1_83' title='bbox 1323 724 1435 762; x_wconf 87' lang='lat' dir='ltr'>curet</span> <span class='ocrx_word' id='word_1_84' title='bbox 1468 719 1693 762; x_wconf 82' lang='lat' dir='ltr'>constantia</span> <span class='ocrx_word' id='word_1_85' title='bbox 1725 719 1852 775; x_wconf 83' lang='lat' dir='ltr'>magis</span> <span class='ocrx_word' id='word_1_86' title='bbox 1885 723 1925 760; x_wconf 89' lang='lat' dir='ltr'>et</span> <span class='ocrx_word' id='word_1_87' title='bbox 1963 718 2022 760; x_wconf 86' lang='grc'>111-</span> 
     </span>
    </p>
   </div>
   <div class='ocr_carea' id='block_1_6' title="bbox 262 792 2024 854">
    <p class='ocr_par' dir='ltr' id='par_1_6' title="bbox 262 792 2024 854">
     <span class='ocr_line' id='line_1_10' title="bbox 262 792 2024 854; baseline -0.005 -14"><span class='ocrx_word' id='word_1_88' title='bbox 262 799 462 854; x_wconf 81' lang='lat' dir='ltr'>tegritate,</span> <span class='ocrx_word' id='word_1_89' title='bbox 497 811 631 851; x_wconf 86' lang='lat' dir='ltr'>quam,</span> <span class='ocrx_word' id='word_1_90' title='bbox 665 800 711 836; x_wconf 89' lang='lat' dir='ltr'>ut</span> <span class='ocrx_word' id='word_1_91' title='bbox 743 794 843 834; x_wconf 89' lang='lat' dir='ltr'>mihi</span> <span class='ocrx_word' id='word_1_92' title='bbox 876 793 1049 844; x_wconf 85' lang='lat' dir='ltr'>videtur,</span> <span class='ocrx_word' id='word_1_93' title='bbox 1084 792 1251 834; x_wconf 79' lang='lat' dir='ltr'>consilio</span> <span class='ocrx_word' id='word_1_94' title='bbox 1284 797 1355 833; x_wconf 83' lang='lat' dir='ltr'>aut</span> <span class='ocrx_word' id='word_1_95' title='bbox 1387 792 1564 847; x_wconf 82' lang='lat' dir='ltr'>ingenio,</span> <span class='ocrx_word' id='word_1_96' title='bbox 1610 792 1723 842; x_wconf 87' lang='lat' dir='ltr'>Cato,</span> <span class='ocrx_word' id='word_1_97' title='bbox 1759 792 1828 846; x_wconf 87' lang='lat' dir='ltr'>qui</span> <span class='ocrx_word' id='word_1_98' title='bbox 1859 792 2024 833; x_wconf 85' lang='lat' dir='ltr'>miseros</span> 
     </span>
    </p>
   </div>
   <div class='ocr_carea' id='block_1_7' title="bbox 263 865 2024 927">
    <p class='ocr_par' dir='ltr' id='par_1_7' title="bbox 263 865 2024 927">
     <span class='ocr_line' id='line_1_11' title="bbox 263 865 2024 927; baseline -0.005 -14"><span class='ocrx_word' id='word_1_99' title='bbox 263 872 512 927; x_wconf 85' lang='lat' dir='ltr'>publicanos,</span> <span class='ocrx_word' id='word_1_100' title='bbox 548 884 646 924; x_wconf 83' lang='lat' dir='ltr'>quos</span> <span class='ocrx_word' id='word_1_101' title='bbox 680 867 823 908; x_wconf 80' lang='lat' dir='ltr'>habuit</span> <span class='ocrx_word' id='word_1_102' title='bbox 857 866 1151 908; x_wconf 85' lang='lat' dir='ltr'>amantissimos</span> <span class='ocrx_word' id='word_1_103' title='bbox 1185 865 1262 916; x_wconf 85' lang='lat' dir='ltr'>sui,</span> <span class='ocrx_word' id='word_1_104' title='bbox 1296 865 1462 907; x_wconf 84' lang='lat' dir='ltr'>tertium</span> <span class='ocrx_word' id='word_1_105' title='bbox 1494 865 1575 906; x_wconf 86' lang='lat' dir='ltr'>iam</span> <span class='ocrx_word' id='word_1_106' title='bbox 1606 880 1784 906; x_wconf 88' lang='lat' dir='ltr'>mensem</span> <span class='ocrx_word' id='word_1_107' title='bbox 1816 868 2024 906; x_wconf 59' lang='grc'>1701101110-</span> 
     </span>
    </p>
   </div>
   <div class='ocr_carea' id='block_1_8' title="bbox 211 937 2024 1000">
    <p class='ocr_par' dir='ltr' id='par_1_8' title="bbox 211 937 2024 1000">
     <span class='ocr_line' id='line_1_12' title="bbox 211 937 2024 1000; baseline -0.005 -13"><span class='ocrx_word' id='word_1_108' title='bbox 211 963 244 987; x_wconf 84' lang='lat'>10</span> <span class='ocrx_word' id='word_1_109' title='bbox 265 961 340 1000; x_wconf 81' lang='lat' dir='ltr'>que</span> <span class='ocrx_word' id='word_1_110' title='bbox 373 945 422 986; x_wconf 88' lang='lat' dir='ltr'>iis</span> <span class='ocrx_word' id='word_1_111' title='bbox 456 960 478 985; x_wconf 83' lang='lat' dir='ltr'>a</span> <span class='ocrx_word' id='word_1_112' title='bbox 511 947 652 984; x_wconf 84' lang='lat' dir='ltr'>senatu</span> <span class='ocrx_word' id='word_1_113' title='bbox 685 955 918 996; x_wconf 88' lang='lat' dir='ltr'>responsum</span> <span class='ocrx_word' id='word_1_114' title='bbox 953 939 1039 981; x_wconf 84' lang='lat' dir='ltr'>dari</span> <span class='ocrx_word' id='word_1_115' title='bbox 1061 939 1227 994; x_wconf 84' lang='lat' dir='ltr'>patitur.</span> <span class='ocrx_word' id='word_1_116' title='bbox 1262 940 1326 980; x_wconf 86' lang='lat' dir='ltr'>Ita</span> <span class='ocrx_word' id='word_1_117' title='bbox 1348 954 1422 979; x_wconf 88' lang='lat' dir='ltr'>nos</span> <span class='ocrx_word' id='word_1_118' title='bbox 1444 939 1624 993; x_wconf 77' lang='lat' dir='ltr'>cogimur</span> <span class='ocrx_word' id='word_1_119' title='bbox 1647 938 1810 992; x_wconf 84' lang='lat' dir='ltr'>reliquis</span> <span class='ocrx_word' id='word_1_120' title='bbox 1834 937 1882 979; x_wconf 84' lang='lat' dir='ltr'>de</span> <span class='ocrx_word' id='word_1_121' title='bbox 1905 937 2024 978; x_wconf 87' lang='lat' dir='ltr'>rebus</span> 
     </span>
    </p>
   </div>
   <div class='ocr_carea' id='block_1_9' title="bbox 264 1011 2026 1069">
    <p class='ocr_par' dir='ltr' id='par_1_9' title="bbox 264 1011 2026 1069">
     <span class='ocr_line' id='line_1_13' title="bbox 264 1011 2026 1069; baseline -0.003 -11"><span class='ocrx_word' id='word_1_122' title='bbox 264 1017 366 1059; x_wconf 87' lang='lat' dir='ltr'>nihil</span> <span class='ocrx_word' id='word_1_123' title='bbox 399 1017 609 1057; x_wconf 77' lang='lat' dir='ltr'>decernere</span> <span class='ocrx_word' id='word_1_124' title='bbox 644 1018 748 1065; x_wconf 84' lang='lat' dir='ltr'>ante,</span> <span class='ocrx_word' id='word_1_125' title='bbox 784 1028 903 1068; x_wconf 80' lang='lat' dir='ltr'>quam</span> <span class='ocrx_word' id='word_1_126' title='bbox 936 1012 1163 1069; x_wconf 76' lang='lat' dir='ltr'>publicanis</span> <span class='ocrx_word' id='word_1_127' title='bbox 1196 1027 1434 1067; x_wconf 86' lang='lat' dir='ltr'>responsum</span> <span class='ocrx_word' id='word_1_128' title='bbox 1468 1012 1533 1053; x_wconf 88' lang='lat' dir='ltr'>sit.</span> <span class='ocrx_word' id='word_1_129' title='bbox 1590 1012 1722 1063; x_wconf 72' lang='lat' dir='ltr'>Quare</span> <span class='ocrx_word' id='word_1_130' title='bbox 1768 1011 1888 1052; x_wconf 85' lang='lat' dir='ltr'>etiam</span> <span class='ocrx_word' id='word_1_131' title='bbox 1920 1011 2026 1065; x_wconf 82' lang='lat' dir='ltr'>lega-</span> 
     </span>
    </p>
   </div>
   <div class='ocr_carea' id='block_1_10' title="bbox 264 1084 2028 1143">
    <p class='ocr_par' dir='ltr' id='par_1_10' title="bbox 264 1084 2028 1143">
     <span class='ocr_line' id='line_1_14' title="bbox 264 1084 2028 1143; baseline -0.004 -11"><span class='ocrx_word' id='word_1_132' title='bbox 264 1092 393 1132; x_wconf 87' lang='lat' dir='ltr'>tiones</span> <span class='ocrx_word' id='word_1_133' title='bbox 426 1089 618 1130; x_wconf 86' lang='lat' dir='ltr'>reiectum</span> <span class='ocrx_word' id='word_1_134' title='bbox 651 1088 701 1129; x_wconf 86' lang='lat' dir='ltr'>iri</span> <span class='ocrx_word' id='word_1_135' title='bbox 733 1092 845 1143; x_wconf 90' lang='lat' dir='ltr'>puto.</span> <span class='ocrx_word' id='word_1_136' title='bbox 882 1090 923 1127; x_wconf 83' lang='lat'>8.</span> <span class='ocrx_word' id='word_1_137' title='bbox 957 1087 1080 1127; x_wconf 89' lang='lat' dir='ltr'>Nunc</span> <span class='ocrx_word' id='word_1_138' title='bbox 1113 1085 1238 1136; x_wconf 85' lang='lat' dir='ltr'>vides,</span> <span class='ocrx_word' id='word_1_139' title='bbox 1274 1086 1422 1140; x_wconf 89' lang='lat' dir='ltr'>quibus</span> <span class='ocrx_word' id='word_1_140' title='bbox 1455 1085 1645 1126; x_wconf 85' lang='lat' dir='ltr'>fluctibus</span> <span class='ocrx_word' id='word_1_141' title='bbox 1667 1085 1881 1136; x_wconf 71' lang='lat' dir='ltr'>iactemur,</span> <span class='ocrx_word' id='word_1_142' title='bbox 1917 1089 1970 1135; x_wconf 88' lang='lat' dir='ltr'>et,</span> <span class='ocrx_word' id='word_1_143' title='bbox 1995 1084 2028 1125; x_wconf 90' lang='lat' dir='ltr'>si</span> 
     </span>
    </p>
   </div>
   <div class='ocr_carea' id='block_1_11' title="bbox 264 1161 1123 1218">
    <p class='ocr_par' dir='ltr' id='par_1_11' title="bbox 264 1161 1123 1218">
     <span class='ocr_line' id='line_1_15' title="bbox 264 1161 1123 1218; baseline -0.003 -12"><span class='ocrx_word' id='word_1_144' title='bbox 264 1180 311 1206; x_wconf 84' lang='lat' dir='ltr'>ex</span> <span class='ocrx_word' id='word_1_145' title='bbox 344 1164 408 1214; x_wconf 89' lang='grc'>115,</span> <span class='ocrx_word' id='word_1_146' title='bbox 443 1178 543 1217; x_wconf 83' lang='grc'>(11100</span> <span class='ocrx_word' id='word_1_147' title='bbox 577 1163 807 1218; x_wconf 80' lang='lat' dir='ltr'>scripsimus</span> <span class='ocrx_word' id='word_1_148' title='bbox 840 1165 966 1211; x_wconf 84' lang='lat' dir='ltr'>tanta,</span> <span class='ocrx_word' id='word_1_149' title='bbox 1002 1161 1123 1203; x_wconf 85' lang='lat' dir='ltr'>etiam</span> 
     </span>
    </p>
   </div>
   <div class='ocr_carea' id='block_1_12' title="bbox 1164 1158 2026 1214">
    <p class='ocr_par' dir='ltr' id='par_1_12' title="bbox 1164 1158 2026 1214">
     <span class='ocr_line' id='line_1_16' title="bbox 1164 1158 2026 1214; baseline -0.002 -13"><span class='ocrx_word' id='word_1_150' title='bbox 1164 1176 1186 1201; x_wconf 85' lang='lat' dir='ltr'>a</span> <span class='ocrx_word' id='word_1_151' title='bbox 1228 1175 1290 1201; x_wconf 92' lang='lat' dir='ltr'>me</span> <span class='ocrx_word' id='word_1_152' title='bbox 1334 1175 1416 1201; x_wconf 88' lang='lat' dir='ltr'>non</span> <span class='ocrx_word' id='word_1_153' title='bbox 1458 1159 1605 1214; x_wconf 80' lang='lat' dir='ltr'>scripta</span> <span class='ocrx_word' id='word_1_154' title='bbox 1648 1158 1854 1213; x_wconf 86' lang='lat' dir='ltr'>perspicis,</span> <span class='ocrx_word' id='word_1_155' title='bbox 1899 1158 2026 1199; x_wconf 86' lang='lat' dir='ltr'>revise</span> 
     </span>
    </p>
   </div>
   <div class='ocr_carea' id='block_1_13' title="bbox 264 1231 2026 1290">
    <p class='ocr_par' dir='ltr' id='par_1_13' title="bbox 264 1231 2026 1290">
     <span class='ocr_line' id='line_1_17' title="bbox 264 1231 2026 1290; baseline -0.003 -12"><span class='ocrx_word' id='word_1_156' title='bbox 264 1253 337 1279; x_wconf 87' lang='lat' dir='ltr'>nos</span> <span class='ocrx_word' id='word_1_157' title='bbox 371 1235 606 1290; x_wconf 70' lang='lat' dir='ltr'>aliquando,</span> <span class='ocrx_word' id='word_1_158' title='bbox 642 1240 682 1276; x_wconf 89' lang='lat' dir='ltr'>et</span> <span class='ocrx_word' id='word_1_159' title='bbox 716 1249 957 1289; x_wconf 85' lang='lat' dir='ltr'>quamquam</span> <span class='ocrx_word' id='word_1_160' title='bbox 991 1238 1086 1274; x_wconf 87' lang='lat' dir='ltr'>sunt</span> <span class='ocrx_word' id='word_1_161' title='bbox 1118 1233 1215 1274; x_wconf 85' lang='grc'>11000</span> <span class='ocrx_word' id='word_1_162' title='bbox 1249 1233 1455 1288; x_wconf 82' lang='lat' dir='ltr'>fugienda,</span> <span class='ocrx_word' id='word_1_163' title='bbox 1491 1247 1569 1286; x_wconf 88' lang='lat' dir='ltr'>quo</span> <span class='ocrx_word' id='word_1_164' title='bbox 1596 1237 1636 1273; x_wconf 90' lang='lat' dir='ltr'>te</span> <span class='ocrx_word' id='word_1_165' title='bbox 1657 1247 1768 1283; x_wconf 82' lang='lat' dir='ltr'>voco,</span> <span class='ocrx_word' id='word_1_166' title='bbox 1792 1236 1928 1273; x_wconf 88' lang='lat' dir='ltr'>tamen</span> <span class='ocrx_word' id='word_1_167' title='bbox 1950 1231 2026 1282; x_wconf 82' lang='lat' dir='ltr'>fac,</span> 
     </span>
    </p>
   </div>
   <div class='ocr_carea' id='block_1_14' title="bbox 210 1303 2028 1359">
    <p class='ocr_par' dir='ltr' id='par_1_14' title="bbox 210 1303 2028 1359">
     <span class='ocr_line' id='line_1_18' title="bbox 210 1303 2028 1359; baseline -0.006 -5"><span class='ocrx_word' id='word_1_168' title='bbox 210 1329 243 1354; x_wconf 87' lang='lat'>15</span> <span class='ocrx_word' id='word_1_169' title='bbox 263 1316 310 1352; x_wconf 90' lang='lat' dir='ltr'>ut</span> <span class='ocrx_word' id='word_1_170' title='bbox 343 1324 514 1353; x_wconf 86' lang='lat' dir='ltr'>amorem</span> <span class='ocrx_word' id='word_1_171' title='bbox 548 1312 731 1349; x_wconf 83' lang='lat' dir='ltr'>nostrum</span> <span class='ocrx_word' id='word_1_172' title='bbox 762 1307 866 1348; x_wconf 84' lang='lat' dir='ltr'>tanti</span> <span class='ocrx_word' id='word_1_173' title='bbox 900 1306 1097 1357; x_wconf 86' lang='lat' dir='ltr'>aestimes,</span> <span class='ocrx_word' id='word_1_174' title='bbox 1145 1310 1190 1346; x_wconf 88' lang='lat' dir='ltr'>ut</span> <span class='ocrx_word' id='word_1_175' title='bbox 1224 1320 1269 1346; x_wconf 91' lang='lat' dir='ltr'>eo</span> <span class='ocrx_word' id='word_1_176' title='bbox 1302 1305 1364 1346; x_wconf 86' lang='lat' dir='ltr'>vel</span> <span class='ocrx_word' id='word_1_177' title='bbox 1405 1320 1497 1346; x_wconf 89' lang='lat' dir='ltr'>cum</span> <span class='ocrx_word' id='word_1_178' title='bbox 1540 1304 1603 1345; x_wconf 89' lang='lat' dir='ltr'>his</span> <span class='ocrx_word' id='word_1_179' title='bbox 1646 1304 1838 1345; x_wconf 86' lang='lat' dir='ltr'>molestiis</span> <span class='ocrx_word' id='word_1_180' title='bbox 1879 1303 2028 1359; x_wconf 85' lang='lat' dir='ltr'>perfrui</span> 
     </span>
    </p>
   </div>
   <div class='ocr_carea' id='block_1_15' title="bbox 262 1376 2028 1433">
    <p class='ocr_par' dir='ltr' id='par_1_15' title="bbox 262 1376 2028 1433">
     <span class='ocr_line' id='line_1_19' title="bbox 262 1376 2028 1433; baseline -0.004 -8"><span class='ocrx_word' id='word_1_181' title='bbox 262 1384 374 1425; x_wconf 88' lang='lat' dir='ltr'>velis.</span> <span class='ocrx_word' id='word_1_182' title='bbox 408 1384 529 1433; x_wconf 88' lang='lat' dir='ltr'>Nam,</span> <span class='ocrx_word' id='word_1_183' title='bbox 563 1397 613 1422; x_wconf 92' lang='lat' dir='ltr'>ne</span> <span class='ocrx_word' id='word_1_184' title='bbox 647 1379 789 1422; x_wconf 85' lang='lat' dir='ltr'>absens</span> <span class='ocrx_word' id='word_1_185' title='bbox 823 1394 1020 1430; x_wconf 84' lang='lat' dir='ltr'>censeare,</span> <span class='ocrx_word' id='word_1_186' title='bbox 1056 1377 1203 1420; x_wconf 88' lang='lat' dir='ltr'>curabo</span> <span class='ocrx_word' id='word_1_187' title='bbox 1237 1377 1477 1421; x_wconf 85' lang='lat' dir='ltr'>edicendum</span> <span class='ocrx_word' id='word_1_188' title='bbox 1511 1382 1551 1419; x_wconf 91' lang='lat' dir='ltr'>et</span> <span class='ocrx_word' id='word_1_189' title='bbox 1592 1376 1897 1433; x_wconf 84' lang='lat' dir='ltr'>proponendum</span> <span class='ocrx_word' id='word_1_190' title='bbox 1929 1376 2028 1418; x_wconf 87' lang='grc'>10015</span> 
     </span>
    </p>
   </div>
   <div class='ocr_carea' id='block_1_16' title="bbox 353 1482 444 1486">
    <p class='ocr_par' dir='ltr' id='par_1_16' title="bbox 353 1482 444 1486">
     <span class='ocr_line' id='line_1_20' title="bbox 353 1482 444 1486; baseline 0 0"><span class='ocrx_word' id='word_1_191' title='bbox 353 1482 444 1486; x_wconf 95' lang='lat' dir='ltr'> </span> 
     </span>
    </p>
   </div>
   <div class='ocr_carea' id='block_1_17' title="bbox 309 1529 897 1572">
    <p class='ocr_par' dir='ltr' id='par_1_17' title="bbox 309 1529 897 1572">
     <span class='ocr_line' id='line_1_21' title="bbox 309 1529 897 1572; baseline -0.009 -9"><span class='ocrx_word' id='word_1_192' title='bbox 309 1533 347 1563; x_wconf 78' lang='grc'>13</span> <span class='ocrx_word' id='word_1_193' title='bbox 369 1530 560 1572; x_wconf 66' lang='lat' dir='ltr'>scripsimm,</span> <span class='ocrx_word' id='word_1_194' title='bbox 584 1533 603 1568; x_wconf 56' lang='grc' dir='ltr'>’ἶ-</span> <span class='ocrx_word' id='word_1_195' title='bbox 627 1533 719 1561; x_wconf 67' lang='lat' dir='ltr'>tanta</span> <span class='ocrx_word' id='word_1_196' title='bbox 742 1529 836 1561; x_wconf 77' lang='lat' dir='ltr'>etiam</span> <span class='ocrx_word' id='word_1_197' title='bbox 858 1546 897 1550; x_wconf 83' lang='lat'>——-</span> 
     </span>
    </p>
   </div>
   <div class='ocr_carea' id='block_1_18' title="bbox 283 1612 488 1616">
    <p class='ocr_par' dir='ltr' id='par_1_18' title="bbox 283 1612 488 1616">
     <span class='ocr_line' id='line_1_22' title="bbox 283 1612 488 1616; baseline 0 0"><span class='ocrx_word' id='word_1_198' title='bbox 283 1612 488 1616; x_wconf 95' lang='lat' dir='ltr'> </span> 
     </span>
    </p>
   </div>
   <div class='ocr_carea' id='block_1_19' title="bbox 511 1611 599 1614">
    <p class='ocr_par' dir='ltr' id='par_1_19' title="bbox 511 1611 599 1614">
     <span class='ocr_line' id='line_1_23' title="bbox 511 1611 599 1614; baseline 0 0"><span class='ocrx_word' id='word_1_199' title='bbox 511 1611 599 1614; x_wconf 95' lang='lat' dir='ltr'> </span> 
     </span>
    </p>
   </div>
   <div class='ocr_carea' id='block_1_20' title="bbox 607 1610 689 1613">
    <p class='ocr_par' dir='ltr' id='par_1_20' title="bbox 607 1610 689 1613">
     <span class='ocr_line' id='line_1_24' title="bbox 607 1610 689 1613; baseline 0 0"><span class='ocrx_word' id='word_1_200' title='bbox 607 1610 689 1613; x_wconf 95' lang='lat' dir='ltr'> </span> 
     </span>
    </p>
   </div>
   <div class='ocr_carea' id='block_1_21' title="bbox 260 1657 1134 3150">
    <p class='ocr_par' dir='ltr' id='par_1_21' title="bbox 265 1657 1125 1746">
     <span class='ocr_line' id='line_1_25' title="bbox 268 1657 1125 1699; baseline -0.005 -7"><span class='ocrx_word' id='word_1_201' title='bbox 268 1661 444 1693; x_wconf 78' lang='lat' dir='ltr'>Palicanus</span> <span class='ocrx_word' id='word_1_202' title='bbox 469 1668 565 1699; x_wconf 78' lang='lat' dir='ltr'>aegre</span> <span class='ocrx_word' id='word_1_203' title='bbox 594 1658 720 1689; x_wconf 80' lang='lat' dir='ltr'>ferebat</span> <span class='ocrx_word' id='word_1_204' title='bbox 741 1657 922 1688; x_wconf 79' lang='lat' dir='ltr'>Afranium</span> <span class='ocrx_word' id='word_1_205' title='bbox 951 1657 1014 1688; x_wconf 84' lang='lat' dir='ltr'>sibi</span> <span class='ocrx_word' id='word_1_206' title='bbox 1037 1666 1125 1697; x_wconf 77' lang='lat' dir='ltr'>prae-</span> 
     </span>
     <span class='ocr_line' id='line_1_26' title="bbox 265 1716 470 1746; baseline -0.02 0"><span class='ocrx_word' id='word_1_207' title='bbox 265 1716 370 1746; x_wconf 83' lang='lat' dir='ltr'>latum</span> <span class='ocrx_word' id='word_1_208' title='bbox 391 1722 470 1744; x_wconf 87' lang='lat' dir='ltr'>esse.</span> 
     </span>
    </p>

    <p class='ocr_par' dir='ltr' id='par_1_22' title="bbox 260 1763 1129 2551">
     <span class='ocr_line' id='line_1_27' title="bbox 312 1763 1125 1805; baseline -0.006 -7"><span class='ocrx_word' id='word_1_209' title='bbox 312 1768 353 1798; x_wconf 73' lang='lat' dir='ltr'>Os</span> <span class='ocrx_word' id='word_1_210' title='bbox 375 1767 420 1798; x_wconf 78' lang='lat' dir='ltr'>ad</span> <span class='ocrx_word' id='word_1_211' title='bbox 440 1767 522 1797; x_wconf 82' lang='lat' dir='ltr'>male</span> <span class='ocrx_word' id='word_1_212' title='bbox 541 1764 730 1796; x_wconf 66' lang='lat' dir='ltr'>amlieudmn</span> <span class='ocrx_word' id='word_1_213' title='bbox 753 1776 780 1805; x_wconf 88' lang='lat' dir='ltr'>q.</span> <span class='ocrx_word' id='word_1_214' title='bbox 796 1764 959 1804; x_wconf 77' lang='lat' dir='ltr'>praebeat.</span> <span class='ocrx_word' id='word_1_215' title='bbox 989 1763 1125 1803; x_wconf 83' lang='lat' dir='ltr'>Proprie</span> 
     </span>
     <span class='ocr_line' id='line_1_28' title="bbox 269 1816 1126 1861; baseline -0.008 -9"><span class='ocrx_word' id='word_1_216' title='bbox 269 1832 304 1852; x_wconf 91' lang='lat' dir='ltr'>os</span> <span class='ocrx_word' id='word_1_217' title='bbox 327 1821 461 1861; x_wconf 83' lang='lat' dir='ltr'>praebet</span> <span class='ocrx_word' id='word_1_218' title='bbox 483 1819 587 1854; x_wconf 82' lang='lat' dir='ltr'>alteri,</span> <span class='ocrx_word' id='word_1_219' title='bbox 618 1818 673 1858; x_wconf 91' lang='lat' dir='ltr'>qui</span> <span class='ocrx_word' id='word_1_220' title='bbox 703 1817 865 1857; x_wconf 81' lang='lat' dir='ltr'>patienter</span> <span class='ocrx_word' id='word_1_221' title='bbox 893 1816 1047 1856; x_wconf 83' lang='lat' dir='ltr'>colaphos</span> <span class='ocrx_word' id='word_1_222' title='bbox 1078 1825 1126 1845; x_wconf 84' lang='grc'>00-</span> 
     </span>
     <span class='ocr_line' id='line_1_29' title="bbox 268 1869 1126 1916; baseline -0.008 -10"><span class='ocrx_word' id='word_1_223' title='bbox 268 1875 356 1916; x_wconf 80' lang='lat' dir='ltr'>cipit.</span> <span class='ocrx_word' id='word_1_224' title='bbox 388 1874 466 1904; x_wconf 88' lang='lat' dir='ltr'>Vid.</span> <span class='ocrx_word' id='word_1_225' title='bbox 490 1873 622 1913; x_wconf 84' lang='lat' dir='ltr'>interpr.</span> <span class='ocrx_word' id='word_1_226' title='bbox 647 1872 688 1902; x_wconf 87' lang='lat' dir='ltr'>ad</span> <span class='ocrx_word' id='word_1_227' title='bbox 710 1871 785 1902; x_wconf 86' lang='lat' dir='ltr'>Ter.</span> <span class='ocrx_word' id='word_1_228' title='bbox 808 1870 954 1911; x_wconf 85' lang='lat' dir='ltr'>Adelph.</span> <span class='ocrx_word' id='word_1_229' title='bbox 976 1870 1021 1900; x_wconf 85' lang='lat'>11.</span> <span class='ocrx_word' id='word_1_230' title='bbox 1045 1870 1073 1906; x_wconf 99' lang='grc'>2,</span> <span class='ocrx_word' id='word_1_231' title='bbox 1098 1869 1126 1901; x_wconf 85' lang='grc'>7.</span> 
     </span>
     <span class='ocr_line' id='line_1_30' title="bbox 268 1923 1127 1965; baseline -0.009 -5"><span class='ocrx_word' id='word_1_232' title='bbox 268 1929 441 1960; x_wconf 82' lang='lat' dir='ltr'>Translate</span> <span class='ocrx_word' id='word_1_233' title='bbox 476 1927 527 1958; x_wconf 83' lang='lat' dir='ltr'>usi</span> <span class='ocrx_word' id='word_1_234' title='bbox 556 1930 632 1957; x_wconf 89' lang='lat' dir='ltr'>sunt</span> <span class='ocrx_word' id='word_1_235' title='bbox 672 1934 803 1965; x_wconf 87' lang='lat' dir='ltr'>quoque</span> <span class='ocrx_word' id='word_1_236' title='bbox 836 1924 952 1955; x_wconf 84' lang='lat' dir='ltr'>Livius</span> <span class='ocrx_word' id='word_1_237' title='bbox 980 1923 1042 1954; x_wconf 91' lang='lat' dir='ltr'>IV.</span> <span class='ocrx_word' id='word_1_238' title='bbox 1076 1924 1127 1960; x_wconf 82' lang='lat'>35,</span> 
     </span>
     <span class='ocr_line' id='line_1_31' title="bbox 260 1975 1126 2023; baseline -0.007 -11"><span class='ocrx_word' id='word_1_239' title='bbox 260 1981 415 2023; x_wconf 75' lang='lat' dir='ltr'>praebere</span> <span class='ocrx_word' id='word_1_240' title='bbox 443 1979 488 2010; x_wconf 76' lang='lat' dir='ltr'>ad</span> <span class='ocrx_word' id='word_1_241' title='bbox 514 1978 731 2010; x_wconf 68' lang='lat' dir='ltr'>contumeliam</span> <span class='ocrx_word' id='word_1_242' title='bbox 760 1987 794 2008; x_wconf 69' lang='lat'>08</span> <span class='ocrx_word' id='word_1_243' title='bbox 824 1981 855 2008; x_wconf 87' lang='lat' dir='ltr'>et</span> <span class='ocrx_word' id='word_1_244' title='bbox 884 1976 1017 2006; x_wconf 85' lang='lat' dir='ltr'>Tacitus</span> <span class='ocrx_word' id='word_1_245' title='bbox 1039 1975 1126 2006; x_wconf 82' lang='lat' dir='ltr'>Hist.</span> 
     </span>
     <span class='ocr_line' id='line_1_32' title="bbox 268 2030 1126 2076; baseline -0.009 -8"><span class='ocrx_word' id='word_1_246' title='bbox 268 2038 334 2069; x_wconf 92' lang='lat' dir='ltr'>III.</span> <span class='ocrx_word' id='word_1_247' title='bbox 357 2037 406 2073; x_wconf 81' lang='lat'>31,</span> <span class='ocrx_word' id='word_1_248' title='bbox 423 2034 572 2076; x_wconf 77' lang='lat' dir='ltr'>praeberi</span> <span class='ocrx_word' id='word_1_249' title='bbox 594 2044 650 2064; x_wconf 78' lang='lat' dir='ltr'>ora</span> <span class='ocrx_word' id='word_1_250' title='bbox 672 2031 879 2063; x_wconf 70' lang='lat' dir='ltr'>contumeliis.</span> <span class='ocrx_word' id='word_1_251' title='bbox 922 2030 1021 2069; x_wconf 85' lang='lat' dir='ltr'>Quod</span> <span class='ocrx_word' id='word_1_252' title='bbox 1049 2040 1126 2061; x_wconf 85' lang='lat' dir='ltr'>vero</span> 
     </span>
     <span class='ocr_line' id='line_1_33' title="bbox 267 2084 1125 2125; baseline -0.012 -2"><span class='ocrx_word' id='word_1_253' title='bbox 267 2090 512 2123; x_wconf 85' lang='lat' dir='ltr'>Wernsdorfius</span> <span class='ocrx_word' id='word_1_254' title='bbox 546 2088 580 2119; x_wconf 91' lang='lat' dir='ltr'>in</span> <span class='ocrx_word' id='word_1_255' title='bbox 610 2087 741 2125; x_wconf 79' lang='lat' dir='ltr'>Quaest.</span> <span class='ocrx_word' id='word_1_256' title='bbox 774 2086 852 2117; x_wconf 86' lang='lat' dir='ltr'>Crit.</span> <span class='ocrx_word' id='word_1_257' title='bbox 881 2085 1003 2115; x_wconf 88' lang='lat' dir='ltr'>Numb.</span> <span class='ocrx_word' id='word_1_258' title='bbox 1036 2084 1125 2120; x_wconf 82' lang='grc'>1823,</span> 
     </span>
     <span class='ocr_line' id='line_1_34' title="bbox 268 2138 1125 2187; baseline -0.012 -10"><span class='ocrx_word' id='word_1_259' title='bbox 268 2157 298 2187; x_wconf 89' lang='lat' dir='ltr'>p.</span> <span class='ocrx_word' id='word_1_260' title='bbox 321 2146 360 2176; x_wconf 76' lang='lat'>29</span> <span class='ocrx_word' id='word_1_261' title='bbox 382 2148 533 2184; x_wconf 81' lang='lat' dir='ltr'>corrupta</span> <span class='ocrx_word' id='word_1_262' title='bbox 553 2142 654 2173; x_wconf 83' lang='lat' dir='ltr'>verba</span> <span class='ocrx_word' id='word_1_263' title='bbox 676 2141 710 2171; x_wconf 92' lang='lat' dir='ltr'>in</span> <span class='ocrx_word' id='word_1_264' title='bbox 733 2144 812 2171; x_wconf 79' lang='lat' dir='ltr'>orat.</span> <span class='ocrx_word' id='word_1_265' title='bbox 835 2150 865 2179; x_wconf 90' lang='lat' dir='ltr'>p.</span> <span class='ocrx_word' id='word_1_266' title='bbox 888 2139 984 2170; x_wconf 80' lang='lat' dir='ltr'>Rose.</span> <span class='ocrx_word' id='word_1_267' title='bbox 1011 2138 1125 2168; x_wconf 88' lang='lat' dir='ltr'>Amer.</span> 
     </span>
     <span class='ocr_line' id='line_1_35' title="bbox 268 2191 1128 2238; baseline -0.012 -7"><span class='ocrx_word' id='word_1_268' title='bbox 268 2201 329 2231; x_wconf 78' lang='lat'>144</span> <span class='ocrx_word' id='word_1_269' title='bbox 351 2199 537 2238; x_wconf 70' lang='lat' dir='ltr'>anulumque</span> <span class='ocrx_word' id='word_1_270' title='bbox 558 2195 646 2226; x_wconf 60' lang='lat' dir='ltr'>dedit</span> <span class='ocrx_word' id='word_1_271' title='bbox 669 2204 702 2225; x_wconf 77' lang='lat' dir='ltr'>os</span> <span class='ocrx_word' id='word_1_272' title='bbox 724 2204 809 2223; x_wconf 71' lang='lat' dir='ltr'>suum</span> <span class='ocrx_word' id='word_1_273' title='bbox 835 2192 892 2222; x_wconf 68' lang='lat' dir='ltr'>tibi</span> <span class='ocrx_word' id='word_1_274' title='bbox 920 2191 1056 2222; x_wconf 74' lang='lat' dir='ltr'>tradidit</span> <span class='ocrx_word' id='word_1_275' title='bbox 1086 2201 1128 2222; x_wconf 81' lang='lat' dir='ltr'>ex</span> 
     </span>
     <span class='ocr_line' id='line_1_36' title="bbox 267 2245 1126 2288; baseline -0.013 -3"><span class='ocrx_word' id='word_1_276' title='bbox 267 2255 329 2285; x_wconf 83' lang='lat' dir='ltr'>hae</span> <span class='ocrx_word' id='word_1_277' title='bbox 357 2253 524 2284; x_wconf 87' lang='lat' dir='ltr'>locutione</span> <span class='ocrx_word' id='word_1_278' title='bbox 560 2249 692 2281; x_wconf 82' lang='lat' dir='ltr'>defendi</span> <span class='ocrx_word' id='word_1_279' title='bbox 728 2257 821 2288; x_wconf 85' lang='lat' dir='ltr'>posse</span> <span class='ocrx_word' id='word_1_280' title='bbox 858 2251 958 2287; x_wconf 82' lang='lat' dir='ltr'>putat,</span> <span class='ocrx_word' id='word_1_281' title='bbox 995 2245 1126 2275; x_wconf 80' lang='lat' dir='ltr'>fallitur.</span> 
     </span>
     <span class='ocr_line' id='line_1_37' title="bbox 267 2298 1129 2347; baseline -0.014 -9"><span class='ocrx_word' id='word_1_282' title='bbox 267 2308 383 2347; x_wconf 88' lang='lat' dir='ltr'>Neque</span> <span class='ocrx_word' id='word_1_283' title='bbox 406 2305 495 2336; x_wconf 86' lang='grc'>0111111</span> <span class='ocrx_word' id='word_1_284' title='bbox 517 2303 674 2334; x_wconf 84' lang='lat' dir='ltr'>dixerunt</span> <span class='ocrx_word' id='word_1_285' title='bbox 696 2306 820 2331; x_wconf 85' lang='lat' dir='ltr'>veteres</span> <span class='ocrx_word' id='word_1_286' title='bbox 843 2309 876 2329; x_wconf 74' lang='lat' dir='ltr'>os</span> <span class='ocrx_word' id='word_1_287' title='bbox 898 2309 985 2328; x_wconf 70' lang='lat' dir='ltr'>saum</span> <span class='ocrx_word' id='word_1_288' title='bbox 1001 2298 1129 2328; x_wconf 72' lang='lat' dir='ltr'>[radere</span> 
     </span>
     <span class='ocr_line' id='line_1_38' title="bbox 268 2351 1128 2396; baseline -0.012 -6"><span class='ocrx_word' id='word_1_289' title='bbox 268 2359 376 2396; x_wconf 71' lang='lat' dir='ltr'>alicui,</span> <span class='ocrx_word' id='word_1_290' title='bbox 400 2363 431 2389; x_wconf 89' lang='lat' dir='ltr'>et</span> <span class='ocrx_word' id='word_1_291' title='bbox 453 2358 480 2388; x_wconf 89' lang='lat' dir='ltr'>si</span> <span class='ocrx_word' id='word_1_292' title='bbox 503 2357 557 2388; x_wconf 85' lang='lat' dir='ltr'>vel</span> <span class='ocrx_word' id='word_1_293' title='bbox 579 2355 724 2386; x_wconf 80' lang='lat' dir='ltr'>maxime</span> <span class='ocrx_word' id='word_1_294' title='bbox 746 2354 918 2389; x_wconf 82' lang='lat' dir='ltr'>dixissent,</span> <span class='ocrx_word' id='word_1_295' title='bbox 942 2351 1002 2382; x_wconf 88' lang='lat' dir='ltr'>illo</span> <span class='ocrx_word' id='word_1_296' title='bbox 1017 2356 1128 2381; x_wconf 83' lang='lat' dir='ltr'>tamen</span> 
     </span>
     <span class='ocr_line' id='line_1_39' title="bbox 268 2405 1128 2447; baseline -0.014 -2"><span class='ocrx_word' id='word_1_297' title='bbox 268 2414 341 2445; x_wconf 87' lang='grc'>1000</span> <span class='ocrx_word' id='word_1_298' title='bbox 364 2411 561 2443; x_wconf 79' lang='lat' dir='ltr'>sententiam</span> <span class='ocrx_word' id='word_1_299' title='bbox 584 2412 814 2447; x_wconf 73' lang='lat' dir='ltr'>corrumperet.</span> <span class='ocrx_word' id='word_1_300' title='bbox 858 2405 1031 2436; x_wconf 83' lang='lat' dir='ltr'>Praeclare</span> <span class='ocrx_word' id='word_1_301' title='bbox 1061 2414 1128 2434; x_wconf 85' lang='lat' dir='ltr'>cor-</span> 
     </span>
     <span class='ocr_line' id='line_1_40' title="bbox 269 2457 1128 2501; baseline -0.014 -3"><span class='ocrx_word' id='word_1_302' title='bbox 269 2467 357 2498; x_wconf 74' lang='lat' dir='ltr'>rexit</span> <span class='ocrx_word' id='word_1_303' title='bbox 385 2464 588 2495; x_wconf 81' lang='lat' dir='ltr'>Lambinus:</span> <span class='ocrx_word' id='word_1_304' title='bbox 619 2461 805 2501; x_wconf 67' lang='lat' dir='ltr'>anulumque</span> <span class='ocrx_word' id='word_1_305' title='bbox 842 2459 880 2489; x_wconf 86' lang='lat' dir='ltr'>de</span> <span class='ocrx_word' id='word_1_306' title='bbox 909 2457 1008 2499; x_wconf 66' lang='lat' dir='ltr'>diqito</span> <span class='ocrx_word' id='word_1_307' title='bbox 1041 2468 1128 2487; x_wconf 67' lang='lat' dir='ltr'>saum</span> 
     </span>
     <span class='ocr_line' id='line_1_41' title="bbox 270 2518 498 2551; baseline -0.018 0"><span class='ocrx_word' id='word_1_308' title='bbox 270 2520 327 2551; x_wconf 71' lang='lat' dir='ltr'>tibi</span> <span class='ocrx_word' id='word_1_309' title='bbox 349 2518 498 2550; x_wconf 76' lang='lat' dir='ltr'>tradidit.</span> 
     </span>
    </p>

    <p class='ocr_par' dir='ltr' id='par_1_23' title="bbox 272 2563 1129 2724">
     <span class='ocr_line' id='line_1_42' title="bbox 313 2563 1127 2614; baseline -0.014 -10"><span class='ocrx_word' id='word_1_310' title='bbox 313 2575 331 2614; x_wconf 62' lang='grc' dir='ltr'>ξ</span> <span class='ocrx_word' id='word_1_311' title='bbox 355 2574 381 2604; x_wconf 83' lang='grc'>6,</span> <span class='ocrx_word' id='word_1_312' title='bbox 411 2570 551 2611; x_wconf 70' lang='lat' dir='ltr'>Ayraria</span> <span class='ocrx_word' id='word_1_313' title='bbox 567 2568 769 2609; x_wconf 67' lang='lat' dir='ltr'>promulyala</span> <span class='ocrx_word' id='word_1_314' title='bbox 792 2570 839 2598; x_wconf 73' lang='lat' dir='ltr'>esf</span> <span class='ocrx_word' id='word_1_315' title='bbox 862 2577 881 2595; x_wconf 70' lang='lat' dir='ltr'>cc</span> <span class='ocrx_word' id='word_1_316' title='bbox 912 2564 1033 2595; x_wconf 74' lang='lat' dir='ltr'>Flavio.</span> <span class='ocrx_word' id='word_1_317' title='bbox 1078 2563 1127 2594; x_wconf 87' lang='lat' dir='ltr'>Cf.</span> 
     </span>
     <span class='ocr_line' id='line_1_43' title="bbox 272 2618 1129 2669; baseline -0.015 -9"><span class='ocrx_word' id='word_1_318' title='bbox 272 2639 319 2669; x_wconf 90' lang='lat' dir='ltr'>ep.</span> <span class='ocrx_word' id='word_1_319' title='bbox 343 2637 419 2667; x_wconf 65' lang='lat' dir='ltr'>seq„</span> <span class='ocrx_word' id='word_1_320' title='bbox 443 2628 463 2656; x_wconf 74' lang='lat'>4</span> <span class='ocrx_word' id='word_1_321' title='bbox 486 2630 516 2655; x_wconf 86' lang='lat' dir='ltr'>et</span> <span class='ocrx_word' id='word_1_322' title='bbox 540 2625 602 2655; x_wconf 87' lang='lat' dir='ltr'>Dio</span> <span class='ocrx_word' id='word_1_323' title='bbox 626 2622 714 2653; x_wconf 82' lang='lat' dir='ltr'>Cass.</span> <span class='ocrx_word' id='word_1_324' title='bbox 737 2620 925 2652; x_wconf 86' lang='lat' dir='ltr'>XXXVII.</span> <span class='ocrx_word' id='word_1_325' title='bbox 958 2620 1006 2655; x_wconf 81' lang='lat'>50,</span> <span class='ocrx_word' id='word_1_326' title='bbox 1041 2618 1129 2648; x_wconf 87' lang='lat' dir='ltr'>uude</span> 
     </span>
     <span class='ocr_line' id='line_1_44' title="bbox 272 2681 731 2724; baseline -0.02 -10"><span class='ocrx_word' id='word_1_327' title='bbox 272 2687 359 2724; x_wconf 78' lang='lat' dir='ltr'>patet</span> <span class='ocrx_word' id='word_1_328' title='bbox 380 2681 539 2721; x_wconf 83' lang='lat' dir='ltr'>perlat-am</span> <span class='ocrx_word' id='word_1_329' title='bbox 561 2688 628 2708; x_wconf 89' lang='grc'>11011</span> <span class='ocrx_word' id='word_1_330' title='bbox 652 2686 731 2707; x_wconf 88' lang='grc'>0550.</span> 
     </span>
    </p>

    <p class='ocr_par' dir='ltr' id='par_1_24' title="bbox 272 2725 1131 2879">
     <span class='ocr_line' id='line_1_45' title="bbox 314 2725 1131 2771; baseline -0.015 -5"><span class='ocrx_word' id='word_1_331' title='bbox 314 2735 432 2771; x_wconf 73' lang='lat' dir='ltr'>Plotia,</span> <span class='ocrx_word' id='word_1_332' title='bbox 456 2733 534 2764; x_wconf 75' lang='lat' dir='ltr'>anni</span> <span class='ocrx_word' id='word_1_333' title='bbox 558 2731 683 2767; x_wconf 82' lang='lat' dir='ltr'>incerti,</span> <span class='ocrx_word' id='word_1_334' title='bbox 709 2744 721 2755; x_wconf 74' lang='grc' dir='ltr'><em>υ</em></span> <span class='ocrx_word' id='word_1_335' title='bbox 735 2729 799 2759; x_wconf 79' lang='lat' dir='ltr'>lata</span> <span class='ocrx_word' id='word_1_336' title='bbox 821 2728 874 2758; x_wconf 86' lang='lat' dir='ltr'>vel</span> <span class='ocrx_word' id='word_1_337' title='bbox 898 2727 939 2757; x_wconf 83' lang='lat' dir='ltr'>ab</span> <span class='ocrx_word' id='word_1_338' title='bbox 961 2726 1003 2757; x_wconf 92' lang='lat' dir='ltr'>A.</span> <span class='ocrx_word' id='word_1_339' title='bbox 1034 2725 1131 2755; x_wconf 84' lang='lat' dir='ltr'>Plau-</span> 
     </span>
     <span class='ocr_line' id='line_1_46' title="bbox 272 2778 1131 2824; baseline -0.015 -4"><span class='ocrx_word' id='word_1_340' title='bbox 272 2790 317 2820; x_wconf 80' lang='lat' dir='ltr'>tio</span> <span class='ocrx_word' id='word_1_341' title='bbox 342 2788 478 2819; x_wconf 82' lang='lat' dir='ltr'>Silvano</span> <span class='ocrx_word' id='word_1_342' title='bbox 501 2785 575 2816; x_wconf 81' lang='lat' dir='ltr'>trib.</span> <span class='ocrx_word' id='word_1_343' title='bbox 597 2784 641 2824; x_wconf 90' lang='lat' dir='ltr'>pl.</span> <span class='ocrx_word' id='word_1_344' title='bbox 665 2794 692 2813; x_wconf 85' lang='lat' dir='ltr'>a.</span> <span class='ocrx_word' id='word_1_345' title='bbox 724 2782 782 2811; x_wconf 83' lang='lat'>655</span> <span class='ocrx_word' id='word_1_346' title='bbox 812 2781 864 2811; x_wconf 84' lang='lat' dir='ltr'>vel</span> <span class='ocrx_word' id='word_1_347' title='bbox 889 2791 907 2810; x_wconf 87' lang='lat' dir='ltr'>a</span> <span class='ocrx_word' id='word_1_348' title='bbox 928 2780 975 2810; x_wconf 91' lang='lat' dir='ltr'>M.</span> <span class='ocrx_word' id='word_1_349' title='bbox 1000 2778 1131 2809; x_wconf 81' lang='lat' dir='ltr'>Plautio</span> 
     </span>
     <span class='ocr_line' id='line_1_47' title="bbox 274 2834 896 2879; baseline -0.016 -6"><span class='ocrx_word' id='word_1_350' title='bbox 274 2842 411 2873; x_wconf 79' lang='lat' dir='ltr'>Silvano</span> <span class='ocrx_word' id='word_1_351' title='bbox 432 2840 505 2870; x_wconf 84' lang='lat' dir='ltr'>trib.</span> <span class='ocrx_word' id='word_1_352' title='bbox 530 2839 573 2879; x_wconf 87' lang='lat' dir='ltr'>pl.</span> <span class='ocrx_word' id='word_1_353' title='bbox 597 2848 623 2867; x_wconf 81' lang='lat' dir='ltr'>a.</span> <span class='ocrx_word' id='word_1_354' title='bbox 647 2837 741 2866; x_wconf 54' lang='lat'>6647*</span> <span class='ocrx_word' id='word_1_355' title='bbox 764 2834 896 2865; x_wconf 84' lang='lat' dir='ltr'>Schntz.</span> 
     </span>
    </p>

    <p class='ocr_par' dir='ltr' id='par_1_25' title="bbox 274 2883 1132 2991">
     <span class='ocr_line' id='line_1_48' title="bbox 316 2883 1132 2934; baseline -0.018 -5"><span class='ocrx_word' id='word_1_356' title='bbox 316 2891 490 2931; x_wconf 70' lang='grc' dir='ltr'>πολιτικῦς</span> <span class='ocrx_word' id='word_1_357' title='bbox 518 2890 604 2934; x_wconf 69' lang='grc' dir='ltr'>ἀνὴρ</span> <span class='ocrx_word' id='word_1_358' title='bbox 635 2883 706 2924; x_wconf 63' lang='grc' dir='ltr'>οὐδ’</span> <span class='ocrx_word' id='word_1_359' title='bbox 737 2885 833 2932; x_wconf 74' lang='grc' dir='ltr'>ὄναρ,</span> <span class='ocrx_word' id='word_1_360' title='bbox 865 2887 922 2927; x_wconf 87' lang='lat' dir='ltr'>qui</span> <span class='ocrx_word' id='word_1_361' title='bbox 950 2896 1050 2927; x_wconf 88' lang='lat' dir='ltr'>remp.</span> <span class='ocrx_word' id='word_1_362' title='bbox 1081 2895 1132 2915; x_wconf 85' lang='lat' dir='ltr'>cu-</span> 
     </span>
     <span class='ocr_line' id='line_1_49' title="bbox 274 2946 817 2991; baseline -0.018 -7"><span class='ocrx_word' id='word_1_363' title='bbox 274 2958 323 2984; x_wconf 87' lang='lat' dir='ltr'>ret</span> <span class='ocrx_word' id='word_1_364' title='bbox 345 2961 386 2982; x_wconf 90' lang='lat' dir='ltr'>ne</span> <span class='ocrx_word' id='word_1_365' title='bbox 410 2960 467 2991; x_wconf 86' lang='lat' dir='ltr'>per</span> <span class='ocrx_word' id='word_1_366' title='bbox 488 2949 654 2980; x_wconf 86' lang='lat' dir='ltr'>somnium</span> <span class='ocrx_word' id='word_1_367' title='bbox 676 2946 817 2987; x_wconf 87' lang='lat' dir='ltr'>quidem.</span> 
     </span>
    </p>

    <p class='ocr_par' dir='ltr' id='par_1_26' title="bbox 275 2993 1134 3150">
     <span class='ocr_line' id='line_1_50' title="bbox 316 2993 1132 3043; baseline -0.012 -9"><span class='ocrx_word' id='word_1_368' title='bbox 316 3003 480 3043; x_wconf 72' lang='lat' dir='ltr'>Pompeius</span> <span class='ocrx_word' id='word_1_369' title='bbox 509 3001 644 3041; x_wconf 59' lang='lat' dir='ltr'>{offulam</span> <span class='ocrx_word' id='word_1_370' title='bbox 674 3018 716 3023; x_wconf 80' lang='lat'>--</span> <span class='ocrx_word' id='word_1_371' title='bbox 748 3008 844 3028; x_wconf 68' lang='lat' dir='ltr'>suam.</span> <span class='ocrx_word' id='word_1_372' title='bbox 886 2996 1046 3026; x_wconf 49' lang='lat' dir='ltr'>aAbsente</span> <span class='ocrx_word' id='word_1_373' title='bbox 1079 2993 1132 3024; x_wconf 78' lang='lat' dir='ltr'>Cn.</span> 
     </span>
     <span class='ocr_line' id='line_1_51' title="bbox 275 3047 1133 3097; baseline -0.013 -10"><span class='ocrx_word' id='word_1_374' title='bbox 275 3056 420 3097; x_wconf 73' lang='lat' dir='ltr'>Pompeio</span> <span class='ocrx_word' id='word_1_375' title='bbox 446 3056 479 3087; x_wconf 80' lang='lat' dir='ltr'>T.</span> <span class='ocrx_word' id='word_1_376' title='bbox 501 3054 629 3094; x_wconf 70' lang='lat' dir='ltr'>Ampius</span> <span class='ocrx_word' id='word_1_377' title='bbox 651 3055 681 3082; x_wconf 73' lang='lat' dir='ltr'>ec</span> <span class='ocrx_word' id='word_1_378' title='bbox 708 3051 740 3083; x_wconf 84' lang='grc' dir='ltr'>Τ.</span> <span class='ocrx_word' id='word_1_379' title='bbox 763 3050 919 3081; x_wconf 69' lang='lat' dir='ltr'>Labienus</span> <span class='ocrx_word' id='word_1_380' title='bbox 938 3047 1055 3078; x_wconf 63' lang='lat' dir='ltr'>tribum*</span> <span class='ocrx_word' id='word_1_381' title='bbox 1066 3047 1133 3088; x_wconf 71' lang='lat' dir='ltr'>ple-</span> 
     </span>
     <span class='ocr_line' id='line_1_52' title="bbox 277 3101 1134 3150; baseline -0.013 -8"><span class='ocrx_word' id='word_1_382' title='bbox 277 3111 324 3143; x_wconf 69' lang='lat' dir='ltr'>bis</span> <span class='ocrx_word' id='word_1_383' title='bbox 350 3115 392 3149; x_wconf 82' lang='lat' dir='ltr'>(a.</span> <span class='ocrx_word' id='word_1_384' title='bbox 416 3111 488 3149; x_wconf 78' lang='lat'>690)</span> <span class='ocrx_word' id='word_1_385' title='bbox 511 3109 609 3150; x_wconf 74' lang='lat' dir='ltr'>leqem</span> <span class='ocrx_word' id='word_1_386' title='bbox 632 3107 782 3142; x_wconf 71' lang='lat' dir='ltr'>tulerunt,</span> <span class='ocrx_word' id='word_1_387' title='bbox 805 3106 841 3135; x_wconf 72' lang='lat' dir='ltr'>ut</span> <span class='ocrx_word' id='word_1_388' title='bbox 861 3104 890 3134; x_wconf 75' lang='lat' dir='ltr'>is</span> <span class='ocrx_word' id='word_1_389' title='bbox 911 3102 996 3133; x_wconf 77' lang='lat' dir='ltr'>ludis</span> <span class='ocrx_word' id='word_1_390' title='bbox 1011 3101 1134 3132; x_wconf 69' lang='lat' dir='ltr'>Circen-</span> 
     </span>
    </p>
   </div>
   <div class='ocr_carea' id='block_1_22' title="bbox 278 3154 1158 3198">
    <p class='ocr_par' dir='ltr' id='par_1_27' title="bbox 278 3154 1158 3198">
     <span class='ocr_line' id='line_1_53' title="bbox 278 3154 1158 3198; baseline -0.016 -2"><span class='ocrx_word' id='word_1_391' title='bbox 278 3164 363 3196; x_wconf 65' lang='lat' dir='ltr'>sibus</span> <span class='ocrx_word' id='word_1_392' title='bbox 385 3173 502 3195; x_wconf 66' lang='lat' dir='ltr'>comma</span> <span class='ocrx_word' id='word_1_393' title='bbox 525 3162 636 3192; x_wconf 66' lang='lat' dir='ltr'>laurea</span> <span class='ocrx_word' id='word_1_394' title='bbox 660 3162 690 3190; x_wconf 75' lang='lat' dir='ltr'>eb</span> <span class='ocrx_word' id='word_1_395' title='bbox 719 3158 801 3191; x_wconf 65' lang='lat' dir='ltr'>omni</span> <span class='ocrx_word' id='word_1_396' title='bbox 829 3157 915 3187; x_wconf 68' lang='lat' dir='ltr'>cultu</span> <span class='ocrx_word' id='word_1_397' title='bbox 945 3154 1136 3198; x_wconf 62' lang='lat' dir='ltr'>triumphum-</span> <span class='ocrx_word' id='word_1_398' title='bbox 1155 3186 1158 3193; x_wconf 35' lang='grc' dir='ltr'><strong><em>Δ</em></strong></span> 
     </span>
    </p>
   </div>
   <div class='ocr_carea' id='block_1_23' title="bbox 1151 2187 1159 3137">
    <p class='ocr_par' dir='ltr' id='par_1_28' title="bbox 1151 2187 1159 3137">
     <span class='ocr_line' id='line_1_54' title="bbox 1151 2187 1159 3137; baseline 0 0"><span class='ocrx_word' id='word_1_399' title='bbox 1151 2187 1159 3137; x_wconf 95' lang='lat' dir='ltr'> </span> 
     </span>
    </p>
   </div>
   <div class='ocr_carea' id='block_1_24' title="bbox 1171 1657 2035 2604">
    <p class='ocr_par' dir='ltr' id='par_1_29' title="bbox 1171 1657 2032 1847">
     <span class='ocr_line' id='line_1_55' title="bbox 1173 1657 2030 1696; baseline -0.002 -9"><span class='ocrx_word' id='word_1_400' title='bbox 1173 1657 1247 1688; x_wconf 71' lang='lat' dir='ltr'>tium</span> <span class='ocrx_word' id='word_1_401' title='bbox 1271 1659 1422 1693; x_wconf 63' lang='lat' dir='ltr'>uteretur,</span> <span class='ocrx_word' id='word_1_402' title='bbox 1445 1657 1577 1687; x_wconf 69' lang='lat' dir='ltr'>scenicis</span> <span class='ocrx_word' id='word_1_403' title='bbox 1599 1658 1703 1687; x_wconf 77' lang='lat' dir='ltr'>autem</span> <span class='ocrx_word' id='word_1_404' title='bbox 1715 1657 1888 1696; x_wconf 66' lang='lat' dir='ltr'>praetexta</span> <span class='ocrx_word' id='word_1_405' title='bbox 1904 1665 2030 1687; x_wconf 82' lang='lat' dir='ltr'>corona-</span> 
     </span>
     <span class='ocr_line' id='line_1_56' title="bbox 1171 1709 2032 1751; baseline 0 -11"><span class='ocrx_word' id='word_1_406' title='bbox 1171 1720 1228 1751; x_wconf 74' lang='lat' dir='ltr'>que</span> <span class='ocrx_word' id='word_1_407' title='bbox 1249 1711 1371 1741; x_wconf 77' lang='lat' dir='ltr'>laurea.</span> <span class='ocrx_word' id='word_1_408' title='bbox 1395 1709 1438 1740; x_wconf 89' lang='lat' dir='ltr'>Id</span> <span class='ocrx_word' id='word_1_409' title='bbox 1457 1709 1514 1740; x_wconf 66' lang='lat' dir='ltr'>ille</span> <span class='ocrx_word' id='word_1_410' title='bbox 1536 1720 1595 1740; x_wconf 74' lang='lat' dir='ltr'>uon</span> <span class='ocrx_word' id='word_1_411' title='bbox 1616 1710 1688 1749; x_wconf 74' lang='lat' dir='ltr'>plus</span> <span class='ocrx_word' id='word_1_412' title='bbox 1710 1720 1800 1750; x_wconf 70' lang='lat' dir='ltr'>quam</span> <span class='ocrx_word' id='word_1_413' title='bbox 1813 1709 1917 1746; x_wconf 78' lang='lat' dir='ltr'>semel,</span> <span class='ocrx_word' id='word_1_414' title='bbox 1933 1711 1964 1740; x_wconf 80' lang='lat' dir='ltr'>et</span> <span class='ocrx_word' id='word_1_415' title='bbox 1975 1710 2032 1740; x_wconf 75' lang='lat' dir='ltr'>hoc</span> 
     </span>
     <span class='ocr_line' id='line_1_57' title="bbox 1171 1763 2031 1804; baseline -0.001 -10"><span class='ocrx_word' id='word_1_416' title='bbox 1171 1774 1248 1795; x_wconf 73' lang='lat' dir='ltr'>sane</span> <span class='ocrx_word' id='word_1_417' title='bbox 1281 1764 1407 1794; x_wconf 72' lang='lat' dir='ltr'>nimium</span> <span class='ocrx_word' id='word_1_418' title='bbox 1427 1763 1508 1804; x_wconf 73' lang='lat' dir='ltr'>ficit,</span> <span class='ocrx_word' id='word_1_419' title='bbox 1538 1773 1692 1803; x_wconf 71' lang='lat' dir='ltr'>usmymre</span> <span class='ocrx_word' id='word_1_420' title='bbox 1719 1763 1904 1794; x_wconf 53' lang='lat' dir='ltr'>sustinuitf&#39;</span> <span class='ocrx_word' id='word_1_421' title='bbox 1942 1764 2031 1795; x_wconf 87' lang='lat' dir='ltr'>Vell.</span> 
     </span>
     <span class='ocr_line' id='line_1_58' title="bbox 1173 1815 1942 1847; baseline -0.001 0"><span class='ocrx_word' id='word_1_422' title='bbox 1173 1816 1243 1847; x_wconf 86' lang='lat' dir='ltr'>Pat.</span> <span class='ocrx_word' id='word_1_423' title='bbox 1266 1817 1311 1847; x_wconf 87' lang='grc' dir='ltr'>ΙΙ.</span> <span class='ocrx_word' id='word_1_424' title='bbox 1334 1817 1384 1847; x_wconf 79' lang='lat'>40.</span> <span class='ocrx_word' id='word_1_425' title='bbox 1408 1816 1456 1847; x_wconf 89' lang='lat' dir='ltr'>Cf.</span> <span class='ocrx_word' id='word_1_426' title='bbox 1481 1816 1544 1847; x_wconf 88' lang='lat' dir='ltr'>Dio</span> <span class='ocrx_word' id='word_1_427' title='bbox 1568 1815 1656 1847; x_wconf 82' lang='lat' dir='ltr'>Cass.</span> <span class='ocrx_word' id='word_1_428' title='bbox 1680 1815 1870 1846; x_wconf 86' lang='lat' dir='ltr'>XXXVII.</span> <span class='ocrx_word' id='word_1_429' title='bbox 1893 1816 1942 1846; x_wconf 91' lang='grc'>21.</span> 
     </span>
    </p>

    <p class='ocr_par' dir='ltr' id='par_1_30' title="bbox 1173 1868 2033 2066">
     <span class='ocr_line' id='line_1_59' title="bbox 1214 1868 2028 1909; baseline 0.001 -11"><span class='ocrx_word' id='word_1_430' title='bbox 1214 1868 1358 1899; x_wconf 69' lang='lat' dir='ltr'>Piscinas</span> <span class='ocrx_word' id='word_1_431' title='bbox 1387 1879 1472 1900; x_wconf 68' lang='lat' dir='ltr'>suas.</span> <span class='ocrx_word' id='word_1_432' title='bbox 1508 1868 1708 1899; x_wconf 83' lang='lat' dir='ltr'>Piseinarios</span> <span class='ocrx_word' id='word_1_433' title='bbox 1742 1868 1802 1899; x_wconf 90' lang='lat' dir='ltr'>hos</span> <span class='ocrx_word' id='word_1_434' title='bbox 1835 1868 1943 1909; x_wconf 84' lang='lat' dir='ltr'>tangit</span> <span class='ocrx_word' id='word_1_435' title='bbox 1979 1878 2028 1909; x_wconf 89' lang='lat' dir='ltr'>ep.</span> 
     </span>
     <span class='ocr_line' id='line_1_60' title="bbox 1174 1920 2031 1961; baseline -0.001 -8"><span class='ocrx_word' id='word_1_436' title='bbox 1174 1923 1222 1959; x_wconf 83' lang='lat'>19,</span> <span class='ocrx_word' id='word_1_437' title='bbox 1247 1923 1274 1953; x_wconf 88' lang='lat'>6.</span> <span class='ocrx_word' id='word_1_438' title='bbox 1299 1923 1347 1959; x_wconf 86' lang='grc'>20,</span> <span class='ocrx_word' id='word_1_439' title='bbox 1372 1924 1399 1953; x_wconf 87' lang='grc'>3.</span> <span class='ocrx_word' id='word_1_440' title='bbox 1423 1922 1467 1953; x_wconf 90' lang='lat' dir='ltr'>II.</span> <span class='ocrx_word' id='word_1_441' title='bbox 1494 1923 1521 1958; x_wconf 89' lang='lat'>1,</span> <span class='ocrx_word' id='word_1_442' title='bbox 1546 1921 1563 1954; x_wconf 85' lang='lat'><strong>7</strong></span> <span class='ocrx_word' id='word_1_443' title='bbox 1587 1926 1618 1953; x_wconf 84' lang='lat' dir='ltr'>et</span> <span class='ocrx_word' id='word_1_444' title='bbox 1640 1922 1680 1953; x_wconf 86' lang='lat' dir='ltr'>de</span> <span class='ocrx_word' id='word_1_445' title='bbox 1702 1921 1783 1961; x_wconf 80' lang='lat' dir='ltr'>Leg.</span> <span class='ocrx_word' id='word_1_446' title='bbox 1806 1922 1853 1952; x_wconf 87' lang='grc' dir='ltr'>ΙΙ.</span> <span class='ocrx_word' id='word_1_447' title='bbox 1878 1921 1906 1959; x_wconf 89' lang='grc'>1,</span> <span class='ocrx_word' id='word_1_448' title='bbox 1929 1922 1957 1952; x_wconf 85' lang='grc'>2.</span> <span class='ocrx_word' id='word_1_449' title='bbox 1982 1920 2031 1953; x_wconf 89' lang='lat' dir='ltr'>Cf.</span> 
     </span>
     <span class='ocr_line' id='line_1_61' title="bbox 1173 1974 2033 2007; baseline -0.003 0"><span class='ocrx_word' id='word_1_450' title='bbox 1173 1976 1319 2007; x_wconf 73' lang='lat' dir='ltr'>Mam-ob.</span> <span class='ocrx_word' id='word_1_451' title='bbox 1343 1974 1409 2006; x_wconf 86' lang='lat' dir='ltr'>Sat.</span> <span class='ocrx_word' id='word_1_452' title='bbox 1433 1975 1496 2005; x_wconf 86' lang='lat' dir='ltr'>III.</span> <span class='ocrx_word' id='word_1_453' title='bbox 1521 1975 1568 2004; x_wconf 87' lang='lat'>15.</span> <span class='ocrx_word' id='word_1_454' title='bbox 1610 1974 1699 2004; x_wconf 87' lang='lat' dir='ltr'>Dicit</span> <span class='ocrx_word' id='word_1_455' title='bbox 1721 1978 1832 2007; x_wconf 84' lang='lat' dir='ltr'>antem</span> <span class='ocrx_word' id='word_1_456' title='bbox 1852 1974 1890 2005; x_wconf 89' lang='lat' dir='ltr'>L.</span> <span class='ocrx_word' id='word_1_457' title='bbox 1914 1974 2033 2005; x_wconf 87' lang='lat' dir='ltr'>Lucul-</span> 
     </span>
     <span class='ocr_line' id='line_1_62' title="bbox 1174 2026 1680 2066; baseline -0.006 -7"><span class='ocrx_word' id='word_1_458' title='bbox 1174 2029 1252 2065; x_wconf 83' lang='lat' dir='ltr'>lum,</span> <span class='ocrx_word' id='word_1_459' title='bbox 1275 2028 1316 2066; x_wconf 81' lang='lat' dir='ltr'>Q.</span> <span class='ocrx_word' id='word_1_460' title='bbox 1338 2027 1564 2063; x_wconf 76' lang='lat' dir='ltr'>Hortensium,</span> <span class='ocrx_word' id='word_1_461' title='bbox 1589 2026 1680 2057; x_wconf 86' lang='lat' dir='ltr'>alios.</span> 
     </span>
    </p>

    <p class='ocr_par' dir='ltr' id='par_1_31' title="bbox 1174 2079 2034 2328">
     <span class='ocr_line' id='line_1_63' title="bbox 1217 2079 2033 2121; baseline -0.004 -9"><span class='ocrx_word' id='word_1_462' title='bbox 1217 2082 1235 2121; x_wconf 63' lang='grc' dir='ltr'>ξ</span> <span class='ocrx_word' id='word_1_463' title='bbox 1258 2081 1286 2114; x_wconf 83' lang='grc'>7.</span> <span class='ocrx_word' id='word_1_464' title='bbox 1311 2080 1415 2111; x_wconf 70' lang='lat' dir='ltr'>Curet.</span> <span class='ocrx_word' id='word_1_465' title='bbox 1438 2080 1603 2112; x_wconf 82' lang='lat' dir='ltr'>Absolute</span> <span class='ocrx_word' id='word_1_466' title='bbox 1625 2079 1745 2110; x_wconf 79' lang='lat' dir='ltr'>dicitur</span> <span class='ocrx_word' id='word_1_467' title='bbox 1772 2089 1831 2119; x_wconf 90' lang='lat' dir='ltr'>pro</span> <span class='ocrx_word' id='word_1_468' title='bbox 1853 2079 1901 2109; x_wconf 80' lang='lat' dir='ltr'>rez&#39;</span> <span class='ocrx_word' id='word_1_469' title='bbox 1922 2090 1956 2120; x_wconf 77' lang='lat' dir='ltr'>p.</span> <span class='ocrx_word' id='word_1_470' title='bbox 1980 2089 2033 2109; x_wconf 85' lang='lat' dir='ltr'>cu-</span> 
     </span>
     <span class='ocr_line' id='line_1_64' title="bbox 1174 2131 2034 2174; baseline -0.003 -9"><span class='ocrx_word' id='word_1_471' title='bbox 1174 2145 1240 2165; x_wconf 73' lang='lat' dir='ltr'>ram</span> <span class='ocrx_word' id='word_1_472' title='bbox 1263 2133 1422 2174; x_wconf 66' lang='lat' dir='ltr'>suscipiat.</span> <span class='ocrx_word' id='word_1_473' title='bbox 1468 2133 1546 2163; x_wconf 83' lang='lat' dir='ltr'>Tae.</span> <span class='ocrx_word' id='word_1_474' title='bbox 1569 2132 1660 2163; x_wconf 89' lang='lat' dir='ltr'>Ann.</span> <span class='ocrx_word' id='word_1_475' title='bbox 1683 2131 1745 2162; x_wconf 87' lang='lat' dir='ltr'>XI.</span> <span class='ocrx_word' id='word_1_476' title='bbox 1778 2132 1826 2163; x_wconf 88' lang='grc'>22.</span> <span class='ocrx_word' id='word_1_477' title='bbox 1861 2131 1943 2162; x_wconf 63' lang='lat' dir='ltr'>Dein</span> <span class='ocrx_word' id='word_1_478' title='bbox 1972 2132 2034 2163; x_wconf 84' lang='lat' dir='ltr'>duo</span> 
     </span>
     <span class='ocr_line' id='line_1_65' title="bbox 1174 2184 2033 2228; baseline -0.002 -10"><span class='ocrx_word' id='word_1_479' title='bbox 1174 2190 1392 2228; x_wconf 83' lang='lat' dir='ltr'>(quaestores)</span> <span class='ocrx_word' id='word_1_480' title='bbox 1415 2185 1529 2222; x_wconf 68' lang='lat' dir='ltr'>additi,</span> <span class='ocrx_word' id='word_1_481' title='bbox 1562 2185 1613 2226; x_wconf 67' lang='lat' dir='ltr'>qai</span> <span class='ocrx_word' id='word_1_482' title='bbox 1637 2184 1751 2214; x_wconf 70' lang='lat' dir='ltr'>Romae</span> <span class='ocrx_word' id='word_1_483' title='bbox 1782 2186 1939 2215; x_wconf 66' lang='lat' dir='ltr'>cararent.</span> <span class='ocrx_word' id='word_1_484' title='bbox 1984 2184 2033 2216; x_wconf 84' lang='lat' dir='ltr'>De</span> 
     </span>
     <span class='ocr_line' id='line_1_66' title="bbox 1175 2239 2033 2275; baseline -0.006 0"><span class='ocrx_word' id='word_1_485' title='bbox 1175 2243 1276 2275; x_wconf 83' lang='lat' dir='ltr'>simili</span> <span class='ocrx_word' id='word_1_486' title='bbox 1298 2252 1358 2273; x_wconf 88' lang='lat' dir='ltr'>usu</span> <span class='ocrx_word' id='word_1_487' title='bbox 1381 2243 1414 2272; x_wconf 88' lang='lat' dir='ltr'>in</span> <span class='ocrx_word' id='word_1_488' title='bbox 1437 2250 1471 2272; x_wconf 86' lang='lat' dir='ltr'>re</span> <span class='ocrx_word' id='word_1_489' title='bbox 1494 2240 1629 2271; x_wconf 81' lang='lat' dir='ltr'>militari</span> <span class='ocrx_word' id='word_1_490' title='bbox 1652 2239 1739 2270; x_wconf 82' lang='lat' dir='ltr'>dixit</span> <span class='ocrx_word' id='word_1_491' title='bbox 1760 2239 1866 2269; x_wconf 83' lang='lat' dir='ltr'>Kritz.</span> <span class='ocrx_word' id='word_1_492' title='bbox 1900 2240 1940 2270; x_wconf 86' lang='lat' dir='ltr'>ad</span> <span class='ocrx_word' id='word_1_493' title='bbox 1966 2239 2033 2270; x_wconf 82' lang='lat' dir='ltr'>Sal.</span> 
     </span>
     <span class='ocr_line' id='line_1_67' title="bbox 1176 2296 1370 2328; baseline -0.015 0"><span class='ocrx_word' id='word_1_494' title='bbox 1176 2296 1246 2328; x_wconf 85' lang='lat' dir='ltr'>Cat.</span> <span class='ocrx_word' id='word_1_495' title='bbox 1270 2296 1319 2326; x_wconf 79' lang='lat'>59.</span> <span class='ocrx_word' id='word_1_496' title='bbox 1343 2296 1370 2326; x_wconf 83' lang='lat'>3.</span> 
     </span>
    </p>

    <p class='ocr_par' dir='ltr' id='par_1_32' title="bbox 1218 2344 2033 2388">
     <span class='ocr_line' id='line_1_68' title="bbox 1218 2344 2033 2388; baseline -0.005 -10"><span class='ocrx_word' id='word_1_497' title='bbox 1218 2347 1404 2388; x_wconf 65' lang='lat' dir='ltr'>Leyationes</span> <span class='ocrx_word' id='word_1_498' title='bbox 1418 2345 1563 2377; x_wconf 60' lang='lat' dir='ltr'>reiectum</span> <span class='ocrx_word' id='word_1_499' title='bbox 1578 2344 1706 2384; x_wconf 67' lang='lat' dir='ltr'>iriputo,</span> <span class='ocrx_word' id='word_1_500' title='bbox 1731 2344 1808 2375; x_wconf 85' lang='lat' dir='ltr'>Vid.</span> <span class='ocrx_word' id='word_1_501' title='bbox 1825 2345 1866 2374; x_wconf 77' lang='lat' dir='ltr'>ad.</span> <span class='ocrx_word' id='word_1_502' title='bbox 1880 2353 1929 2384; x_wconf 89' lang='lat' dir='ltr'>ep.</span> <span class='ocrx_word' id='word_1_503' title='bbox 1946 2344 1994 2380; x_wconf 86' lang='lat'>14,</span> <span class='ocrx_word' id='word_1_504' title='bbox 2005 2345 2033 2374; x_wconf 84' lang='lat'>5.</span> 
     </span>
    </p>

    <p class='ocr_par' dir='ltr' id='par_1_33' title="bbox 1175 2396 2035 2604">
     <span class='ocr_line' id='line_1_69' title="bbox 1219 2396 2035 2442; baseline -0.007 -10"><span class='ocrx_word' id='word_1_505' title='bbox 1219 2404 1236 2442; x_wconf 65' lang='grc' dir='ltr'>ξ</span> <span class='ocrx_word' id='word_1_506' title='bbox 1259 2403 1286 2432; x_wconf 84' lang='lat'>8.</span> <span class='ocrx_word' id='word_1_507' title='bbox 1320 2400 1353 2430; x_wconf 67' lang='lat' dir='ltr'>Si</span> <span class='ocrx_word' id='word_1_508' title='bbox 1375 2411 1414 2430; x_wconf 69' lang='lat' dir='ltr'>ex</span> <span class='ocrx_word' id='word_1_509' title='bbox 1436 2400 1485 2436; x_wconf 61' lang='lat' dir='ltr'>iis,</span> <span class='ocrx_word' id='word_1_510' title='bbox 1507 2408 1586 2440; x_wconf 69' lang='lat' dir='ltr'>quae</span> <span class='ocrx_word' id='word_1_511' title='bbox 1607 2397 1786 2437; x_wconf 66' lang='lat' dir='ltr'>scripsimus</span> <span class='ocrx_word' id='word_1_512' title='bbox 1805 2399 1907 2434; x_wconf 71' lang='lat' dir='ltr'>tanta,</span> <span class='ocrx_word' id='word_1_513' title='bbox 1942 2396 2035 2427; x_wconf 72' lang='lat' dir='ltr'>etiam</span> 
     </span>
     <span class='ocr_line' id='line_1_70' title="bbox 1175 2451 2035 2492; baseline -0.008 -5"><span class='ocrx_word' id='word_1_514' title='bbox 1175 2468 1195 2487; x_wconf 64' lang='lat' dir='ltr'>a.</span> <span class='ocrx_word' id='word_1_515' title='bbox 1224 2466 1269 2486; x_wconf 78' lang='lat' dir='ltr'>me</span> <span class='ocrx_word' id='word_1_516' title='bbox 1300 2465 1360 2485; x_wconf 83' lang='lat' dir='ltr'>non</span> <span class='ocrx_word' id='word_1_517' title='bbox 1389 2453 1506 2492; x_wconf 64' lang='lat' dir='ltr'>Scripta</span> <span class='ocrx_word' id='word_1_518' title='bbox 1530 2451 1696 2492; x_wconf 72' lang='lat' dir='ltr'>perspicis,</span> <span class='ocrx_word' id='word_1_519' title='bbox 1734 2451 1826 2481; x_wconf 80' lang='lat' dir='ltr'>Haec</span> <span class='ocrx_word' id='word_1_520' title='bbox 1856 2451 2035 2481; x_wconf 87' lang='lat' dir='ltr'>multarum</span> 
     </span>
     <span class='ocr_line' id='line_1_71' title="bbox 1176 2502 2035 2547; baseline -0.009 -7"><span class='ocrx_word' id='word_1_521' title='bbox 1176 2509 1264 2541; x_wconf 84' lang='lat' dir='ltr'>editt.</span> <span class='ocrx_word' id='word_1_522' title='bbox 1288 2507 1446 2547; x_wconf 85' lang='lat' dir='ltr'>scriptura</span> <span class='ocrx_word' id='word_1_523' title='bbox 1467 2505 1679 2535; x_wconf 84' lang='lat' dir='ltr'>confirmatur</span> <span class='ocrx_word' id='word_1_524' title='bbox 1700 2504 1770 2533; x_wconf 83' lang='lat' dir='ltr'>cod.</span> <span class='ocrx_word' id='word_1_525' title='bbox 1791 2503 1951 2543; x_wconf 83' lang='lat' dir='ltr'>Hispano.</span> <span class='ocrx_word' id='word_1_526' title='bbox 1974 2502 2035 2533; x_wconf 85' lang='lat' dir='ltr'>Re-</span> 
     </span>
     <span class='ocr_line' id='line_1_72' title="bbox 1176 2556 2035 2604; baseline -0.009 -10"><span class='ocrx_word' id='word_1_527' title='bbox 1176 2562 1323 2604; x_wconf 87' lang='lat' dir='ltr'>pudiavit</span> <span class='ocrx_word' id='word_1_528' title='bbox 1345 2561 1379 2591; x_wconf 88' lang='lat' dir='ltr'>in</span> <span class='ocrx_word' id='word_1_529' title='bbox 1403 2560 1457 2590; x_wconf 83' lang='lat' dir='ltr'>alt.</span> <span class='ocrx_word' id='word_1_530' title='bbox 1481 2559 1556 2590; x_wconf 83' lang='lat' dir='ltr'>edit.</span> <span class='ocrx_word' id='word_1_531' title='bbox 1580 2557 1724 2589; x_wconf 86' lang='lat' dir='ltr'>Orellius</span> <span class='ocrx_word' id='word_1_532' title='bbox 1748 2556 1878 2588; x_wconf 85' lang='lat' dir='ltr'>foedam</span> <span class='ocrx_word' id='word_1_533' title='bbox 1891 2556 2035 2596; x_wconf 87' lang='lat' dir='ltr'>interpo-</span> 
     </span>
    </p>
   </div>
   <div class='ocr_carea' id='block_1_25' title="bbox 1153 2609 2035 2650">
    <p class='ocr_par' dir='ltr' id='par_1_34' title="bbox 1153 2609 2035 2650">
     <span class='ocr_line' id='line_1_73' title="bbox 1153 2609 2035 2650; baseline -0.011 -2"><span class='ocrx_word' id='word_1_534' title='bbox 1153 2617 1334 2647; x_wconf 84' lang='lat' dir='ltr'>·lationem</span> <span class='ocrx_word' id='word_1_535' title='bbox 1369 2614 1443 2645; x_wconf 85' lang='lat' dir='ltr'>edit.</span> <span class='ocrx_word' id='word_1_536' title='bbox 1474 2613 1567 2643; x_wconf 86' lang='lat' dir='ltr'>Rom.</span> <span class='ocrx_word' id='word_1_537' title='bbox 1600 2613 1692 2641; x_wconf 67' lang='lat' dir='ltr'>tanta</span> <span class='ocrx_word' id='word_1_538' title='bbox 1722 2620 1754 2640; x_wconf 78' lang='lat' dir='ltr'>es</span> <span class='ocrx_word' id='word_1_539' title='bbox 1777 2609 2035 2650; x_wconf 74' lang='lat' dir='ltr'>perspicacitate,</span> 
     </span>
    </p>
   </div>
   <div class='ocr_carea' id='block_1_26' title="bbox 1177 2663 2037 3194">
    <p class='ocr_par' dir='ltr' id='par_1_35' title="bbox 1177 2663 2037 3079">
     <span class='ocr_line' id='line_1_74' title="bbox 1177 2663 2037 2708; baseline -0.01 -8"><span class='ocrx_word' id='word_1_540' title='bbox 1177 2671 1233 2701; x_wconf 83' lang='lat' dir='ltr'>sed</span> <span class='ocrx_word' id='word_1_541' title='bbox 1266 2678 1367 2708; x_wconf 83' lang='lat' dir='ltr'>quum</span> <span class='ocrx_word' id='word_1_542' title='bbox 1398 2666 1564 2697; x_wconf 81' lang='lat' dir='ltr'>incidisset</span> <span class='ocrx_word' id='word_1_543' title='bbox 1592 2670 1664 2705; x_wconf 90' lang='lat' dir='ltr'>post</span> <span class='ocrx_word' id='word_1_544' title='bbox 1692 2663 1882 2703; x_wconf 39' lang='lat' dir='ltr'>scripsimus,</span> <span class='ocrx_word' id='word_1_545' title='bbox 1905 2671 2037 2693; x_wconf 86' lang='lat' dir='ltr'>crucem</span> 
     </span>
     <span class='ocr_line' id='line_1_75' title="bbox 1177 2715 2035 2764; baseline -0.012 -10"><span class='ocrx_word' id='word_1_546' title='bbox 1177 2722 1329 2764; x_wconf 82' lang='lat' dir='ltr'>praefixit</span> <span class='ocrx_word' id='word_1_547' title='bbox 1350 2730 1419 2750; x_wconf 78' lang='lat' dir='ltr'>voc.</span> <span class='ocrx_word' id='word_1_548' title='bbox 1443 2721 1544 2755; x_wconf 69' lang='grc' dir='ltr'>ίιωιίιι,</span> <span class='ocrx_word' id='word_1_549' title='bbox 1567 2728 1625 2758; x_wconf 89' lang='lat' dir='ltr'>pro</span> <span class='ocrx_word' id='word_1_550' title='bbox 1648 2727 1713 2757; x_wconf 84' lang='lat' dir='ltr'>quo</span> <span class='ocrx_word' id='word_1_551' title='bbox 1742 2715 1881 2747; x_wconf 83' lang='lat' dir='ltr'>coniecit</span> <span class='ocrx_word' id='word_1_552' title='bbox 1914 2716 2035 2744; x_wconf 73' lang='lat' dir='ltr'>cuncta.</span> 
     </span>
     <span class='ocr_line' id='line_1_76' title="bbox 1178 2766 2037 2810; baseline -0.013 -4"><span class='ocrx_word' id='word_1_553' title='bbox 1178 2775 1244 2807; x_wconf 82' lang='lat' dir='ltr'>Sed</span> <span class='ocrx_word' id='word_1_554' title='bbox 1266 2774 1377 2805; x_wconf 85' lang='lat' dir='ltr'>omnia</span> <span class='ocrx_word' id='word_1_555' title='bbox 1399 2782 1477 2803; x_wconf 79' lang='lat' dir='ltr'>sana</span> <span class='ocrx_word' id='word_1_556' title='bbox 1500 2776 1586 2802; x_wconf 85' lang='lat' dir='ltr'>sunt.</span> <span class='ocrx_word' id='word_1_557' title='bbox 1616 2770 1664 2799; x_wconf 62' lang='lat' dir='ltr'>Et</span> <span class='ocrx_word' id='word_1_558' title='bbox 1686 2769 1735 2806; x_wconf 72' lang='lat' dir='ltr'>iis,</span> <span class='ocrx_word' id='word_1_559' title='bbox 1759 2778 1838 2810; x_wconf 71' lang='lat' dir='ltr'>quae</span> <span class='ocrx_word' id='word_1_560' title='bbox 1858 2766 2037 2807; x_wconf 76' lang='lat' dir='ltr'>scripsimus</span> 
     </span>
     <span class='ocr_line' id='line_1_77' title="bbox 1178 2820 2035 2864; baseline -0.011 -6"><span class='ocrx_word' id='word_1_561' title='bbox 1178 2830 1270 2859; x_wconf 71' lang='lat' dir='ltr'>tanta</span> <span class='ocrx_word' id='word_1_562' title='bbox 1299 2832 1385 2857; x_wconf 83' lang='lat' dir='ltr'>recte</span> <span class='ocrx_word' id='word_1_563' title='bbox 1418 2830 1466 2857; x_wconf 87' lang='lat' dir='ltr'>est</span> <span class='ocrx_word' id='word_1_564' title='bbox 1495 2835 1554 2864; x_wconf 90' lang='lat' dir='ltr'>pro</span> <span class='ocrx_word' id='word_1_565' title='bbox 1583 2834 1622 2853; x_wconf 60' lang='lat' dir='ltr'>er</span> <span class='ocrx_word' id='word_1_566' title='bbox 1651 2822 1751 2852; x_wconf 63' lang='lat' dir='ltr'>lantia-</span> <span class='ocrx_word' id='word_1_567' title='bbox 1773 2821 1814 2851; x_wconf 67' lang='lat' dir='ltr'>iis</span> <span class='ocrx_word' id='word_1_568' title='bbox 1836 2820 1935 2856; x_wconf 70' lang='lat' dir='ltr'>rebus,</span> <span class='ocrx_word' id='word_1_569' title='bbox 1958 2829 2035 2860; x_wconf 75' lang='lat' dir='ltr'>quas</span> 
     </span>
     <span class='ocr_line' id='line_1_78' title="bbox 1177 2873 2037 2922; baseline -0.012 -10"><span class='ocrx_word' id='word_1_570' title='bbox 1177 2881 1365 2922; x_wconf 75' lang='lat' dir='ltr'>scrz&#39;p5imus.</span> <span class='ocrx_word' id='word_1_571' title='bbox 1408 2877 1624 2910; x_wconf 78' lang='lat' dir='ltr'>Attractionis</span> <span class='ocrx_word' id='word_1_572' title='bbox 1646 2875 1786 2917; x_wconf 83' lang='lat' dir='ltr'>plurima</span> <span class='ocrx_word' id='word_1_573' title='bbox 1815 2873 1967 2913; x_wconf 76' lang='lat' dir='ltr'>exempla</span> <span class='ocrx_word' id='word_1_574' title='bbox 1995 2882 2037 2904; x_wconf 86' lang='lat' dir='ltr'>ex</span> 
     </span>
     <span class='ocr_line' id='line_1_79' title="bbox 1179 2927 2035 2976; baseline -0.012 -10"><span class='ocrx_word' id='word_1_575' title='bbox 1179 2935 1324 2976; x_wconf 85' lang='lat' dir='ltr'>epistolis</span> <span class='ocrx_word' id='word_1_576' title='bbox 1347 2932 1510 2971; x_wconf 68' lang='lat' dir='ltr'>congessit</span> <span class='ocrx_word' id='word_1_577' title='bbox 1532 2929 1791 2968; x_wconf 83' lang='lat' dir='ltr'>Wesenbergius</span> <span class='ocrx_word' id='word_1_578' title='bbox 1806 2927 1945 2958; x_wconf 86' lang='lat' dir='ltr'>Emend.</span> <span class='ocrx_word' id='word_1_579' title='bbox 1961 2936 1990 2966; x_wconf 88' lang='lat' dir='ltr'>p.</span> <span class='ocrx_word' id='word_1_580' title='bbox 2007 2927 2035 2962; x_wconf 88' lang='grc'>8,</span> 
     </span>
     <span class='ocr_line' id='line_1_80' title="bbox 1180 2978 2035 3021; baseline -0.014 0"><span class='ocrx_word' id='word_1_581' title='bbox 1180 2988 1311 3021; x_wconf 82' lang='lat' dir='ltr'>initium</span> <span class='ocrx_word' id='word_1_582' title='bbox 1325 2986 1447 3018; x_wconf 77' lang='lat' dir='ltr'>faciens</span> <span class='ocrx_word' id='word_1_583' title='bbox 1463 2995 1480 3015; x_wconf 79' lang='lat' dir='ltr'>a</span> <span class='ocrx_word' id='word_1_584' title='bbox 1495 2983 1674 3018; x_wconf 83' lang='lat' dir='ltr'>simillimo,</span> <span class='ocrx_word' id='word_1_585' title='bbox 1690 2981 1778 3021; x_wconf 81' lang='lat' dir='ltr'>quod</span> <span class='ocrx_word' id='word_1_586' title='bbox 1791 2984 1839 3012; x_wconf 84' lang='lat' dir='ltr'>est</span> <span class='ocrx_word' id='word_1_587' title='bbox 1851 2980 1922 3010; x_wconf 81' lang='lat' dir='ltr'>Att.</span> <span class='ocrx_word' id='word_1_588' title='bbox 1937 2978 2035 3010; x_wconf 89' lang='lat' dir='ltr'>XIII.</span> 
     </span>
     <span class='ocr_line' id='line_1_81' title="bbox 1180 3029 2035 3079; baseline -0.014 -5"><span class='ocrx_word' id='word_1_589' title='bbox 1180 3041 1229 3078; x_wconf 79' lang='lat'>37,</span> <span class='ocrx_word' id='word_1_590' title='bbox 1260 3043 1289 3078; x_wconf 75' lang='lat'>4,</span> <span class='ocrx_word' id='word_1_591' title='bbox 1319 3040 1357 3072; x_wconf 81' lang='lat' dir='ltr'>de</span> <span class='ocrx_word' id='word_1_592' title='bbox 1386 3038 1506 3075; x_wconf 65' lang='lat' dir='ltr'>ceteris,</span> <span class='ocrx_word' id='word_1_593' title='bbox 1536 3047 1614 3079; x_wconf 65' lang='lat' dir='ltr'>qaae</span> <span class='ocrx_word' id='word_1_594' title='bbox 1640 3035 1750 3066; x_wconf 68' lang='lat' dir='ltr'>scribis</span> <span class='ocrx_word' id='word_1_595' title='bbox 1786 3029 2035 3078; x_wconf 72' lang='grc' dir='ltr'>ἀνεμοφόρητα.</span> 
     </span>
    </p>

    <p class='ocr_par' dir='ltr' id='par_1_36' title="bbox 1182 3085 2036 3194">
     <span class='ocr_line' id='line_1_82' title="bbox 1222 3085 2034 3129; baseline -0.015 0"><span class='ocrx_word' id='word_1_596' title='bbox 1222 3098 1270 3128; x_wconf 79' lang='lat' dir='ltr'>Ne</span> <span class='ocrx_word' id='word_1_597' title='bbox 1292 3098 1400 3129; x_wconf 76' lang='lat' dir='ltr'>absens</span> <span class='ocrx_word' id='word_1_598' title='bbox 1422 3104 1577 3127; x_wconf 78' lang='lat' dir='ltr'>censeare.</span> <span class='ocrx_word' id='word_1_599' title='bbox 1614 3094 1655 3126; x_wconf 81' lang='lat' dir='ltr'>In</span> <span class='ocrx_word' id='word_1_600' title='bbox 1683 3091 1840 3126; x_wconf 76' lang='lat' dir='ltr'>oratione,</span> <span class='ocrx_word' id='word_1_601' title='bbox 1870 3096 1969 3129; x_wconf 79' lang='lat' dir='ltr'>quam</span> <span class='ocrx_word' id='word_1_602' title='bbox 1997 3085 2034 3118; x_wconf 88' lang='lat' dir='ltr'>P.</span> 
     </span>
     <span class='ocr_line' id='line_1_83' title="bbox 1182 3139 2036 3194; baseline -0.012 -12"><span class='ocrx_word' id='word_1_603' title='bbox 1182 3151 1293 3194; x_wconf 63' lang='lat' dir='ltr'>Scipio</span> <span class='ocrx_word' id='word_1_604' title='bbox 1315 3150 1494 3184; x_wconf 66' lang='lat' dir='ltr'>Africanus</span> <span class='ocrx_word' id='word_1_605' title='bbox 1515 3156 1631 3179; x_wconf 48' lang='grc'>0011501·</span> <span class='ocrx_word' id='word_1_606' title='bbox 1663 3154 1691 3177; x_wconf 80' lang='lat' dir='ltr'>a.</span> <span class='ocrx_word' id='word_1_607' title='bbox 1723 3143 1784 3175; x_wconf 71' lang='lat'>612</span> <span class='ocrx_word' id='word_1_608' title='bbox 1811 3141 1852 3173; x_wconf 74' lang='lat' dir='ltr'>ad</span> <span class='ocrx_word' id='word_1_609' title='bbox 1880 3139 2036 3184; x_wconf 70' lang='lat' dir='ltr'>populum</span> 
     </span>
    </p>
   </div>
  </div>
 </body>
</html>
