2117 3533
234 966 269 991 10

234 1321 267 1347 15

297 157 350 197 78
694 155 778 196 ΕΡ.
812 154 889 194 AD
921 153 968 193 T.
1003 150 1353 193 POMPONIUM
1387 149 1650 191 ATTICUM.

292 306 394 341 mus,
438 289 581 331 deinde
614 290 657 330 in
691 286 1008 329 dissensionibus
1041 286 1115 327 soli
1147 284 1434 339 relinquamur.
1478 286 1549 325 11.
1583 282 1795 325 Α1113111103
1817 298 1905 325 mea
1926 288 1966 325 10
1989 300 2054 326 ex-

292 368 445 419 spectat
477 367 516 403 et
548 362 704 417 indiget
734 361 810 402 tui.
855 360 1132 401 Tusculanum
1165 363 1204 400 et
1244 358 1535 414 Pompeianum
1574 357 1689 398 valde
1729 372 1792 398 me
1834 356 2050 409 delectant,

291 436 370 477 nisi
404 435 510 489 quod
543 451 621 486 me,
655 435 770 476 illum
803 435 935 490 ipsum
969 433 1169 474 vindicem
1203 432 1303 473 aeris
1337 432 1470 482 alieni,
1506 446 1593 472 aere
1626 444 1708 470 non
1741 429 1964 481 Corinthio,
1985 431 2053 472 sed

290 509 365 549 hoc
400 508 711 549 circumforaneo
745 507 978 548 obruerunt.
1014 506 1064 547 In
1098 505 1230 546 Gallia
1264 519 1466 560 speramus
1500 518 1584 545 esse
1610 503 1752 543 otium.
1788 502 2053 557 Prognostica

290 597 377 623 mea
410 596 502 622 cum
535 581 797 623 oratiunculis
829 579 1061 635 propediem
1094 582 1292 633 exspecta.
1327 578 1381 618 Et
1414 582 1563 627 tamen,
1601 574 1698 629 quid
1732 574 1881 628 cogites
1915 574 1963 615 de
1987 574 2053 615 ad-

289 660 412 696 ventu
444 660 530 705 tuo,
565 654 692 696 scribe
726 654 776 694 ad
808 668 896 694 nos.
930 652 1038 693 Nam
1070 650 1172 692 mihi
1204 649 1426 705 Pomponia
1458 648 1639 690 nuntiari
1671 648 1790 689 iussit
1833 651 1872 687 10
1916 662 2052 688 11101150

290 727 465 778 Quintili
498 728 646 768 Romae
680 726 777 767 fore.
826 724 875 766 Id
909 739 932 764 a
964 723 1046 764 tuis
1079 723 1220 773 literis,
1258 737 1355 776 quas
1390 722 1439 762 ad
1472 736 1535 762 1110
1569 720 1617 760 de
1659 734 1781 760 censu
1823 724 1894 760 tuo
1938 719 2054 760 mise-
2110 712 2113 715 ⁵

288 816 366 851 ras,
401 799 666 855 discrepabat.
715 801 785 839 12.
820 797 982 846 Ρ301115,
1017 801 1063 837 111
1097 799 1213 836 antea
1247 795 1296 836 ad
1329 799 1368 835 10
1403 794 1557 849 scripsi,
1593 807 1729 833 omnes
1772 791 1910 843 libros,
1955 807 2054 846 quos

289 874 409 914 frater
442 887 537 913 suus
571 871 810 925 reliquisset,
845 869 946 910 mihi
980 868 1157 909 donavit.
1200 868 1290 909 Hoc
1322 867 1432 908 illius
1464 881 1611 907 munus
1643 865 1687 906 in
1730 870 1801 906 tua
1845 864 2054 918 diligentia

287 947 463 1002 positum
497 950 569 986 est.
605 945 646 986 Si
679 959 741 984 1110
775 957 896 992 amas,
933 957 1026 982 cura
1058 946 1105 982 ut
1139 945 1422 982 conserventur
1445 945 1485 980 et
1508 939 1557 980 ad
1580 954 1642 979 1110
1665 937 1928 993 perferantur.
1963 937 2054 978 Hoc

287 1019 388 1060 mihi
430 1017 533 1059 nihil
576 1021 708 1072 potest
752 1031 836 1057 esse
880 1014 1047 1069 gratius,
1093 1019 1132 1055 01
1178 1029 1302 1068 quum
1344 1014 1532 1064 Graecos,
1574 1018 1662 1053 tum
1705 1027 1797 1053 vero
1842 1010 2055 1065 diligenter

288 1092 454 1132 Latinos
486 1094 533 1130 ut
566 1103 773 1129 conserves
806 1087 939 1128 velim.
972 1088 1105 1128 Tuum
1138 1102 1222 1128 esse
1255 1086 1331 1127 1100
1364 1085 1650 1127 1111111115011111111
1684 1083 1849 1139 putabo.
1885 1083 1949 1124 Ad
1974 1084 2051 1125 Oc-

288 1165 441 1206 tavium
482 1162 575 1203 dedi
614 1162 771 1212 literas3
807 1176 899 1201 cum
931 1160 1018 1215 ipso
1051 1160 1155 1201 nihil
1188 1175 1295 1200 eram
1327 1159 1501 1200 locutus.
1550 1158 1694 1212 Neque
1728 1157 1835 1198 enim
1862 1157 1940 1197 ista
1983 1161 2055 1197 tua

287 1238 449 1293 negotia
490 1235 749 1293 provincialia
789 1250 873 1276 esse
916 1233 1122 1289 putabam,
1167 1248 1296 1287 neque
1340 1237 1379 1273 te
1423 1233 1466 1273 111
1509 1229 1799 1272 tocullionibus
1840 1229 2052 1271 habebam.

290 1311 367 1352 Sed
401 1310 554 1366 scripsi,
589 1314 636 1350 ut
669 1307 804 1359 debui,
841 1307 1068 1363 diligenter.

332 1432 347 1462 1
371 1429 612 1462 discessionibus
633 1446 674 1450 —-

289 1544 438 1575 destituti
459 1543 520 1573 soli
543 1542 778 1582 relinquamur.
801 1558 842 1562 --
863 1539 962 1578 Quod
975 1537 1146 1569 Manutius

290 1597 445 1628 coniecit:
469 1607 508 1627 ne
529 1596 562 1626 in
585 1594 827 1627 discessionibus
848 1603 874 1623 s,
887 1604 913 1624 ν.
928 1601 1063 1623 omnem
1076 1600 1145 1622 sen-

288 1651 426 1683 tentiam
448 1649 637 1690 corrumpit.

332 1705 350 1745 §
373 1705 422 1735 11.
456 1702 625 1734 Amalthea
647 1712 724 1733 mea.
748 1701 798 1733 Cf.
821 1701 849 1731 Ι.
873 1700 921 1737 16,
946 1700 984 1729 18
1008 1704 1039 1730 01
1062 1707 1145 1739 quae

289 1759 402 1790 notavi
424 1759 465 1789 ad.
485 1758 513 1788 I.
536 1758 584 1794 13,
608 1756 635 1787 1.

331 1812 403 1842 Nisi
425 1811 506 1853 quod
527 1821 572 1841 me
593 1829 634 1833 —
655 1810 833 1840 obruerunt.
868 1806 930 1839 Cst'.
953 1815 1034 1847 quae
1058 1805 1145 1836 bien-

289 1865 346 1896 nio
376 1870 451 1895 ante
481 1865 521 1894 ad
550 1863 588 1894 P.
617 1862 762 1894 Sestium
798 1859 937 1900 scripsit,
973 1862 1145 1899 postquam

291 1917 400 1949 Crassi
422 1918 557 1947 domum
580 1920 712 1951 emerat,
740 1913 833 1944 Fam.
857 1912 900 1943 V.
931 1911 958 1948 6,
989 1911 1024 1940 2;
1056 1909 1146 1939 Num:

289 1984 335 2004 me
356 1973 434 2004 seito
456 1974 578 2003 tantum
600 1971 713 2002 habere
742 1969 826 2000 aeris
854 1966 963 2004 alieni,
995 1968 1028 1996 ut
1058 1975 1145 2004 oupe-

290 2038 352 2057 rem.
376 2026 550 2062 coniurare,
573 2025 599 2055 si
626 2024 782 2066 quisquam
812 2020 945 2062 recipiat
952 2034 962 2056 ,·
992 2019 1049 2049 secl
1071 2028 1146 2059 par-

291 2083 345 2113 tim
367 2082 438 2113 odio
459 2080 581 2112 inducti
603 2091 648 2111 me
670 2078 842 2110 excludunt
865 2079 895 2108 et
918 2077 1026 2116 aperie
1048 2073 1145 2104 vindi-

290 2147 352 2168 cem
375 2135 601 2166 coniza-ationis
624 2133 766 2169 oderunt,
783 2131 902 2172 partim
925 2141 986 2161 non
1015 2127 1145 2159 eredunt

291 2192 321 2220 et
344 2200 363 2219 a
386 2199 432 2219 me
459 2187 597 2218 insidias
626 2187 774 2221 metuunt,
806 2194 862 2214 vec
883 2184 1002 2224 putant
1032 2181 1060 2212 ei.
1091 2190 1146 2211 nu-

290 2253 353 2274 mos
375 2242 482 2273 deesse
496 2251 599 2282 posse,
623 2240 674 2282 qui
697 2250 736 2270 eat
758 2237 916 2269 obsidione
920 2235 1145 2276 foeneratores

290 2297 446 2328 esremerif.
481 2297 609 2327 Eodem
637 2294 812 2335 pertinent,
843 2300 926 2332 111130
956 2289 1083 2330 scripsit
1105 2289 1145 2318 ad

292 2350 334 2388 Q.
356 2350 394 2379 fr.
418 2350 445 2379 Ι.
469 2349 496 2385 1,
522 2348 539 2378 6
563 2347 644 2377 cives
672 2345 842 2386 locupletes
872 2342 973 2374 nostri
1003 2341 1145 2372 consula-

289 2406 339 2435 tus
361 2402 505 2443 beneficio
527 2411 559 2432 se
580 2401 748 2431 incolumes
769 2399 925 2439 fortunas
952 2396 1067 2427 habere
1096 2405 1145 2425 αν-

289 2456 459 2487 bitrantur.
480 2474 522 2478 ——
545 2454 616 2484 Nisi
638 2453 720 2495 quod
740 2452 881 2493 ponitur,
910 2451 967 2481 ubi
996 2448 1146 2489 exceptio

290 2510 418 2541 additur
448 2510 496 2546 iis,
526 2517 609 2549 quae
637 2507 670 2538 in
706 2507 898 2537 universum
933 2504 1146 2535 affirmantur.

292 2562 342 2594 Cf.
366 2562 410 2593 X.
434 2564 461 2599 5,
486 2562 514 2592 2.
537 2561 601 2591 XI.
625 2561 652 2597 6,
677 2560 705 2590 6.
727 2559 819 2590 Fam.
843 2558 944 2589 XIII.
961 2558 988 2594 1,
1006 2557 1035 2587 2.
1058 2555 1146 2587 Orat.

291 2615 342 2648 67.
384 2615 509 2646 Earum
537 2623 634 2644 usum
665 2611 848 2652 ellipticum
874 2616 959 2642 recte
994 2608 1148 2649 exposuit

291 2669 397 2700 Kritz.
420 2669 460 2699 ad
482 2667 550 2699 Sal.
572 2668 647 2706 Iug.
670 2666 719 2703 95,
743 2667 772 2695 3.
795 2665 868 2695 Hoc
891 2665 964 2694 10οο
986 2663 1082 2703 plene
1101 2661 1146 2692 di-

293 2722 434 2753 cendum
456 2726 541 2751 erat:
566 2719 756 2750 Tusculano
779 2723 811 2748 et
834 2716 1036 2757 Pompeiano
1051 2714 1146 2744 valde

292 2776 445 2812 delector,
463 2774 526 2805 πόδι’
547 2774 609 2804 1100
630 2782 735 2804 unum
756 2771 916 2802 haberent
936 2768 1147 2804 incommodi,

292 2828 374 2869 quod
394 2837 446 2858 me
475 2845 516 2849 —-
544 2827 734 2857 obruerunt.
777 2824 935 2855 Potuerat
963 2822 1062 2854 etiam
1090 2830 1148 2860 pro

292 2881 355 2912 nisi
377 2881 457 2922 quod
479 2880 576 2912 scribi
598 2879 655 2910 secl
675 2881 788 2909 tamen.

335 2935 416 2965 Aere
438 2944 501 2964 oon
526 2931 694 2968 Corinthio,
717 2930 773 2961 sed
800 2928 1057 2969 circumforaneo.
1100 2926 1150 2957 De

295 2998 367 3020 aere
391 2987 575 3024 Corinthio,
594 2996 637 3017 ex
659 2995 724 3026 quo
746 2983 981 3025 pretiosissima
1002 2991 1080 3012 vasa
1097 2981 1150 3011 fie-

296 3043 382 3079 bant,
398 3042 464 3072 1111.
480 3041 633 3072 Dukerus
647 3039 687 3070 ad
703 3038 792 3069 Flor.
809 3038 855 3068 ΙΙ.
874 3036 922 3073 16,
933 3036 961 3066 6.
976 3035 1149 3070 Mullerus,

295 3095 504 3133 Archaeol.§
528 3094 598 3130 306,
624 3093 653 3123 1.
690 3091 753 3121 Aes
772 3089 1050 3129 circumforaneum
1074 3086 1151 3117 dicit

1194 1536 1294 1572 tariis,
1314 1535 1371 1576 qui
1391 1545 1521 1567 mensas
1542 1536 1709 1567 habebant
1728 1538 1769 1567 ad
1787 1537 1886 1568 Ianos
1910 1537 1944 1568 in
1972 1536 2053 1568 foro.

1237 1588 1452 1630 Proywstiea.
1474 1589 1624 1620 Nobbius
1648 1599 1697 1630 ap.
1718 1589 1881 1622 Orellium
1897 1590 1932 1621 in
1949 1589 2053 1622 Cicer.

1196 1640 1278 1682 Opp.
1302 1641 1364 1672 IV.
1387 1642 1415 1678 2,
1438 1652 1468 1681 p.
1491 1643 1550 1672 555
1575 1642 1756 1682 suspicatur
1779 1642 1928 1673 Tullium
1955 1642 2052 1673 Arati

1195 1695 1394 1738 Διοσημεῖα,
1427 1705 1445 1724 3
1472 1704 1505 1725 50
1541 1695 1785 1726 adolescentulo
1820 1695 1854 1725 in
1892 1694 2051 1725 Latinum

1196 1760 1381 1782 sermonem
1403 1759 1561 1781 conversa
1581 1750 1643 1781 hoc
1673 1755 1820 1791 tempore
1843 1749 2054 1781 recensuisse.

1197 1802 1247 1834 Cf.
1270 1803 1393 1834 Mureti
1416 1802 1496 1833 Var.
1518 1803 1610 1834 Lect.
1632 1803 1658 1833 I.
1682 1803 1732 1833 20.

1236 1856 1284 1886 De
1306 1865 1399 1885 censu
1423 1858 1485 1885 tuo.
1520 1855 1620 1886 Recte
1642 1855 1688 1885 sic
1710 1855 1910 1895 scripserunt
1936 1854 2053 1886 Lamb.

1194 1914 1226 1939 et
1248 1908 1303 1939 Or.
1326 1918 1401 1938 cum
1423 1908 1494 1938 cod.
1516 1907 1561 1943 Z„
1585 1917 1691 1948 neque
1714 1907 1805 1938 aliud
1826 1907 1907 1939 latet
1941 1907 1975 1937 in
2005 1916 2054 1937 ao-

1195 1970 1287 1991 eensu
1311 1960 1441 2001 (Meci).
1486 1959 1565 1990 Sine
1595 1959 1695 1990 dubio
1729 1959 1818 1990 enim
1844 1959 1979 1990 Atticus
2006 1968 2053 1990 re-

1195 2014 1369 2054 sponderat
1399 2011 1568 2043 Ciceronis
1591 2012 1748 2052 epistolae
1770 2011 1824 2042 XI
1853 2011 1930 2042 Kal.
1955 2010 2053 2042 Febr.

1193 2066 1287 2096 datae
1311 2066 1354 2105 (1.
1377 2066 1441 2105 18),
1464 2065 1499 2095 in
1523 2074 1587 2105 qua
1610 2070 1758 2095 extrema
1781 2063 1968 2094 admonitus
1985 2062 2052 2094 fue-

1194 2126 1252 2158 rat,
1267 2124 1312 2151 'ut
1333 2126 1460 2151 mature
1481 2119 1526 2149 (1ιί
1548 2127 1671 2148 censum
1693 2118 1830 2149 veniret.
1864 2117 1941 2148 Non
1964 2123 2052 2148 recte

1194 2173 1348 2210 iudicant,
1389 2172 1447 2213 qui
1480 2171 1533 2202 hic
1578 2179 1714 2208 accessu,
1753 2170 1890 2208 decessu,
1927 2179 2052 2200 recessu

1194 2228 1381 2258 emendant.

1237 2282 1254 2321 ξ
1278 2281 1326 2311 12.
1349 2280 1477 2317 Paetus,
1500 2284 1561 2310 cet.
1585 2278 1635 2310 Cf.
1657 2279 1684 2309 1.
1707 2278 1756 2314 20,
1781 2277 1809 2309 7.

1236 2336 1288 2367 Ad
1312 2335 1483 2366 Octavium.
1516 2334 1596 2365 Post
1619 2332 1656 2364 C.
1677 2331 1867 2364 Antonium
1888 2331 1922 2362 in
1945 2331 2052 2361 Mace-

1194 2390 1328 2421 doniam
1349 2399 1407 2430 pro
1428 2393 1577 2429 praetore
1599 2387 1718 2418 missus
1741 2390 1790 2417 est
1819 2384 1856 2416 C.
1886 2383 2052 2421 Octavius,

1195 2454 1331 2485 eamque
1366 2442 1569 2484 provinciam
1604 2451 1731 2472 sumina
1769 2440 1866 2470 laude
1897 2438 2052 2469 obtinuit.

1196 2497 1237 2535 Q.
1259 2497 1297 2527 fr.
1320 2497 1347 2527 I.
1371 2497 1398 2533 2,
1422 2495 1449 2528 7.
1474 2494 1565 2526 Suet.
1587 2493 1678 2534 Aug.
1701 2494 1730 2524 3.
1752 2492 1841 2523 Huic
1863 2500 1921 2532 per
1942 2491 2054 2522 literas

1195 2548 1439 2579 commendavit
1472 2546 1614 2587 negotia,
1645 2555 1728 2586 quae
1765 2544 1899 2575 Atticus
1930 2543 1964 2574 in
1995 2543 2054 2574 illa

1196 2601 1364 2642 provincia
1385 2600 1537 2631 habebat.

1237 2654 1277 2684 In
1299 2653 1527 2685 tocullionibus,
1554 2651 1693 2683 Toeullio
1715 2659 1837 2681 nomen
1860 2659 1878 2680 a
1894 2648 2054 2681 Cicerone

1196 2715 1252 2746 per
1281 2705 1390 2735 iocum
1418 2705 1532 2735 fictum
1562 2713 1579 2734 e
1608 2702 1732 2734 Graeco
1760 2699 1872 2742 τόκος,
1904 2707 1942 2732 ut
1973 2699 2057 2731 vidit

1197 2762 1372 2793 Turnebus
1393 2762 1482 2792 Λᾶν.
1504 2761 1569 2791 111.
1593 2760 1641 2797 21,
1665 2759 1817 2800 designat
1831 2758 1978 2789 minutum
1984 2755 2055 2797 foe-

1196 2819 1380 2847 neratorem.
1404 2816 1618 2847 Casaubonus
1640 2815 1680 2844 ad
1709 2813 1874 2854 Tbeophr.
1905 2811 2057 2843 Chai-act.

1197 2878 1224 2899 0.
1248 2869 1276 2898 6.
1306 2868 1516 2910 comparavit,
1546 2877 1627 2908 quos
1650 2866 1765 2898 Graeci
1788 2865 1902 2896 dieunt
1930 2861 2055 2907 ἡμερο-

1198 2917 1378 2960 δανειστάς
1401 2931 1434 2958 et
1461 2917 1701 2965 τοκογλύφους.
1748 2918 1814 2950 Sed
1843 2917 1915 2958 quis
1945 2917 2055 2948 credat

1197 2980 1350 3011 Atticum
1378 2988 1454 3009 vere
1477 2976 1656 3017 comparari
1678 2984 1754 3005 cum
1774 2972 1974 3008 hominibus,
1999 2970 2055 3011 qui

1198 3044 1333 3075 parvam
1349 3032 1506 3074 pecuniae
1523 3040 1685 3062 sununam
1700 3029 1735 3059 in
1749 3036 1868 3068 paucos
1884 3025 1953 3057 dies
1969 3025 2056 3066 turpi

1198 3086 1331 3118 foenore
1353 3083 1552 3118 credebant?
1581 3081 1699 3114 Noluit
1720 3080 1863 3111 amicum
1886 3077 2054 3120 appellare

297 3148 482 3191 pecuniam,
505 3156 603 3187 quaxn
625 3149 774 3176 mutuam
795 3142 970 3175 sumebant
985 3141 1026 3172 ab
1039 3148 1152 3180 argen-
1189 3139 1443 3179 soeneratorem:
1467 3136 1619 3168 blandius
1640 3133 1784 3175 appellat
1806 3130 2014 3163 tocullionem.
