2117 3533
217 955 250 980 10

265 160 347 201 216
663 157 747 216 EP.
781 156 858 196 AD
889 155 936 195 Τ.
970 153 1320 200 POMPONIUM
1353 159 1618 202 ATTICUM.

266 293 333 344 sit,
368 296 408 334 et
440 297 486 334 tu
519 291 577 332 ais
610 283 1020 348 δυςδιάγνωστον
1052 306 1151 333 0550.
1185 292 1385 348 Equidem
1419 310 1507 336 sum
1538 294 1680 348 facilis,
1715 295 1784 338 sed
1810 299 1857 336 tu
1879 292 2021 344 aberis,

264 371 305 406 et
336 381 398 406 me
432 364 594 405 absente
628 363 654 407 †
686 378 748 404 res
782 362 948 404 habebis
980 364 1060 405 mei
1092 365 1302 408 rationem.
1335 368 1442 408 Nam
1475 373 1609 423 posset
1641 367 1808 422 aliquid,
1851 366 1885 408 si
1916 369 2022 406 uter-

265 438 324 479 vis
357 440 538 478 nostrum
571 435 742 486 adesset,
777 439 919 490 agente
952 436 1118 478 Servilia
1150 439 1286 480 Servio
1318 440 1403 481 fieri
1436 439 1655 495 probabile.
1706 442 1842 491 Nune,
1878 438 1912 479 si
1943 438 2022 479 iam

265 525 326 551 res
359 510 529 565 placeat,
564 508 710 563 agendi
743 512 878 550 tamen
912 509 1016 550 viam
1049 525 1130 551 non
1163 511 1290 554 video.
1327 516 1366 554 2.
1390 514 1513 554 Nunc
1536 514 1652 555 venio
1676 513 1725 555 ad
1747 513 1857 554 illam
1880 511 2025 566 episto-

264 583 357 633 lam,
393 596 511 636 quam
545 581 680 636 accepi
713 597 735 622 a
767 581 914 622 Tullio.
948 582 1008 623 De
1042 583 1233 625 Marcello
1267 585 1397 626 fecisti
1431 586 1657 641 diligenter.
1699 586 1831 640 Igitur
1864 587 2025 625 senatus

265 655 493 696 consultum
526 653 560 695 si
593 654 668 695 erit
700 653 864 704 factum,
900 654 1047 696 scribes
1081 655 1130 697 ad
1164 672 1247 708 ine3
1283 657 1345 698 5111
1377 658 1525 709 minus,
1559 674 1642 699 rem
1663 664 1798 699 tamen
1823 655 2022 697 conficies.

267 728 373 769 Mihi
406 727 513 768 enim
546 725 714 766 attribui
747 725 959 780 oportebit,
994 728 1091 768 item
1124 728 1286 770 Bibulo.
1321 729 1399 770 Sed
1431 745 1513 771 non
1547 730 1703 780 dubito,
1738 728 1837 784 quin
1861 731 2023 768 senatus
2075 775 2084 782 ι

267 799 495 841 consultum
528 797 760 853 expeditum
793 798 858 849 sit,
893 798 935 839 in
970 814 1048 853 (1110
1082 802 1316 856 praesertim
1350 802 1402 843 sit
1443 803 1725 858 compendium
1764 800 1917 857 populi.
1964 799 2025 840 'De

266 874 467 927 Torquato
500 871 637 928 probe.
679 872 739 912 De
772 871 939 913 Masone
973 877 1013 913 et
1056 873 1220 928 Ligure,
1267 890 1390 929 quum
1435 876 1631 917 venerint.
1686 876 1747 916 De
1789 874 1873 924 illo,
1921 872 2026 927 quod

268 946 518 1001 Chaerippus
553 972 609 976 —
645 946 834 1000 quoniam
867 945 934 986 1110
968 961 1125 1000 (1110(1110
1160 946 1456 1006 πρόςνευσιν
1490 949 1709 999 sustulisti3
1745 963 1768 989 0
1800 946 2025 1002 provincia!

269 1020 442 1061 etiamne
475 1018 542 1060 hic
574 1017 674 1059 1111111
708 1018 908 1059 curandus
942 1019 1029 1060 est?>
1074 1020 1285 1062 Curandus
1319 1026 1453 1063 autem
1496 1021 1705 1072 haetenus,
1750 1036 1800 1062 ne
1844 1019 1934 1074 quis
1977 1018 2027 1059 ad

268 1097 450 1134 senatum
490 1090 715 1143 ,sconsulff
748 1095 818 1132 aut
856 1092 1098 1142 mnumera’ss
1132 1093 1239 1134 Nam
1273 1093 1321 1135 de
1355 1094 1494 1135 ceteris
1540 1118 1596 1123 -—
1641 1093 1711 1135 sed
1750 1098 1881 1135 tamen
1923 1107 2027 1133 com-

267 1165 398 1216 mode,
435 1164 541 1219 quod
576 1179 667 1205 cum
700 1163 849 1205 Scrofa.
905 1164 965 1205 De
999 1165 1245 1220 Pomptinio,
1279 1171 1385 1208 reete
1420 1165 1575 1208 scribis.
1609 1168 1685 1208 Est
1717 1167 1822 1208 enim
1866 1165 1937 1216 ita,
1982 1170 2029 1206 ut

267 1238 301 1280 si
334 1242 426 1279 ante
458 1236 632 1278 Kalend.
666 1236 760 1278 Iun.
795 1236 1004 1278 Brundisii
1037 1237 1198 1279 futurus
1232 1239 1297 1290 sit,
1332 1239 1465 1280 minus
1496 1239 1667 1294 urgendi
1690 1239 1840 1281 fuerint
1861 1239 1922 1280 M.
1947 1239 2029 1279 An-

306 1401 326 1432 2
347 1403 364 1441 †
385 1402 416 1432 et
439 1410 485 1432 me
508 1400 635 1432 absente
656 1409 718 1432 res.
741 1398 879 1431 Habebis
901 1418 941 1423 —
963 1400 999 1431 11
1025 1410 1064 1431 ne
1085 1400 1161 1442 quid
1182 1420 1222 1425 —
1244 1402 1284 1433 12
1305 1402 1345 1433 de
1367 1402 1549 1433 ceteris....
1572 1400 1634 1431 Sed
1654 1403 1757 1432 tamen
1781 1419 1821 1424 —

270 1557 336 1578 nem
346 1546 366 1577 ,Ρ
387 1556 485 1587 quam
509 1546 541 1577 id
564 1547 651 1587 quod
673 1546 821 1577 Koehius
844 1546 1053 1578 scribendum
1068 1558 1124 1588 pu-

271 1600 375 1629 tabat:
400 1609 446 1629 me
467 1598 595 1629 absente
616 1608 667 1629 res
689 1597 810 1628 habebis
839 1599 1051 1630 vem-ationem.
1084 1601 1125 1630 In
1148 1599 1150 1614 “

270 1662 335 1693 (1110
359 1658 390 1683 et
412 1652 606 1682 inusitatum
628 1661 749 1682 nomen
769 1651 952 1682 morationis
965 1653 1125 1693 displicet,
1148 1644 1150 1655 ¹

271 1716 331 1737 1100
351 1706 412 1736 1100
436 1705 542 1746 ipsum
563 1705 718 1735 convenit
740 1715 814 1735 cum
839 1706 888 1742 iis,
903 1716 985 1746 quae
1001 1706 1119 1737 deinde

271 1759 399 1789 scribit:
423 1757 537 1799 assandi
560 1757 642 1788 viam
665 1768 723 1788 non
750 1757 848 1788 video.

312 1811 432 1851 Assente
453 1809 597 1841 Servilia.
622 1809 797 1841 Serviliam
820 1811 853 1841 in
876 1811 937 1841 hae
952 1821 987 1842 re
1002 1811 1127 1852 aliquid

270 1863 376 1903 egisse
398 1867 525 1894 constat
549 1872 591 1894 ex
615 1872 664 1902 ep.
690 1863 716 1899 1,
741 1863 797 1893 lib.
821 1863 883 1893 VI.
905 1863 986 1902 ξ10.
1010 1864 1127 1903 Itaque

270 1917 413 1954 Servilio,
437 1922 474 1948 ut
497 1923 545 1948 est
566 1917 601 1948 in
624 1918 726 1953 codd„
750 1926 826 1948 vere
850 1928 868 1947 a
890 1918 1023 1949 Mureto
1043 1918 1128 1948 aliis-

271 1981 334 2012 que
357 1972 570 2002 substitutum
592 1971 653 2002 hoc
677 1980 798 2001 nomen
822 1976 984 2011 putamus.
1006 1971 1128 2002 Utrum

270 2023 376 2054 Servio
399 2033 416 2055 0
445 2023 664 2064 dittographia
694 2028 803 2054 ortum
832 2024 883 2060 sit,
913 2034 954 2054 an
985 2024 1127 2055 scriben-

270 2077 350 2107 dum
373 2075 411 2106 cle
432 2074 539 2106 Servio
561 2075 607 2112 F„
630 2085 697 2106 11011
720 2076 870 2106 decerno.
901 2076 991 2107 Illud
1017 2082 1127 2107 tamen

273 2129 379 2169 magis
401 2129 516 2170 placet,
540 2129 699 2169 quoniam
722 2128 838 2160 Cicero
860 2129 895 2160 in
917 2129 948 2160 h.
973 2129 994 2160 l.
1024 2130 1128 2160 nonii-

272 2183 369 2214 nibus
391 2182 530 2223 propriis
552 2182 746 2223 plerumque
770 2183 921 2213 abstinet.

312 2235 344 2265 Si
366 2235 428 2266 iam
450 2245 500 2266 res
515 2235 656 2276 placeat.
687 2234 720 2264 Sz·
742 2235 803 2265 iam
828 2241 876 2266 est
899 2235 966 2267 fere
995 2235 1127 2273 etiamsi,

271 2290 366 2330 Belg.
388 2300 443 2320 200
465 2289 508 2320 al.
545 2290 588 2320 Et
610 2289 656 2320 sic
679 2290 816 2330 5510111115,
840 2295 877 2320 ut
899 2290 997 2321 Tusc.
1021 2290 1048 2320 I.
1080 2290 1129 2321 50.

270 2342 332 2373 IV.
364 2342 413 2373 65.
443 2342 521 2372 ibid.
552 2341 589 2374 75
618 2341 674 2372 ubi
705 2342 804 2373 verba
834 2344 867 2372 ab
897 2342 974 2373 haee
1002 2341 1129 2372 omittas

271 2395 410 2425 eandem
445 2394 642 2425 sententiam
680 2394 860 2431 continent,
896 2404 979 2435 quae
1017 2395 1129 2435 paullo

272 2453 348 2479 ante
369 2448 455 2478 inest
478 2447 511 2478 in
533 2447 657 2478 verbis:
681 2448 710 2477 si
731 2450 790 2478 iam
816 2448 884 2488 ipsa
902 2448 962 2479 illa
980 2457 1130 2479 accusare

272 2501 364 2532 nolis.
387 2501 436 2532 De
458 2501 486 2530 si
508 2501 602 2531 esiam
624 2501 731 2532 dicam
757 2503 796 2532 ad
819 2502 918 2533 VIII.
942 2503 979 2532 11
1004 2502 1054 2539 D.,
1080 2504 1109 2533 3.

315 2555 333 2594 ξ
356 2555 385 2585 2.
412 2554 457 2584 De
473 2554 627 2584 Marcello
629 2554 743 2594 sivisti
759 2555 941 2595 (biliqenter,
956 2560 1017 2587 cet.
1038 2556 1131 2586 Haec

272 2608 372 2639 verba
401 2608 606 2638 illustrantur
634 2608 683 2644 iis,
715 2618 798 2648 quae
835 2619 915 2640 mox
953 2609 1131 2640 Brundisio

274 2660 402 2700 scripsit
424 2661 464 2690 ad
486 2659 645 2700 Appium,
674 2659 767 2691 Fam.
799 2661 863 2691 III.
896 2662 924 2698 3,
955 2661 983 2692 1.
1021 2661 1132 2691 Immi-

273 2719 372 2747 nente
408 2715 497 2746 enim
527 2715 616 2746 bello
645 2715 801 2746 Parthico
831 2721 996 2747 senatores
1025 2725 1157 2747 001150--

273 2768 352 2798 bant
374 2767 407 2798 in
430 2767 528 2798 Italia
552 2768 817 2808 supplementum
841 2769 1049 2800 scribendum
1064 2779 1133 2800 0550

274 2820 463 2860 legionibus
487 2820 662 2852 Ciceronis.
677 2826 707 2851 et
731 2821 854 2858 Bibuli,
878 2822 933 2862 qui
956 2828 1025 2853 tum
1059 2833 1134 2853 cum

275 2874 412 2914 imperio
435 2873 566 2914 Syriam
590 2874 770 2905 obtinebat.
794 2875 833 2905 Id
849 2885 951 2915 quum
967 2875 1133 2917 Sulpicius

274 2926 389 2955 consul
413 2935 584 2966 passurum
606 2935 640 2956 50
664 2932 823 2966 negasset,
847 2927 980 2958 Atticus
1002 2928 1133 2959 videtur

275 3135 374 3176 idque
394 3137 515 3177 populo
537 3137 650 3169 utilius
675 3146 744 3169 0550
767 3142 877 3168 censet
884 3151 892 3174 3
931 3138 981 3169 sin
1011 3139 1130 3177 minus,

1148 1587 1150 1596 Ι
1174 1548 1236 1579 sibi
1260 1554 1291 1579 et
1314 1548 1436 1579 Bibulo
1466 1549 1640 1589 pecuniam
1674 1548 1918 1579 attribuendam
1951 1557 2030 1578 0550.

1217 1601 1428 1641 (1)))]])ιἯῑΙίηηι
1453 1612 1485 1632 o:
1511 1602 1651 1638 lucrum,
1675 1601 1763 1641 quod
1785 1610 1827 1631 ex
1857 1600 2029 1631 retinendo

1172 1656 1218 1686 fit.
1242 1654 1305 1687 Off.
1328 1656 1392 1686 III.
1416 1656 1465 1686 63.
1504 1655 1541 1686 Se
1565 1655 1835 1697 neyalfaelvrzmz
1860 1653 2031 1694 compendii

1172 1708 1222 1738 sui
1244 1719 1350 1745 eausa,
1373 1708 1455 1749 quod
1475 1719 1537 1739 non.
1560 1708 1666 1739 liceat.
1699 1706 1782 1748 Opp.
1804 1706 2010 1746 disstemlimn.

1214 1761 1262 1792 De
1285 1762 1437 1803 Torquato
1453 1762 1560 1802 probe.
1595 1761 1774 1802 Scripserat
1797 1761 1837 1791 ad
1867 1770 1942 1791 eum
1974 1760 2032 1790 At-

1173 1817 1265 1853 ticus,
1289 1818 1376 1857 quod
1399 1817 1537 1848 iusserat
1560 1816 1675 1848 Cicero
1698 1817 1728 1847 h.
1753 1816 1773 1846 1.
1799 1826 1847 1856 ep.
1872 1817 1886 1846 1
1913 1820 1996 1847 extr.

1215 1869 1262 1899 De
1284 1869 1351 1906 illo,
1384 1869 1466 1910 qvod
1494 1868 1692 1909 Chaerippus
1728 1868 1936 1900 Sententiam
1964 1869 2032 1899 lon-

1175 1922 1264 1963 giore
1293 1923 1479 1963 parenthesi
1506 1923 1721 1963 interruptam
1755 1922 1913 1952 instaurat
1948 1921 2031 1952 illis:

1173 1975 1230 2005 sed
1252 1976 1354 2005 samen
1384 1974 1544 2012 eommode,
1574 1974 1657 2015 quod
1685 1984 1749 2004 eum
1779 1973 1890 2014 Scrofa
1919 1984 1962 2005 sc.
1993 1975 2033 2006 (10

1174 2028 1233 2058 illo
1264 2028 1391 2058 locutus
1422 2037 1464 2058 05.
1503 2027 1716 2068 Chaerippus,
1746 2027 1846 2057 homo
1876 2025 2029 2063 Graecus,

1175 2080 1230 2120 qui
1253 2090 1327 2111 eum
1349 2080 1390 2119 Q.
1415 2079 1574 2111 Cicerone
1598 2080 1633 2110 in
1658 2079 1740 2110 Asia
1770 2079 1877 2111 fuerat
1907 2080 1963 2120 (ad
1991 2080 2032 2118 Q.

1174 2132 1212 2163 fr.
1236 2133 1262 2163 I.
1286 2134 1314 2169 4,
1339 2133 1392 2173 14)
1415 2133 1544 2163 videtur
1565 2133 1627 2163 hoc
1651 2138 1796 2173 tempore
1818 2142 1875 2173 per
1907 2131 2034 2164 Cicero-

1174 2195 1252 2217 nem
1274 2186 1400 2226 aliquid
1422 2186 1597 2226 impetrare
1614 2186 1648 2216 in
1661 2186 1743 2216 Asia
1756 2186 1910 2217 voluisse.
1933 2186 2033 2217 Hunc

1176 2238 1291 2270 Cicero
1320 2239 1490 2279 negligere
1527 2250 1594 2270 non
1631 2239 1779 2276 audebat,
1809 2249 1851 2270 ne
1886 2239 1944 2270 ille
1974 2239 2039 2270 ira-

1176 2299 1227 2324 tus
1250 2293 1394 2334 aliquem
1428 2303 1444 2324 0
1475 2293 1680 2325 senatoribus
1714 2294 1753 2323 ad
1791 2293 2032 2334 impediendum

1176 2345 1300 2377 SCtuin
1323 2346 1494 2377 excitaret.
1530 2346 1642 2376 Verba
1664 2345 1742 2376 satis
1765 2346 1917 2386 expedita
1948 2351 2035 2379 sunt.

1175 2394 1369 2442 πρόςνευτιν
1394 2398 1553 2429 sustulisti
1582 2404 1630 2429 est
1661 2408 1727 2428 non
1761 2397 1926 2438 scripsisti,
1957 2396 2036 2437 quid

1177 2454 1236 2484 tibi
1259 2454 1394 2494 placeat.
1420 2453 1585 2484 Cla-andus
1607 2455 1709 2484 aulem
1745 2453 1907 2483 hactenus.
1944 2451 2036 2483 Solet

1177 2508 1278 2536 autem
1302 2506 1401 2537 etiam
1425 2512 1519 2537 extra
1540 2507 1746 2546 rogationem
1775 2506 1862 2546 poni,
1892 2505 1951 2536 ubi
1980 2515 2035 2535 vo-

1177 2558 1333 2588 cabulum
1358 2568 1433 2588 eum
1456 2558 1489 2588 vi
1520 2558 1688 2598 repetitur.
1733 2557 1897 2598 Exempla
1924 2562 2034 2597 petere

1178 2609 1253 2640 licet
1276 2619 1292 2640 0
1325 2610 1515 2641 Tursellino
1546 2610 1672 2641 Handii
1696 2610 1723 2640 I.
1746 2620 1775 2650 p.
1806 2609 1877 2640 568.
1918 2608 2036 2639 Curare

1179 2668 1226 2694 est
1248 2663 1430 2700 observare,
1454 2665 1571 2695 colere.
1601 2663 1652 2695 Cf.
1675 2663 1763 2694 Plin.
1787 2672 1835 2704 ep.
1867 2663 1894 2693 Ι.
1926 2664 1954 2700 5,
1985 2662 2035 2692 15.

1179 2715 1226 2745 Ne
1246 2715 1314 2756 quis
1337 2716 1450 2756 scripsi
1471 2726 1546 2746 cum
1571 2717 1598 2746 1.
1621 2716 1659 2746 F.
1681 2715 1859 2747 Gronovio.
1891 2714 1939 2745 Ne
1963 2713 2038 2756 quid

1179 2774 1304 2799 rectum
1334 2774 1427 2805 esset,
1462 2768 1488 2799 si
1516 2769 1584 2809 ipse
1614 2768 1814 2809 Chaerippus
1849 2767 1883 2798 in
1921 2771 2035 2798 sena-tu

1179 2825 1237 2855 illa
1259 2825 1384 2855 consvle
1406 2826 1461 2854 aab
1479 2834 1607 2853 numera
1624 2824 1765 2854 clamare
1780 2822 1947 2863 potuisset.
1970 2820 2036 2852 Sed

1155 2902 1156 2906 ,
1180 2887 1246 2907 non
1276 2882 1412 2917 poterat.
1448 2875 1535 2907 Sunt
1565 2876 1654 2907 enim
1684 2875 1760 2906 illae
1788 2883 1884 2905 voces
1913 2878 2037 2904 senato-

1155 2946 1156 2958 1
1182 2929 1236 2966 ris,
1267 2929 1324 2969 qui
1353 2929 1476 2960 SCtum
1507 2929 1664 2969 impedire
1693 2928 1773 2958 vult.
1807 2926 1885 2957 Vid.
1918 2925 2036 2956 Festus

275 2980 360 3018 apud
382 2979 522 3010 alterum
544 2979 715 3010 consulein
738 2980 935 3011 Marcellum
959 2981 1055 3011 amici
1085 2992 1133 3011 ro-
1154 2959 1157 3029 ⁴,

275 3037 353 3069 gatu
375 3040 507 3070 operam
529 3031 665 3068 dedisse,
689 3036 725 3061 ut
747 3032 786 3062 (10
816 3041 851 3062 ca
882 3042 915 3063 re
948 3033 1132 3064 referretur.
1155 3033 1157 3062 l

276 3083 390 3114 Cicero
412 3091 519 3125 sperat
542 3085 610 3116 fore
635 3091 671 3116 ut
691 3086 919 3126 supplementa
937 3087 1131 3124 scribantur,
1156 3086 1157 3103 ¹

1183 2991 1213 3021 p.
1238 2981 1307 3013 170.
1329 3000 1370 3003 —
1392 2981 1471 3011 Nam
1503 2980 1541 3011 cle
1569 2981 1692 3017 ceteris,
1723 2989 1804 3020 quos
1835 2978 2037 3018 Chaerippus

1183 3033 1216 3063 in
1241 3042 1293 3064 1110
1317 3033 1460 3063 excitare
1483 3038 1600 3073 posset,
1625 3042 1679 3063 eos
1702 3042 1769 3062 non
1792 3031 1933 3061 multum
1949 3040 2037 3060 euro.

1225 3085 1269 3115 M.
1284 3084 1435 3115 Aeneiae.
1457 3085 1588 3115 Nomen
1609 3088 1790 3114 correctum
1805 3089 1854 3114 est
1873 3092 1915 3113 ex
1930 3082 2035 3122 epistt.

1182 3138 1223 3169 ad
1244 3137 1338 3169 Fam.
1363 3137 1464 3168 XIII.
1491 3139 1540 3167 55.
1562 3136 1642 3167 XV.
1665 3137 1694 3173 4,
1725 3135 1782 3166 ubi
1811 3135 1850 3166 de
1881 3134 2038 3166 varietate
