2117 3533
706 159 813 201 LIB.
849 159 947 200 VH.
983 159 1066 200 ΕΡ.
1105 159 1299 199 21—23.
1800 153 1887 192 :529

131 297 249 349 Quod
283 296 479 351 optimum
514 297 624 336 factu
657 293 875 345 videbitur,
910 293 1045 344 facies,
1081 307 1171 334 cum
1204 291 1423 333 Philotimo
1448 290 1624 344 loquere,
1648 292 1768 340 atque
1792 285 1890 327 adeo

129 369 357 412 Terentiam
391 367 559 409 habebis
592 367 750 409 Idibus.
785 369 872 422 Ego
907 368 1005 421 quid
1039 367 1181 422 agam?
1215 380 1293 420 qua
1327 370 1397 406 aut
1429 368 1535 404 terra
1568 366 1639 403 aut
1671 359 1772 401 mari
1805 374 1891 413 per-

131 457 274 496 sequar
307 456 413 491 eum,
449 440 518 495 qui
552 439 623 481 ubi
658 440 723 490 sit,
757 440 921 481 nescio?
967 439 1057 480 Etsi
1089 443 1194 479 terra
1235 437 1398 492 quidem
1444 435 1513 490 qui
1557 433 1746 490 possum?
1790 431 1891 472 mari

131 515 236 570 quo?
269 513 437 555 Tradam
471 513 597 567 igitur
630 512 699 553 isti
733 513 822 553 me?
856 513 935 553 Fac
968 527 1083 567 posse
1116 516 1206 552 tuto
1242 536 1298 540 —
1320 510 1437 551 multi
1459 509 1566 550 enim
1584 507 1798 548 hortantur
1817 528 1890 553 —,

130 603 227 630 num
262 587 383 628 etiam
418 585 611 626 honeste?
646 584 772 625 Nullo
806 584 939 625 modo.
974 584 1174 639 Equidem
1208 599 1230 625 a
1262 588 1300 624 te
1335 587 1467 637 petam
1502 580 1729 628 consilium,
1764 582 1810 618 ut
1831 592 1891 617 so-

131 662 206 702 leo.
252 658 455 714 Explicari
487 672 549 698 res
582 671 663 697 non
698 661 842 712 potest.
878 657 955 697 Sed
989 662 1138 706 tamen,
1174 656 1207 697 si
1241 655 1338 710 quid
1372 655 1415 696 in
1449 658 1622 694 mentem
1658 652 1782 700 venit,
1830 665 1892 690 ve-

131 735 201 776 lim
234 731 384 774 scribas
417 735 458 772 et
490 731 574 786 ipse
609 729 706 785 quid
740 730 794 771 sis
828 734 1004 771 acturus.

174 899 191 928 5
218 895 332 934 Quid?
354 906 374 926 a
397 897 428 926 te
443 897 551 936 pelam
575 913 615 918 —

132 1043 196 1074 Hie
219 1053 291 1085 eyeo
313 1045 366 1075 tuo
389 1043 520 1074 auxilio.
555 1040 645 1082 Quod
666 1042 809 1081 optimum
824 1041 923 1081 factu
946 1042 991 1071 vi-
1034 1041 1139 1073 refero
1169 1041 1249 1072 haec
1284 1040 1383 1071 verba
1413 1048 1456 1070 ex
1487 1048 1536 1078 ep.
1565 1037 1605 1067 26
1638 1039 1705 1078 §a
1747 1035 1795 1066 De
1826 1033 1892 1064 HS·

131 1097 264 1135 debdzcr,
279 1096 397 1137 facie-5,
420 1106 487 1127 eum
509 1095 570 1126 Ph.
592 1095 718 1136 loquere
739 1097 833 1135 alque
855 1093 933 1125 adeo
956 1094 988 1125 T.
1034 1089 1107 1126 ῘῘ
1121 1095 1269 1126 Terentia
1292 1094 1349 1125 tibi
1370 1094 1542 1134 rescripsit.

132 1149 257 1181 habebis
279 1148 398 1180 Idibus.
414 1148 564 1179 —Recle
587 1157 654 1178 esse
672 1147 868 1178 Tullianum
886 1157 989 1188 quum
1076 1148 1224 1191 Equidem
1248 1159 1268 1178 a
1291 1150 1322 1178 te
1337 1150 1443 1188 petam
1466 1146 1639 1183 consilium,
1663 1146 1697 1175 zat
1720 1145 1814 1175 soleo.
1837 1142 1893 1174 Sic

133 1203 176 1234 sit
207 1203 289 1243 (vid.
319 1203 359 1233 ad
382 1203 409 1233 I.
444 1202 471 1239 7,
503 1202 545 1241 1),
578 1210 644 1231 11011
675 1206 724 1231 est
753 1201 842 1241 quod
874 1205 989 1231 votum
1035 1201 1149 1241 scripsi
1171 1210 1247 1231 cum
1269 1199 1454 1231 Buchelero
1475 1199 1563 1230 Mus.
1593 1198 1700 1229 Rhen.
1729 1195 1832 1226 XIII.
1863 1206 1894 1236 p.

133 1256 227 1286 Recte
250 1254 302 1292 sit,
323 1255 412 1296 quod
440 1254 474 1285 in
504 1253 659 1284 omnibus
689 1252 781 1283 libris
816 1252 989 1284 inventum
1036 1254 1094 1284 591
1119 1262 1137 1284 e
1159 1253 1258 1289 Med„
1282 1252 1347 1283 nisi
1371 1252 1458 1292 quod
1488 1251 1534 1281 ibi
1564 1250 1722 1290 scriptum
1752 1254 1801 1280 est
1830 1248 1893 1289 qui-

133 1309 270 1346 videtur,
306 1308 541 1339 convellamus.
586 1306 752 1337 Victorius
788 1306 1012 1346 comparavit*
1036 1306 1114 1337 dem.
1137 1305 1237 1344 Quod
1260 1305 1380 1336 Rosius
1402 1304 1508 1336 dedit:
1539 1302 1652 1339 Quid?
1680 1313 1700 1333 a
1732 1304 1763 1332 te
1789 1303 1893 1342 pelam

134 1360 366 1392 Demosthenis
399 1360 483 1390 illud
512 1356 651 1404 χρηστὰ
681 1355 715 1390 δ’
744 1354 811 1393 εἴη.
848 1359 991 1399 Reliqua
1035 1359 1209 1396 consiliam,
1240 1361 1274 1389 ut
1305 1358 1418 1389 soleo?
1439 1358 1591 1398 displicet
1611 1367 1717 1398 qiuun
1738 1356 1781 1387 ob
1803 1355 1895 1386 dubi-

133 1416 354 1457 explicatione
376 1426 443 1447 non
464 1420 572 1455 egent.
617 1415 672 1446 Ad
702 1415 789 1446 idem
819 1414 990 1454 negotium
1036 1414 1203 1450 tationem,
1227 1417 1297 1444 tum
1320 1413 1363 1444 ob
1392 1411 1506 1449 Quid?
1528 1411 1614 1443 nude
1637 1410 1788 1451 positum.

713 1543 875 1585 XXIII.
940 1544 1001 1595 (A.
1042 1543 1083 1583 U.
1119 1541 1159 1584 0.
1198 1543 1310 1597 705.)

202 1675 240 1712 l.
287 1685 325 1712 v.
358 1671 422 1712 id.
459 1671 576 1711 Febr.
612 1670 766 1725 vesperi
800 1684 822 1710 a
856 1669 1075 1710 Philotimo
1109 1670 1245 1711 literas
1293 1671 1443 1725 accepi,
1487 1670 1711 1711 Domitium
1746 1669 1894 1710 exerci-

136 1752 222 1786 tum
256 1745 413 1785 firmum
449 1744 609 1795 habere,
644 1743 827 1784 cohortes
861 1758 909 1784 ex
943 1743 1107 1794 Piceno,
1141 1743 1315 1784 Lentulo
1349 1747 1389 1784 et
1421 1743 1592 1784 Thermo
1637 1743 1894 1793 (lucent-ibus,

137 1832 229 1859 cum
262 1817 433 1858 Domitii
467 1818 645 1858 exercitu
679 1817 914 1858 coniunctas
942 1832 1041 1867 esse,
1077 1816 1285 1857 Caesarem
1319 1816 1537 1858 intercludi
1571 1831 1699 1871 posse,
1725 1832 1895 1871 eumque

137 1890 178 1931 id
212 1890 366 1940 timere,
402 1889 598 1931 bonorum
633 1890 786 1931 animos
831 1894 1028 1930 recreatos
1073 1890 1237 1940 Romae,
1280 1889 1484 1945 improbos
1525 1889 1639 1944 quasi
1678 1890 1897 1945 perculsos.
1935 1898 1948 1922 ὃ

140 1963 251 2004 Haec
284 1967 421 2004 metuo
454 1963 641 2018 equidem
675 1978 724 2004 ne
759 1963 841 2004 sint
874 1962 1042 2013 somnia,
1086 1962 1155 2003 sed
1188 1967 1323 2004 tamen
1357 1963 1433 2004 M’.
1468 1963 1681 2018 Lepidum,
1716 1963 1764 2004 L.
1804 1964 1899 2004 Tor-

140 2043 322 2093 quatum,
357 2037 404 2078 C.
438 2038 623 2078 Cassium
655 2037 867 2078 tribunum
900 2036 956 2092 pl.
992 2061 1048 2066 —
1084 2036 1127 2078 hi
1159 2037 1267 2078 enim
1302 2042 1397 2078 sunt
1428 2036 1654 2088 nobiscum,
1686 2036 1730 2078 id
1764 2041 1837 2087 est,
1857 2037 1900 2078 in

141 2111 353 2153 Formiano
389 2136 445 2141 —
480 2110 690 2152 Philotimi
729 2111 869 2151 literae
909 2109 959 2151 ad
1004 2111 1128 2151 vitam
1172 2115 1474 2152 revocaverunt.
1524 2111 1612 2166 Ego
1658 2115 1792 2152 autem
1831 2110 1901 2152 illa

141 2188 274 2225 metuo
308 2199 357 2224 ne
392 2182 544 2224 veriora
578 2183 673 2233 sint,
708 2197 781 2223 1105
815 2197 952 2223 01111165
985 2197 1111 2237 paene
1144 2183 1224 2224 iam
1259 2188 1396 2238 captos
1430 2199 1529 2234 esse,
1559 2184 1794 2238 Pompeium
1819 2183 1900 2225 Ita-

140 2257 194 2298 lia
227 2256 365 2297 cedere
376 2274 387 2307 3
423 2270 539 2310 quem
574 2256 737 2311 quidem
772 2280 828 2286 -—
864 2271 885 2296 0
928 2270 1010 2296 rem
1055 2255 1261 2298 acerbam!
1299 2282 1355 2286 —
1391 2257 1575 2312 persequi
1614 2257 1760 2298 Caesar
1804 2257 1902 2298 dici-

139 2335 219 2370 tur.
254 2328 445 2382 Persequi
480 2329 625 2370 Caesar
658 2328 923 2383 Pompeium?
970 2328 1111 2379 Quid?
1144 2334 1192 2370 ut
1224 2329 1467 2371 interficiat?
1513 2330 1548 2371 O
1581 2346 1643 2371 me
1687 2331 1900 2372 miserum!

141 2403 195 2444 Et
226 2417 307 2443 non
342 2416 479 2442 omnes
513 2405 649 2442 nostra
684 2416 848 2456 corpora
882 2400 1152 2456 opponimus?
1186 2402 1228 2442 in
1263 2417 1342 2456 quo
1376 2407 1421 2444 tu
1455 2418 1613 2458 quoque
1656 2404 1902 2459 ingemiscis.

141 2473 219 2515 Sed
253 2474 351 2527 quid
384 2474 605 2515 faciamus?
648 2474 772 2524 Victi,
808 2474 1000 2529 oppressi,
1036 2475 1144 2528 capti
1187 2476 1305 2530 plane
1346 2491 1498 2517 sumus.
1552 2480 1592 2517 2.
1637 2478 1724 2532 Ego
1769 2482 1903 2518 tamen

141 2546 352 2587 Philotimi
385 2546 512 2587 literis
545 2546 660 2587 lectis
695 2546 849 2587 mutavi
883 2546 1095 2587 consilium
1132 2547 1180 2588 de
1215 2547 1467 2599 mulieribus,
1503 2564 1615 2604 quas,
1650 2554 1696 2590 ut
1737 2550 1903 2604 scripse-

142 2635 226 2661 ram
260 2619 310 2660 acl
343 2624 398 2670 te,
434 2620 601 2660 Romam
634 2619 913 2661 remittebam:
951 2619 1020 2660 sed
1054 2620 1154 2661 mihi
1187 2621 1299 2662 venit
1331 2622 1373 2663 in
1407 2627 1581 2664 mentem
1617 2623 1789 2664 multum
1822 2623 1904 2664 fore

142 2708 378 2742 sermonem,
413 2707 475 2733 me
509 2692 707 2733 iudicium
739 2692 819 2733 iam
854 2692 902 2733 de
937 2707 1057 2733 causa
1090 2692 1253 2747 publica
1279 2694 1432 2746 fecisse,
1458 2711 1537 2750 qua
1562 2696 1770 2751 desperata
1789 2696 1905 2750 quasi

144 2766 252 2807 hunc
284 2765 453 2821 gradum
487 2766 566 2806 mei
598 2765 751 2806 reditus
785 2780 883 2816 esse,
919 2765 1025 2820 quod
1060 2766 1245 2808 mulieres
1278 2769 1548 2810 revertissent.
1584 2770 1643 2810 De
1678 2785 1738 2810 me
1771 2774 1905 2810 autem

142 2839 229 2894 ipso
263 2838 339 2880 tibi
373 2838 581 2888 assentior,
616 2853 665 2879 ne
705 2853 768 2879 me
814 2838 903 2878 (lem
948 2838 1123 2880 incertae
1165 2844 1205 2880 et
1237 2841 1482 2895 periculosae
1523 2842 1655 2896 fugae,
1691 2857 1815 2897 quum
1849 2843 1905 2883 rei

146 2911 331 2966 publicae
364 2911 467 2952 nihil
502 2911 665 2966 prosim,
698 2911 801 2952 nihil
836 2911 1043 2965 Pompeio,
1076 2928 1147 2967 pro
1181 2929 1260 2968 quo
1295 2915 1418 2956 emori
1451 2930 1574 2969 quum
1620 2916 1683 2970 pie
1730 2930 1904 2970 possum,

191 3100 209 3139 ξ
232 3100 261 3130 2.
288 3099 376 3136 (letas
399 3117 438 3120 -—
462 3098 586 3129 Ronmm
611 3097 800 3128 remiuebam
833 3109 866 3129 a:
896 3098 1005 3129 remit.
1099 3087 1907 3132 Qlaasilmncffladam.Mahmhuncquanm-adm,

149 3157 217 3183 tel-e
239 3151 400 3187 volebam,
426 3152 620 3182 remigfflu-ug
643 3160 741 3181 eram.
1054 3148 1089 3173 Ut
1112 3145 1145 3173 in
1170 3144 1270 3175 Slmlli
1292 3145 1380 3176 dlCtO
1404 3146 1437 3175 in
1461 3150 1541 3176 Ol'flt·
1560 3145 1596 3176 II
1612 3145 1652 3175 de
1676 3145 1741 3184 leg.
1763 3154 1842 3183 agr„-
1857 3145 1907 3174 38.

1927 2267 1960 2292 10

1930 2635 1961 2661 15
