<?xml version="1.0" encoding="UTF-8"?>
<!DOCTYPE html PUBLIC "-//W3C//DTD XHTML 1.0 Transitional//EN"
    "http://www.w3.org/TR/xhtml1/DTD/xhtml1-transitional.dtd">
<html xmlns="http://www.w3.org/1999/xhtml" xml:lang="en" lang="en">
 <head>
  <title>
</title>
<meta http-equiv="Content-Type" content="text/html;charset=utf-8" />
  <meta name='ocr-system' content='tesseract 3.04.00' />
  <meta name='ocr-capabilities' content='ocr_page ocr_carea ocr_par ocr_line ocrx_word'/>
</head>
<body>
  <div class='ocr_page' id='page_1' title='image "./epistolarumadtpo01ciceuoft_0336.png"; bbox 0 0 2117 3533; ppageno 0'>
   <div class='ocr_carea' id='block_1_1' title="bbox 281 162 1627 205">
    <p class='ocr_par' dir='ltr' id='par_1_1' title="bbox 281 162 1627 205">
     <span class='ocr_line' id='line_1_1' title="bbox 281 162 1627 205; baseline 0.001 -2"><span class='ocrx_word' id='word_1_1' title='bbox 281 166 362 204; x_wconf 78' lang='grc'>316</span> <span class='ocrx_word' id='word_1_2' title='bbox 678 165 760 204; x_wconf 83' lang='grc' dir='ltr'>ΕΡ.</span> <span class='ocrx_word' id='word_1_3' title='bbox 796 162 871 203; x_wconf 76' lang='lat' dir='ltr'>AD</span> <span class='ocrx_word' id='word_1_4' title='bbox 904 164 948 203; x_wconf 78' lang='lat' dir='ltr'>T.</span> <span class='ocrx_word' id='word_1_5' title='bbox 984 163 1331 203; x_wconf 71' lang='lat' dir='ltr'>POMPONIUM</span> <span class='ocrx_word' id='word_1_6' title='bbox 1366 164 1627 205; x_wconf 66' lang='lat' dir='ltr'>A&#39;PHGUM.</span> 
     </span>
    </p>
   </div>
   <div class='ocr_carea' id='block_1_2' title="bbox 278 297 2031 573">
    <p class='ocr_par' dir='ltr' id='par_1_2' title="bbox 278 297 2031 573">
     <span class='ocr_line' id='line_1_2' title="bbox 279 297 2029 356; baseline 0.002 -17"><span class='ocrx_word' id='word_1_7' title='bbox 279 305 455 340; x_wconf 77' lang='lat' dir='ltr'>retentus</span> <span class='ocrx_word' id='word_1_8' title='bbox 489 306 560 349; x_wconf 82' lang='lat' dir='ltr'>est,</span> <span class='ocrx_word' id='word_1_9' title='bbox 597 314 668 339; x_wconf 85' lang='lat' dir='ltr'>nec</span> <span class='ocrx_word' id='word_1_10' title='bbox 702 299 832 339; x_wconf 90' lang='lat' dir='ltr'>locum</span> <span class='ocrx_word' id='word_1_11' title='bbox 867 314 911 339; x_wconf 84' lang='lat' dir='ltr'>ac</span> <span class='ocrx_word' id='word_1_12' title='bbox 945 297 1078 338; x_wconf 86' lang='lat' dir='ltr'>sedem</span> <span class='ocrx_word' id='word_1_13' title='bbox 1111 297 1298 352; x_wconf 85' lang='lat' dir='ltr'>praesidii</span> <span class='ocrx_word' id='word_1_14' title='bbox 1331 298 1453 338; x_wconf 90' lang='lat' dir='ltr'>ullam</span> <span class='ocrx_word' id='word_1_15' title='bbox 1499 299 1625 339; x_wconf 86' lang='lat' dir='ltr'>video.</span> <span class='ocrx_word' id='word_1_16' title='bbox 1681 304 1777 356; x_wconf 89' lang='lat' dir='ltr'>Spes</span> <span class='ocrx_word' id='word_1_17' title='bbox 1819 303 1946 343; x_wconf 85' lang='lat' dir='ltr'>omnis</span> <span class='ocrx_word' id='word_1_18' title='bbox 1988 302 2029 343; x_wconf 89' lang='lat' dir='ltr'>in</span> 
     </span>
     <span class='ocr_line' id='line_1_3' title="bbox 279 369 2029 424; baseline 0.002 -13"><span class='ocrx_word' id='word_1_19' title='bbox 279 370 434 412; x_wconf 86' lang='lat' dir='ltr'>duabus</span> <span class='ocrx_word' id='word_1_20' title='bbox 467 370 656 412; x_wconf 79' lang='lat' dir='ltr'>insidiose</span> <span class='ocrx_word' id='word_1_21' title='bbox 690 371 870 421; x_wconf 87' lang='lat' dir='ltr'>retentis,</span> <span class='ocrx_word' id='word_1_22' title='bbox 905 385 1029 424; x_wconf 84' lang='lat' dir='ltr'>paene</span> <span class='ocrx_word' id='word_1_23' title='bbox 1063 369 1203 410; x_wconf 87' lang='lat' dir='ltr'>alienis</span> <span class='ocrx_word' id='word_1_24' title='bbox 1236 369 1478 424; x_wconf 83' lang='lat' dir='ltr'>legionibus.</span> <span class='ocrx_word' id='word_1_25' title='bbox 1525 372 1630 412; x_wconf 86' lang='lat' dir='ltr'>Nam</span> <span class='ocrx_word' id='word_1_26' title='bbox 1675 372 1852 414; x_wconf 85' lang='lat' dir='ltr'>delectus</span> <span class='ocrx_word' id='word_1_27' title='bbox 1899 374 2029 415; x_wconf 81' lang='lat' dir='ltr'>adhuc</span> 
     </span>
     <span class='ocr_line' id='line_1_4' title="bbox 278 441 2030 498; baseline 0.002 -14"><span class='ocrx_word' id='word_1_28' title='bbox 278 445 439 498; x_wconf 88' lang='lat' dir='ltr'>quidem</span> <span class='ocrx_word' id='word_1_29' title='bbox 472 444 688 484; x_wconf 86' lang='lat' dir='ltr'>invitorum</span> <span class='ocrx_word' id='word_1_30' title='bbox 723 448 783 484; x_wconf 87' lang='lat' dir='ltr'>est</span> <span class='ocrx_word' id='word_1_31' title='bbox 816 448 855 483; x_wconf 91' lang='lat' dir='ltr'>et</span> <span class='ocrx_word' id='word_1_32' title='bbox 889 458 909 483; x_wconf 86' lang='lat' dir='ltr'>a</span> <span class='ocrx_word' id='word_1_33' title='bbox 950 441 1168 497; x_wconf 86' lang='lat' dir='ltr'>pugnando</span> <span class='ocrx_word' id='word_1_34' title='bbox 1203 441 1520 483; x_wconf 74' lang='lat' dir='ltr'>abhorrentium.</span> <span class='ocrx_word' id='word_1_35' title='bbox 1577 444 1863 487; x_wconf 88' lang='lat' dir='ltr'>Conditionum</span> <span class='ocrx_word' id='word_1_36' title='bbox 1900 452 2030 488; x_wconf 84' lang='lat' dir='ltr'>autem</span> 
     </span>
     <span class='ocr_line' id='line_1_5' title="bbox 281 515 2031 573; baseline 0.003 -17"><span class='ocrx_word' id='word_1_37' title='bbox 281 517 469 557; x_wconf 88' lang='lat' dir='ltr'>amissum</span> <span class='ocrx_word' id='word_1_38' title='bbox 502 522 659 572; x_wconf 84' lang='lat' dir='ltr'>tempus</span> <span class='ocrx_word' id='word_1_39' title='bbox 693 523 762 557; x_wconf 88' lang='lat' dir='ltr'>est.</span> <span class='ocrx_word' id='word_1_40' title='bbox 817 516 926 567; x_wconf 77' lang='lat' dir='ltr'>Quid</span> <span class='ocrx_word' id='word_1_41' title='bbox 960 516 1142 556; x_wconf 86' lang='lat' dir='ltr'>futurum</span> <span class='ocrx_word' id='word_1_42' title='bbox 1176 516 1238 565; x_wconf 84' lang='lat' dir='ltr'>sit,</span> <span class='ocrx_word' id='word_1_43' title='bbox 1270 531 1351 556; x_wconf 90' lang='lat' dir='ltr'>non</span> <span class='ocrx_word' id='word_1_44' title='bbox 1385 515 1514 557; x_wconf 86' lang='lat' dir='ltr'>video.</span> <span class='ocrx_word' id='word_1_45' title='bbox 1570 517 1835 559; x_wconf 83' lang='lat' dir='ltr'>Commissum</span> <span class='ocrx_word' id='word_1_46' title='bbox 1870 520 2031 573; x_wconf 83' lang='lat' dir='ltr'>quidem</span> 
     </span>
    </p>
   </div>
   <div class='ocr_carea' id='block_1_3' title="bbox 246 588 2033 646">
    <p class='ocr_par' dir='ltr' id='par_1_3' title="bbox 246 588 2033 646">
     <span class='ocr_line' id='line_1_6' title="bbox 246 588 2033 646; baseline 0.002 -17"><span class='ocrx_word' id='word_1_47' title='bbox 246 600 258 623; x_wconf 79' lang='lat'>5</span> <span class='ocrx_word' id='word_1_48' title='bbox 281 604 302 630; x_wconf 87' lang='lat' dir='ltr'>a</span> <span class='ocrx_word' id='word_1_49' title='bbox 335 588 451 629; x_wconf 90' lang='lat' dir='ltr'>nobis</span> <span class='ocrx_word' id='word_1_50' title='bbox 485 593 590 629; x_wconf 87' lang='lat' dir='ltr'>certe</span> <span class='ocrx_word' id='word_1_51' title='bbox 624 594 684 629; x_wconf 87' lang='lat' dir='ltr'>est</span> <span class='ocrx_word' id='word_1_52' title='bbox 717 590 798 630; x_wconf 88' lang='lat' dir='ltr'>sive</span> <span class='ocrx_word' id='word_1_53' title='bbox 833 604 855 629; x_wconf 88' lang='lat' dir='ltr'>a</span> <span class='ocrx_word' id='word_1_54' title='bbox 888 593 1023 629; x_wconf 90' lang='lat' dir='ltr'>nostro</span> <span class='ocrx_word' id='word_1_55' title='bbox 1058 588 1172 638; x_wconf 84' lang='lat' dir='ltr'>duce,</span> <span class='ocrx_word' id='word_1_56' title='bbox 1206 594 1253 628; x_wconf 89' lang='lat' dir='ltr'>ut</span> <span class='ocrx_word' id='word_1_57' title='bbox 1285 603 1305 628; x_wconf 89' lang='lat' dir='ltr'>e</span> <span class='ocrx_word' id='word_1_58' title='bbox 1334 593 1450 643; x_wconf 87' lang='lat' dir='ltr'>portu</span> <span class='ocrx_word' id='word_1_59' title='bbox 1474 589 1558 630; x_wconf 88' lang='lat' dir='ltr'>sine</span> <span class='ocrx_word' id='word_1_60' title='bbox 1581 589 1863 644; x_wconf 79' lang='lat' dir='ltr'>gubernaculis</span> <span class='ocrx_word' id='word_1_61' title='bbox 1886 593 2033 646; x_wconf 82' lang='lat' dir='ltr'>egressi</span> 
     </span>
    </p>
   </div>
   <div class='ocr_carea' id='block_1_4' title="bbox 229 973 262 999">
    <p class='ocr_par' dir='ltr' id='par_1_4' title="bbox 229 973 262 999">
     <span class='ocr_line' id='line_1_7' title="bbox 229 973 262 999; baseline 0.03 -1"><span class='ocrx_word' id='word_1_62' title='bbox 229 973 262 999; x_wconf 93' lang='grc'>10</span> 
     </span>
    </p>
   </div>
   <div class='ocr_carea' id='block_1_5' title="bbox 233 1334 261 1358">
    <p class='ocr_par' dir='ltr' id='par_1_5' title="bbox 233 1334 261 1358">
     <span class='ocr_line' id='line_1_8' title="bbox 233 1334 261 1358; baseline 0 0"><span class='ocrx_word' id='word_1_63' title='bbox 233 1334 261 1358; x_wconf 82' lang='lat'>15</span> 
     </span>
    </p>
   </div>
   <div class='ocr_carea' id='block_1_6' title="bbox 280 661 2043 1669">
    <p class='ocr_par' dir='ltr' id='par_1_6' title="bbox 280 661 2043 1669">
     <span class='ocr_line' id='line_1_9' title="bbox 280 661 2032 719; baseline 0.002 -16"><span class='ocrx_word' id='word_1_64' title='bbox 280 663 507 717; x_wconf 87' lang='lat' dir='ltr'>tempestati</span> <span class='ocrx_word' id='word_1_65' title='bbox 540 678 612 703; x_wconf 86' lang='lat' dir='ltr'>nos</span> <span class='ocrx_word' id='word_1_66' title='bbox 646 662 906 704; x_wconf 67' lang='lat' dir='ltr'>traderemus.</span> <span class='ocrx_word' id='word_1_67' title='bbox 951 663 991 701; x_wconf 73' lang='grc'>3.</span> <span class='ocrx_word' id='word_1_68' title='bbox 1028 662 1169 715; x_wconf 87' lang='lat' dir='ltr'>Itaque</span> <span class='ocrx_word' id='word_1_69' title='bbox 1205 661 1252 701; x_wconf 88' lang='grc'>(10</span> <span class='ocrx_word' id='word_1_70' title='bbox 1287 661 1547 703; x_wconf 78' lang='lat' dir='ltr'>Ciceronibus</span> <span class='ocrx_word' id='word_1_71' title='bbox 1579 663 1726 704; x_wconf 88' lang='lat' dir='ltr'>nostris</span> <span class='ocrx_word' id='word_1_72' title='bbox 1760 664 1902 705; x_wconf 88' lang='lat' dir='ltr'>dubito</span> <span class='ocrx_word' id='word_1_73' title='bbox 1936 665 2032 719; x_wconf 89' lang='lat' dir='ltr'>quid</span> 
     </span>
     <span class='ocr_line' id='line_1_10' title="bbox 280 734 2033 790; baseline 0.001 -14"><span class='ocrx_word' id='word_1_74' title='bbox 280 751 415 790; x_wconf 80' lang='lat' dir='ltr'>agam3</span> <span class='ocrx_word' id='word_1_75' title='bbox 449 751 541 777; x_wconf 86' lang='lat' dir='ltr'>nam</span> <span class='ocrx_word' id='word_1_76' title='bbox 575 736 673 776; x_wconf 87' lang='lat' dir='ltr'>mihi</span> <span class='ocrx_word' id='word_1_77' title='bbox 706 735 906 777; x_wconf 86' lang='lat' dir='ltr'>interdum</span> <span class='ocrx_word' id='word_1_78' title='bbox 945 734 1186 776; x_wconf 82' lang='lat' dir='ltr'>amandandi</span> <span class='ocrx_word' id='word_1_79' title='bbox 1220 734 1407 776; x_wconf 87' lang='lat' dir='ltr'>videntur</span> <span class='ocrx_word' id='word_1_80' title='bbox 1439 735 1482 776; x_wconf 90' lang='lat' dir='ltr'>in</span> <span class='ocrx_word' id='word_1_81' title='bbox 1525 736 1747 777; x_wconf 78' lang='lat' dir='ltr'>Graeciam.</span> <span class='ocrx_word' id='word_1_82' title='bbox 1802 737 1862 777; x_wconf 86' lang='lat' dir='ltr'>De</span> <span class='ocrx_word' id='word_1_83' title='bbox 1903 737 2033 778; x_wconf 82' lang='lat' dir='ltr'>Tullia</span> 
     </span>
     <span class='ocr_line' id='line_1_11' title="bbox 281 806 2035 863; baseline 0.001 -14"><span class='ocrx_word' id='word_1_84' title='bbox 281 814 413 849; x_wconf 83' lang='lat' dir='ltr'>autem</span> <span class='ocrx_word' id='word_1_85' title='bbox 447 814 487 849; x_wconf 85' lang='lat' dir='ltr'>et</span> <span class='ocrx_word' id='word_1_86' title='bbox 519 809 718 859; x_wconf 87' lang='lat' dir='ltr'>Terentia,</span> <span class='ocrx_word' id='word_1_87' title='bbox 762 823 886 862; x_wconf 87' lang='lat' dir='ltr'>quum</span> <span class='ocrx_word' id='word_1_88' title='bbox 930 808 1031 848; x_wconf 88' lang='lat' dir='ltr'>mihi</span> <span class='ocrx_word' id='word_1_89' title='bbox 1074 806 1332 848; x_wconf 86' lang='lat' dir='ltr'>barbarorum</span> <span class='ocrx_word' id='word_1_90' title='bbox 1374 807 1568 849; x_wconf 87' lang='lat' dir='ltr'>adventus</span> <span class='ocrx_word' id='word_1_91' title='bbox 1612 809 1860 863; x_wconf 68' lang='lat' dir='ltr'>proponitur,</span> <span class='ocrx_word' id='word_1_92' title='bbox 1902 810 2035 850; x_wconf 89' lang='lat' dir='ltr'>omnia</span> 
     </span>
     <span class='ocr_line' id='line_1_12' title="bbox 281 881 2035 937; baseline 0.001 -15"><span class='ocrx_word' id='word_1_93' title='bbox 281 882 415 932; x_wconf 87' lang='lat' dir='ltr'>timeo,</span> <span class='ocrx_word' id='word_1_94' title='bbox 459 898 582 937; x_wconf 89' lang='lat' dir='ltr'>quum</span> <span class='ocrx_word' id='word_1_95' title='bbox 633 887 767 923; x_wconf 83' lang='lat' dir='ltr'>autem</span> <span class='ocrx_word' id='word_1_96' title='bbox 800 881 1031 922; x_wconf 72' lang='lat' dir='ltr'>Dolabellae</span> <span class='ocrx_word' id='word_1_97' title='bbox 1066 881 1176 921; x_wconf 86' lang='lat' dir='ltr'>venit</span> <span class='ocrx_word' id='word_1_98' title='bbox 1207 881 1249 921; x_wconf 89' lang='lat' dir='ltr'>in</span> <span class='ocrx_word' id='word_1_99' title='bbox 1284 886 1471 931; x_wconf 88' lang='lat' dir='ltr'>mentem,</span> <span class='ocrx_word' id='word_1_100' title='bbox 1516 881 1695 936; x_wconf 87' lang='lat' dir='ltr'>paullum</span> <span class='ocrx_word' id='word_1_101' title='bbox 1741 882 1903 937; x_wconf 88' lang='lat' dir='ltr'>respiro.</span> <span class='ocrx_word' id='word_1_102' title='bbox 1958 883 2035 924; x_wconf 86' lang='lat' dir='ltr'>Sed</span> 
     </span>
     <span class='ocr_line' id='line_1_13' title="bbox 283 951 2035 1011; baseline 0.001 -17"><span class='ocrx_word' id='word_1_103' title='bbox 283 954 398 995; x_wconf 86' lang='lat' dir='ltr'>velim</span> <span class='ocrx_word' id='word_1_104' title='bbox 434 954 672 1003; x_wconf 82' lang='lat' dir='ltr'>consideres,</span> <span class='ocrx_word' id='word_1_105' title='bbox 708 954 805 1008; x_wconf 86' lang='lat' dir='ltr'>quid</span> <span class='ocrx_word' id='word_1_106' title='bbox 840 953 1068 994; x_wconf 84' lang='lat' dir='ltr'>faciendum</span> <span class='ocrx_word' id='word_1_107' title='bbox 1103 958 1238 1008; x_wconf 86' lang='lat' dir='ltr'>putes:</span> <span class='ocrx_word' id='word_1_108' title='bbox 1274 954 1445 1008; x_wconf 91' lang='lat' dir='ltr'>primum</span> <span class='ocrx_word' id='word_1_109' title='bbox 1481 951 1601 1011; x_wconf 71' lang='grc' dir='ltr'>πρὸς</span> <span class='ocrx_word' id='word_1_110' title='bbox 1634 952 1691 996; x_wconf 83' lang='grc' dir='ltr'>τὸ</span> <span class='ocrx_word' id='word_1_111' title='bbox 1724 951 1951 1009; x_wconf 64' lang='grc' dir='ltr'><em>ἀσφαλές</em></span> <span class='ocrx_word' id='word_1_112' title='bbox 1979 980 2035 985; x_wconf 85' lang='lat'>——</span> 
     </span>
     <span class='ocr_line' id='line_1_14' title="bbox 283 1027 2036 1082; baseline 0.001 -15"><span class='ocrx_word' id='word_1_113' title='bbox 283 1027 396 1067; x_wconf 87' lang='lat' dir='ltr'>aliter</span> <span class='ocrx_word' id='word_1_114' title='bbox 429 1027 534 1067; x_wconf 86' lang='lat' dir='ltr'>enim</span> <span class='ocrx_word' id='word_1_115' title='bbox 568 1027 668 1068; x_wconf 89' lang='lat' dir='ltr'>mihi</span> <span class='ocrx_word' id='word_1_116' title='bbox 703 1027 750 1068; x_wconf 88' lang='lat' dir='ltr'>de</span> <span class='ocrx_word' id='word_1_117' title='bbox 784 1027 863 1068; x_wconf 87' lang='lat' dir='ltr'>illis</span> <span class='ocrx_word' id='word_1_118' title='bbox 898 1042 942 1067; x_wconf 85' lang='lat' dir='ltr'>ac</span> <span class='ocrx_word' id='word_1_119' title='bbox 977 1027 1025 1067; x_wconf 92' lang='lat' dir='ltr'>de</span> <span class='ocrx_word' id='word_1_120' title='bbox 1061 1042 1121 1067; x_wconf 90' lang='lat' dir='ltr'>me</span> <span class='ocrx_word' id='word_1_121' title='bbox 1155 1027 1242 1082; x_wconf 89' lang='lat' dir='ltr'>ipso</span> <span class='ocrx_word' id='word_1_122' title='bbox 1277 1027 1568 1068; x_wconf 86' lang='lat' dir='ltr'>consulendum</span> <span class='ocrx_word' id='word_1_123' title='bbox 1601 1033 1660 1068; x_wconf 88' lang='lat' dir='ltr'>est</span> <span class='ocrx_word' id='word_1_124' title='bbox 1695 1053 1766 1077; x_wconf 90' lang='lat'>——,</span> <span class='ocrx_word' id='word_1_125' title='bbox 1809 1027 1953 1068; x_wconf 87' lang='lat' dir='ltr'>deinde</span> <span class='ocrx_word' id='word_1_126' title='bbox 1988 1028 2036 1069; x_wconf 85' lang='lat' dir='ltr'>ad</span> 
     </span>
     <span class='ocr_line' id='line_1_15' title="bbox 284 1099 2038 1155; baseline 0.002 -16"><span class='ocrx_word' id='word_1_127' title='bbox 284 1100 504 1154; x_wconf 84' lang='lat' dir='ltr'>opiniones,</span> <span class='ocrx_word' id='word_1_128' title='bbox 540 1116 589 1141; x_wconf 91' lang='grc'>110</span> <span class='ocrx_word' id='word_1_129' title='bbox 624 1100 974 1155; x_wconf 84' lang='lat' dir='ltr'>reprehendamur,</span> <span class='ocrx_word' id='word_1_130' title='bbox 1010 1099 1115 1154; x_wconf 89' lang='lat' dir='ltr'>quod</span> <span class='ocrx_word' id='word_1_131' title='bbox 1150 1116 1215 1141; x_wconf 87' lang='lat' dir='ltr'>eas</span> <span class='ocrx_word' id='word_1_132' title='bbox 1250 1101 1398 1141; x_wconf 85' lang='lat' dir='ltr'>Romae</span> <span class='ocrx_word' id='word_1_133' title='bbox 1432 1100 1600 1141; x_wconf 85' lang='lat' dir='ltr'>velimus</span> <span class='ocrx_word' id='word_1_134' title='bbox 1634 1116 1716 1142; x_wconf 89' lang='lat' dir='ltr'>esse</span> <span class='ocrx_word' id='word_1_135' title='bbox 1750 1101 1792 1141; x_wconf 91' lang='lat' dir='ltr'>in</span> <span class='ocrx_word' id='word_1_136' title='bbox 1837 1102 2038 1142; x_wconf 89' lang='lat' dir='ltr'>communi</span> 
     </span>
     <span class='ocr_line' id='line_1_16' title="bbox 284 1173 2036 1228; baseline 0 -15"><span class='ocrx_word' id='word_1_137' title='bbox 284 1174 477 1214; x_wconf 84' lang='lat' dir='ltr'>bonorum</span> <span class='ocrx_word' id='word_1_138' title='bbox 513 1174 621 1228; x_wconf 76' lang='lat' dir='ltr'>fuga.</span> <span class='ocrx_word' id='word_1_139' title='bbox 656 1174 766 1225; x_wconf 77' lang='lat' dir='ltr'>Quin</span> <span class='ocrx_word' id='word_1_140' title='bbox 800 1174 919 1214; x_wconf 84' lang='lat' dir='ltr'>etiam</span> <span class='ocrx_word' id='word_1_141' title='bbox 951 1173 1026 1213; x_wconf 91' lang='lat' dir='ltr'>tibi</span> <span class='ocrx_word' id='word_1_142' title='bbox 1062 1178 1102 1213; x_wconf 90' lang='grc'>01</span> <span class='ocrx_word' id='word_1_143' title='bbox 1135 1173 1344 1214; x_wconf 84' lang='lat' dir='ltr'>Peducaeo</span> <span class='ocrx_word' id='word_1_144' title='bbox 1388 1200 1436 1203; x_wconf 83' lang='lat'>——</span> <span class='ocrx_word' id='word_1_145' title='bbox 1472 1173 1632 1228; x_wconf 86' lang='lat' dir='ltr'>scripsit</span> <span class='ocrx_word' id='word_1_146' title='bbox 1660 1173 1766 1214; x_wconf 86' lang='lat' dir='ltr'>enim</span> <span class='ocrx_word' id='word_1_147' title='bbox 1802 1173 1849 1214; x_wconf 84' lang='lat' dir='ltr'>ad</span> <span class='ocrx_word' id='word_1_148' title='bbox 1884 1189 1945 1214; x_wconf 87' lang='lat' dir='ltr'>me</span> <span class='ocrx_word' id='word_1_149' title='bbox 1965 1199 2036 1222; x_wconf 72' lang='lat'>——,</span> 
     </span>
     <span class='ocr_line' id='line_1_17' title="bbox 284 1246 2037 1301; baseline -0.001 -14"><span class='ocrx_word' id='word_1_150' title='bbox 284 1247 378 1301; x_wconf 86' lang='lat' dir='ltr'>quid</span> <span class='ocrx_word' id='word_1_151' title='bbox 414 1246 582 1298; x_wconf 87' lang='lat' dir='ltr'>faciatis,</span> <span class='ocrx_word' id='word_1_152' title='bbox 619 1247 834 1288; x_wconf 76' lang='lat' dir='ltr'>videndum</span> <span class='ocrx_word' id='word_1_153' title='bbox 871 1252 944 1287; x_wconf 87' lang='lat' dir='ltr'>est.</span> <span class='ocrx_word' id='word_1_154' title='bbox 980 1247 1020 1288; x_wconf 88' lang='lat' dir='ltr'>Is</span> <span class='ocrx_word' id='word_1_155' title='bbox 1054 1247 1160 1287; x_wconf 89' lang='lat' dir='ltr'>enim</span> <span class='ocrx_word' id='word_1_156' title='bbox 1195 1247 1380 1301; x_wconf 85' lang='lat' dir='ltr'>splendor</span> <span class='ocrx_word' id='word_1_157' title='bbox 1415 1251 1474 1287; x_wconf 89' lang='lat' dir='ltr'>est</span> <span class='ocrx_word' id='word_1_158' title='bbox 1507 1251 1696 1296; x_wconf 88' lang='lat' dir='ltr'>vestrum,</span> <span class='ocrx_word' id='word_1_159' title='bbox 1731 1252 1777 1287; x_wconf 90' lang='lat' dir='ltr'>ut</span> <span class='ocrx_word' id='word_1_160' title='bbox 1810 1246 1946 1288; x_wconf 85' lang='lat' dir='ltr'>eadem</span> <span class='ocrx_word' id='word_1_161' title='bbox 1973 1261 2037 1301; x_wconf 90' lang='lat' dir='ltr'>po-</span> 
     </span>
     <span class='ocr_line' id='line_1_18' title="bbox 284 1318 2038 1374; baseline -0.001 -14"><span class='ocrx_word' id='word_1_162' title='bbox 284 1320 483 1360; x_wconf 88' lang='lat' dir='ltr'>stulentur</span> <span class='ocrx_word' id='word_1_163' title='bbox 518 1335 539 1360; x_wconf 84' lang='lat' dir='ltr'>a</span> <span class='ocrx_word' id='word_1_164' title='bbox 575 1319 700 1369; x_wconf 80' lang='lat' dir='ltr'>vobis,</span> <span class='ocrx_word' id='word_1_165' title='bbox 736 1335 837 1374; x_wconf 88' lang='lat' dir='ltr'>quae</span> <span class='ocrx_word' id='word_1_166' title='bbox 872 1319 921 1360; x_wconf 87' lang='lat' dir='ltr'>ab</span> <span class='ocrx_word' id='word_1_167' title='bbox 956 1319 1211 1374; x_wconf 82' lang='lat' dir='ltr'>amplissimis</span> <span class='ocrx_word' id='word_1_168' title='bbox 1245 1319 1415 1360; x_wconf 86' lang='lat' dir='ltr'>civibus.</span> <span class='ocrx_word' id='word_1_169' title='bbox 1465 1318 1542 1360; x_wconf 88' lang='lat' dir='ltr'>Sed</span> <span class='ocrx_word' id='word_1_170' title='bbox 1578 1319 1625 1359; x_wconf 90' lang='lat' dir='ltr'>de</span> <span class='ocrx_word' id='word_1_171' title='bbox 1665 1319 1739 1360; x_wconf 87' lang='lat' dir='ltr'>hoc</span> <span class='ocrx_word' id='word_1_172' title='bbox 1781 1324 1827 1360; x_wconf 87' lang='lat' dir='ltr'>tu</span> <span class='ocrx_word' id='word_1_173' title='bbox 1869 1318 2038 1368; x_wconf 84' lang='lat' dir='ltr'>videbis,</span> 
     </span>
     <span class='ocr_line' id='line_1_19' title="bbox 285 1392 2039 1448; baseline -0.002 -14"><span class='ocrx_word' id='word_1_174' title='bbox 285 1394 431 1448; x_wconf 86' lang='lat' dir='ltr'>quippe</span> <span class='ocrx_word' id='word_1_175' title='bbox 465 1408 589 1448; x_wconf 90' lang='lat' dir='ltr'>quum</span> <span class='ocrx_word' id='word_1_176' title='bbox 623 1392 670 1433; x_wconf 86' lang='lat' dir='ltr'>de</span> <span class='ocrx_word' id='word_1_177' title='bbox 705 1408 767 1433; x_wconf 78' lang='grc'><strong>1110</strong></span> <span class='ocrx_word' id='word_1_178' title='bbox 801 1393 887 1447; x_wconf 86' lang='lat' dir='ltr'>ipso</span> <span class='ocrx_word' id='word_1_179' title='bbox 921 1409 964 1433; x_wconf 82' lang='lat' dir='ltr'>ac</span> <span class='ocrx_word' id='word_1_180' title='bbox 1000 1392 1048 1432; x_wconf 87' lang='lat' dir='ltr'>de</span> <span class='ocrx_word' id='word_1_181' title='bbox 1082 1392 1179 1432; x_wconf 88' lang='lat' dir='ltr'>meis</span> <span class='ocrx_word' id='word_1_182' title='bbox 1213 1397 1252 1431; x_wconf 87' lang='lat' dir='ltr'>te</span> <span class='ocrx_word' id='word_1_183' title='bbox 1288 1392 1536 1433; x_wconf 87' lang='lat' dir='ltr'>considerare</span> <span class='ocrx_word' id='word_1_184' title='bbox 1570 1392 1702 1432; x_wconf 83' lang='lat' dir='ltr'>velim.</span> <span class='ocrx_word' id='word_1_185' title='bbox 1751 1394 1791 1434; x_wconf 62' lang='lat'>4.</span> <span class='ocrx_word' id='word_1_186' title='bbox 1826 1393 2039 1446; x_wconf 84' lang='lat' dir='ltr'>Reliquum</span> 
     </span>
     <span class='ocr_line' id='line_1_20' title="bbox 289 1464 2040 1521; baseline -0.001 -16"><span class='ocrx_word' id='word_1_187' title='bbox 289 1470 348 1506; x_wconf 81' lang='lat' dir='ltr'>est</span> <span class='ocrx_word' id='word_1_188' title='bbox 382 1470 427 1505; x_wconf 88' lang='lat' dir='ltr'>ut</span> <span class='ocrx_word' id='word_1_189' title='bbox 461 1470 499 1506; x_wconf 83' lang='lat' dir='ltr'>et</span> <span class='ocrx_word' id='word_1_190' title='bbox 535 1465 629 1519; x_wconf 89' lang='lat' dir='ltr'>quid</span> <span class='ocrx_word' id='word_1_191' title='bbox 666 1470 820 1520; x_wconf 79' lang='lat' dir='ltr'>agatur,</span> <span class='ocrx_word' id='word_1_192' title='bbox 857 1466 987 1519; x_wconf 82' lang='lat' dir='ltr'>quoad</span> <span class='ocrx_word' id='word_1_193' title='bbox 1021 1465 1183 1520; x_wconf 86' lang='lat' dir='ltr'>poteris,</span> <span class='ocrx_word' id='word_1_194' title='bbox 1219 1466 1398 1520; x_wconf 79' lang='lat' dir='ltr'>explores</span> <span class='ocrx_word' id='word_1_195' title='bbox 1433 1465 1661 1521; x_wconf 81' lang='lat' dir='ltr'>scribasque</span> <span class='ocrx_word' id='word_1_196' title='bbox 1696 1466 1845 1514; x_wconf 85' lang='lat' dir='ltr'>adme,</span> <span class='ocrx_word' id='word_1_197' title='bbox 1881 1469 1921 1505; x_wconf 80' lang='lat' dir='ltr'>et</span> <span class='ocrx_word' id='word_1_198' title='bbox 1944 1464 2040 1518; x_wconf 87' lang='lat' dir='ltr'>quid</span> 
     </span>
     <span class='ocr_line' id='line_1_21' title="bbox 286 1537 2041 1593; baseline -0.001 -15"><span class='ocrx_word' id='word_1_199' title='bbox 286 1538 368 1592; x_wconf 82' lang='lat' dir='ltr'>ipse</span> <span class='ocrx_word' id='word_1_200' title='bbox 405 1538 634 1578; x_wconf 87' lang='lat' dir='ltr'>coniectura</span> <span class='ocrx_word' id='word_1_201' title='bbox 667 1553 890 1592; x_wconf 82' lang='lat' dir='ltr'>assequare,</span> <span class='ocrx_word' id='word_1_202' title='bbox 925 1537 1033 1592; x_wconf 90' lang='lat' dir='ltr'>quod</span> <span class='ocrx_word' id='word_1_203' title='bbox 1067 1537 1186 1578; x_wconf 89' lang='lat' dir='ltr'>etiam</span> <span class='ocrx_word' id='word_1_204' title='bbox 1223 1554 1243 1577; x_wconf 85' lang='lat' dir='ltr'>a</span> <span class='ocrx_word' id='word_1_205' title='bbox 1276 1542 1315 1578; x_wconf 85' lang='lat' dir='ltr'>te</span> <span class='ocrx_word' id='word_1_206' title='bbox 1349 1538 1475 1592; x_wconf 87' lang='lat' dir='ltr'>magis</span> <span class='ocrx_word' id='word_1_207' title='bbox 1509 1543 1664 1593; x_wconf 78' lang='lat' dir='ltr'>expeto.</span> <span class='ocrx_word' id='word_1_208' title='bbox 1700 1538 1807 1578; x_wconf 75' lang='lat' dir='ltr'>Nam</span> <span class='ocrx_word' id='word_1_209' title='bbox 1841 1542 1928 1577; x_wconf 86' lang='lat' dir='ltr'>acta</span> <span class='ocrx_word' id='word_1_210' title='bbox 1962 1552 2041 1576; x_wconf 85' lang='lat' dir='ltr'>om-</span> 
     </span>
     <span class='ocr_line' id='line_1_22' title="bbox 286 1605 2043 1669; baseline -0.001 -18"><span class='ocrx_word' id='word_1_211' title='bbox 286 1611 406 1651; x_wconf 87' lang='lat' dir='ltr'>nibus</span> <span class='ocrx_word' id='word_1_212' title='bbox 441 1611 725 1652; x_wconf 85' lang='lat' dir='ltr'>nuntiantibus</span> <span class='ocrx_word' id='word_1_213' title='bbox 759 1628 781 1651; x_wconf 84' lang='lat' dir='ltr'>a</span> <span class='ocrx_word' id='word_1_214' title='bbox 814 1617 853 1651; x_wconf 83' lang='lat' dir='ltr'>te</span> <span class='ocrx_word' id='word_1_215' title='bbox 888 1619 1072 1667; x_wconf 78' lang='lat' dir='ltr'>exspecto</span> <span class='ocrx_word' id='word_1_216' title='bbox 1110 1612 1257 1653; x_wconf 82' lang='lat' dir='ltr'>futura.</span> <span class='ocrx_word' id='word_1_217' title='bbox 1307 1609 1508 1661; x_wconf 73' lang='grc' dir='ltr'><strong><em>Μάντις</em></strong></span> <span class='ocrx_word' id='word_1_218' title='bbox 1542 1605 1586 1652; x_wconf 77' lang='grc' dir='ltr'>δ’</span> <span class='ocrx_word' id='word_1_219' title='bbox 1622 1606 1828 1669; x_wconf 72' lang='grc' dir='ltr'>ἄριστος</span> <span class='ocrx_word' id='word_1_220' title='bbox 1864 1635 1934 1650; x_wconf 41' lang='grc' dir='ltr'>ψ.</span> <span class='ocrx_word' id='word_1_221' title='bbox 1968 1609 2043 1650; x_wconf 93' lang='lat' dir='ltr'>Lo-</span> 
     </span>
    </p>
   </div>
   <div class='ocr_carea' id='block_1_7' title="bbox 236 1681 2050 1738">
    <p class='ocr_par' dir='ltr' id='par_1_7' title="bbox 236 1681 2050 1738">
     <span class='ocr_line' id='line_1_23' title="bbox 236 1681 2050 1738; baseline -0.002 -13"><span class='ocrx_word' id='word_1_222' title='bbox 236 1706 249 1730; x_wconf 50' lang='grc'>1</span> <span class='ocrx_word' id='word_1_223' title='bbox 289 1685 482 1737; x_wconf 85' lang='lat' dir='ltr'>quacitati</span> <span class='ocrx_word' id='word_1_224' title='bbox 515 1684 712 1738; x_wconf 86' lang='lat' dir='ltr'>ignosces,</span> <span class='ocrx_word' id='word_1_225' title='bbox 761 1699 860 1737; x_wconf 81' lang='lat' dir='ltr'>quae</span> <span class='ocrx_word' id='word_1_226' title='bbox 895 1689 934 1725; x_wconf 91' lang='lat' dir='ltr'>et</span> <span class='ocrx_word' id='word_1_227' title='bbox 967 1700 1029 1725; x_wconf 90' lang='lat' dir='ltr'>me</span> <span class='ocrx_word' id='word_1_228' title='bbox 1062 1685 1169 1725; x_wconf 80' lang='lat' dir='ltr'>levat</span> <span class='ocrx_word' id='word_1_229' title='bbox 1203 1684 1251 1725; x_wconf 83' lang='lat' dir='ltr'>ad</span> <span class='ocrx_word' id='word_1_230' title='bbox 1285 1690 1324 1724; x_wconf 85' lang='lat' dir='ltr'>te</span> <span class='ocrx_word' id='word_1_231' title='bbox 1369 1683 1529 1737; x_wconf 89' lang='lat' dir='ltr'>quidem</span> <span class='ocrx_word' id='word_1_232' title='bbox 1576 1682 1815 1724; x_wconf 86' lang='lat' dir='ltr'>scribentem</span> <span class='ocrx_word' id='word_1_233' title='bbox 1859 1686 1899 1722; x_wconf 89' lang='lat' dir='ltr'>et</span> <span class='ocrx_word' id='word_1_234' title='bbox 1942 1681 2050 1723; x_wconf 88' lang='lat' dir='ltr'>elicit</span> 
     </span>
    </p>
   </div>
   <div class='ocr_carea' id='block_1_8' title="bbox 288 1754 2049 1813">
    <p class='ocr_par' dir='ltr' id='par_1_8' title="bbox 288 1754 2049 1813">
     <span class='ocr_line' id='line_1_24' title="bbox 288 1754 2049 1813; baseline -0.002 -16"><span class='ocrx_word' id='word_1_235' title='bbox 288 1762 378 1798; x_wconf 86' lang='lat' dir='ltr'>tuas</span> <span class='ocrx_word' id='word_1_236' title='bbox 411 1757 562 1797; x_wconf 86' lang='lat' dir='ltr'>literas.</span> <span class='ocrx_word' id='word_1_237' title='bbox 622 1759 662 1797; x_wconf 79' lang='lat'>5.</span> <span class='ocrx_word' id='word_1_238' title='bbox 698 1757 895 1811; x_wconf 69' lang='lat' dir='ltr'>Aenigma</span> <span class='ocrx_word' id='word_1_239' title='bbox 932 1758 1174 1813; x_wconf 85' lang='lat' dir='ltr'>[Oppiorum</span> <span class='ocrx_word' id='word_1_240' title='bbox 1208 1773 1255 1798; x_wconf 88' lang='lat' dir='ltr'>ex</span> <span class='ocrx_word' id='word_1_241' title='bbox 1291 1757 1423 1811; x_wconf 75' lang='lat' dir='ltr'>Velia]</span> <span class='ocrx_word' id='word_1_242' title='bbox 1459 1756 1576 1811; x_wconf 84' lang='lat' dir='ltr'>plane</span> <span class='ocrx_word' id='word_1_243' title='bbox 1609 1771 1690 1796; x_wconf 92' lang='lat' dir='ltr'>non</span> <span class='ocrx_word' id='word_1_244' title='bbox 1730 1754 1922 1796; x_wconf 81' lang='lat' dir='ltr'>intellexi.</span> <span class='ocrx_word' id='word_1_245' title='bbox 1979 1754 2049 1794; x_wconf 78' lang='lat' dir='ltr'>Est</span> 
     </span>
    </p>
   </div>
   <div class='ocr_carea' id='block_1_9' title="bbox 294 1825 2048 1884">
    <p class='ocr_par' dir='ltr' id='par_1_9' title="bbox 294 1825 2048 1884">
     <span class='ocr_line' id='line_1_25' title="bbox 294 1825 2048 1884; baseline -0.002 -15"><span class='ocrx_word' id='word_1_246' title='bbox 294 1830 399 1870; x_wconf 88' lang='lat' dir='ltr'>enim</span> <span class='ocrx_word' id='word_1_247' title='bbox 434 1844 599 1870; x_wconf 86' lang='lat' dir='ltr'>numero</span> <span class='ocrx_word' id='word_1_248' title='bbox 633 1830 813 1871; x_wconf 90' lang='lat' dir='ltr'>Platonis</span> <span class='ocrx_word' id='word_1_249' title='bbox 848 1829 1069 1871; x_wconf 82' lang='lat' dir='ltr'>obscurius,</span> <span class='ocrx_word' id='word_1_250' title='bbox 1118 1831 1202 1871; x_wconf 84' lang='lat' dir='ltr'>Iam</span> <span class='ocrx_word' id='word_1_251' title='bbox 1236 1829 1415 1871; x_wconf 87' lang='lat' dir='ltr'>intellexi</span> <span class='ocrx_word' id='word_1_252' title='bbox 1460 1833 1606 1870; x_wconf 88' lang='lat' dir='ltr'>tamen.</span> <span class='ocrx_word' id='word_1_253' title='bbox 1657 1828 1809 1884; x_wconf 88' lang='lat' dir='ltr'>Oppios</span> <span class='ocrx_word' id='word_1_254' title='bbox 1853 1827 1959 1868; x_wconf 89' lang='lat' dir='ltr'>enim</span> <span class='ocrx_word' id='word_1_255' title='bbox 2001 1825 2048 1866; x_wconf 88' lang='lat' dir='ltr'>de</span> 
     </span>
    </p>
   </div>
   <div class='ocr_carea' id='block_1_10' title="bbox 340 1993 1709 2035">
    <p class='ocr_par' dir='ltr' id='par_1_10' title="bbox 340 1993 1709 2035">
     <span class='ocr_line' id='line_1_26' title="bbox 340 1993 1709 2035; baseline 0 -13"><span class='ocrx_word' id='word_1_256' title='bbox 340 1993 374 2022; x_wconf 81' lang='grc'>18</span> <span class='ocrx_word' id='word_1_257' title='bbox 397 1995 538 2033; x_wconf 61' lang='lat' dir='ltr'>ezr-specto</span> <span class='ocrx_word' id='word_1_258' title='bbox 561 2012 601 2015; x_wconf 90' lang='lat'><strong>—</strong></span> <span class='ocrx_word' id='word_1_259' title='bbox 622 1994 659 2024; x_wconf 74' lang='lat'>21</span> <span class='ocrx_word' id='word_1_260' title='bbox 690 1995 837 2033; x_wconf 66' lang='lat' dir='ltr'>Aem&#39;qnza</span> <span class='ocrx_word' id='word_1_261' title='bbox 868 1994 1031 2035; x_wconf 68' lang='lat' dir='ltr'>Oppiorum</span> <span class='ocrx_word' id='word_1_262' title='bbox 1055 2006 1093 2024; x_wconf 66' lang='lat' dir='ltr'>es</span> <span class='ocrx_word' id='word_1_263' title='bbox 1123 1994 1209 2025; x_wconf 58' lang='lat' dir='ltr'>Velia</span> <span class='ocrx_word' id='word_1_264' title='bbox 1233 2012 1274 2017; x_wconf 88' lang='lat'><em>-</em></span> <span class='ocrx_word' id='word_1_265' title='bbox 1296 1996 1334 2024; x_wconf 69' lang='lat'>22</span> <span class='ocrx_word' id='word_1_266' title='bbox 1359 1993 1503 2024; x_wconf 60' lang='lat' dir='ltr'>intellexti</span> <span class='ocrx_word' id='word_1_267' title='bbox 1527 1996 1543 2024; x_wconf 82' lang='lat'>†</span> <span class='ocrx_word' id='word_1_268' title='bbox 1565 1996 1648 2022; x_wconf 62' lang='lat' dir='ltr'>luzam</span> <span class='ocrx_word' id='word_1_269' title='bbox 1672 2011 1709 2014; x_wconf 74' lang='lat'><em>-</em></span> 
     </span>
    </p>
   </div>
   <div class='ocr_carea' id='block_1_11' title="bbox 298 2139 1155 2499">
    <p class='ocr_par' dir='ltr' id='par_1_11' title="bbox 298 2139 1153 2328">
     <span class='ocr_line' id='line_1_27' title="bbox 339 2139 1152 2180; baseline 0.004 -13"><span class='ocrx_word' id='word_1_270' title='bbox 339 2139 412 2177; x_wconf 54' lang='lat' dir='ltr'>&amp;Pes</span> <span class='ocrx_word' id='word_1_271' title='bbox 434 2139 532 2168; x_wconf 64' lang='lat' dir='ltr'>omnis</span> <span class='ocrx_word' id='word_1_272' title='bbox 554 2139 586 2168; x_wconf 70' lang='grc' dir='ltr'>έιι</span> <span class='ocrx_word' id='word_1_273' title='bbox 609 2140 729 2169; x_wconf 73' lang='lat' dir='ltr'>duabus</span> <span class='ocrx_word' id='word_1_274' title='bbox 755 2158 791 2161; x_wconf 91' lang='lat'><em>-</em></span> <span class='ocrx_word' id='word_1_275' title='bbox 814 2140 995 2180; x_wconf 67' lang='lat' dir='ltr'>leqz&#39;omz&#39;bus‚</span> <span class='ocrx_word' id='word_1_276' title='bbox 1021 2141 1152 2172; x_wconf 52' lang='lat' dir='ltr'>Caesari</span> 
     </span>
     <span class='ocr_line' id='line_1_28' title="bbox 298 2192 1153 2231; baseline 0.006 -11"><span class='ocrx_word' id='word_1_277' title='bbox 298 2192 404 2231; x_wconf 77' lang='lat' dir='ltr'>specie</span> <span class='ocrx_word' id='word_1_278' title='bbox 434 2192 512 2222; x_wconf 87' lang='lat' dir='ltr'>belli</span> <span class='ocrx_word' id='word_1_279' title='bbox 543 2192 689 2224; x_wconf 82' lang='lat' dir='ltr'>Parthici</span> <span class='ocrx_word' id='word_1_280' title='bbox 719 2193 881 2224; x_wconf 80' lang='lat' dir='ltr'>detractis.</span> <span class='ocrx_word' id='word_1_281' title='bbox 925 2194 1007 2225; x_wconf 81' lang='lat' dir='ltr'>Rem</span> <span class='ocrx_word' id='word_1_282' title='bbox 1044 2200 1153 2225; x_wconf 85' lang='lat' dir='ltr'>narrat</span> 
     </span>
     <span class='ocr_line' id='line_1_29' title="bbox 301 2243 1153 2287; baseline 0.005 -13"><span class='ocrx_word' id='word_1_283' title='bbox 301 2243 426 2274; x_wconf 82' lang='lat' dir='ltr'>Hirtius</span> <span class='ocrx_word' id='word_1_284' title='bbox 449 2245 488 2275; x_wconf 92' lang='lat' dir='ltr'>de</span> <span class='ocrx_word' id='word_1_285' title='bbox 512 2246 550 2275; x_wconf 90' lang='lat' dir='ltr'>B.</span> <span class='ocrx_word' id='word_1_286' title='bbox 574 2244 611 2275; x_wconf 84' lang='lat' dir='ltr'>G.</span> <span class='ocrx_word' id='word_1_287' title='bbox 636 2246 735 2277; x_wconf 83' lang='lat' dir='ltr'>VIII.</span> <span class='ocrx_word' id='word_1_288' title='bbox 759 2248 799 2276; x_wconf 68' lang='grc'>54-</span> <span class='ocrx_word' id='word_1_289' title='bbox 828 2256 874 2287; x_wconf 85' lang='lat' dir='ltr'>sq.</span> <span class='ocrx_word' id='word_1_290' title='bbox 903 2246 959 2277; x_wconf 75' lang='lat' dir='ltr'>Cf.</span> <span class='ocrx_word' id='word_1_291' title='bbox 991 2247 1083 2278; x_wconf 84' lang='lat' dir='ltr'>Caes.</span> <span class='ocrx_word' id='word_1_292' title='bbox 1113 2248 1153 2278; x_wconf 91' lang='lat' dir='ltr'>de</span> 
     </span>
     <span class='ocr_line' id='line_1_30' title="bbox 302 2297 626 2328; baseline 0.006 -2"><span class='ocrx_word' id='word_1_293' title='bbox 302 2297 339 2326; x_wconf 88' lang='lat' dir='ltr'>B.</span> <span class='ocrx_word' id='word_1_294' title='bbox 363 2298 398 2326; x_wconf 64' lang='lat' dir='ltr'>C.</span> <span class='ocrx_word' id='word_1_295' title='bbox 423 2297 449 2327; x_wconf 93' lang='lat' dir='ltr'>I.</span> <span class='ocrx_word' id='word_1_296' title='bbox 473 2298 500 2327; x_wconf 74' lang='lat'>2.</span> <span class='ocrx_word' id='word_1_297' title='bbox 525 2298 554 2327; x_wconf 83' lang='lat'>9.</span> <span class='ocrx_word' id='word_1_298' title='bbox 578 2299 626 2328; x_wconf 90' lang='grc'>11.</span> 
     </span>
    </p>

    <p class='ocr_par' dir='ltr' id='par_1_12' title="bbox 301 2352 1155 2499">
     <span class='ocr_line' id='line_1_31' title="bbox 342 2352 1154 2395; baseline 0.006 -15"><span class='ocrx_word' id='word_1_299' title='bbox 342 2352 358 2389; x_wconf 58' lang='grc' dir='ltr'>ς’</span> <span class='ocrx_word' id='word_1_300' title='bbox 383 2353 409 2381; x_wconf 77' lang='grc'>3,</span> <span class='ocrx_word' id='word_1_301' title='bbox 437 2352 539 2382; x_wconf 73' lang='lat' dir='ltr'>Aliter</span> <span class='ocrx_word' id='word_1_302' title='bbox 562 2353 637 2382; x_wconf 49' lang='lat' dir='ltr'>&#39;laihi</span> <span class='ocrx_word' id='word_1_303' title='bbox 659 2354 697 2384; x_wconf 75' lang='lat' dir='ltr'>tle</span> <span class='ocrx_word' id='word_1_304' title='bbox 720 2354 785 2383; x_wconf 67' lang='lat' dir='ltr'>illis</span> <span class='ocrx_word' id='word_1_305' title='bbox 808 2365 845 2384; x_wconf 71' lang='lat' dir='ltr'>ac</span> <span class='ocrx_word' id='word_1_306' title='bbox 867 2354 905 2384; x_wconf 67' lang='lat' dir='ltr'>du</span> <span class='ocrx_word' id='word_1_307' title='bbox 927 2366 972 2384; x_wconf 78' lang='lat' dir='ltr'>me</span> <span class='ocrx_word' id='word_1_308' title='bbox 996 2356 1059 2395; x_wconf 62' lang='lat' dir='ltr'>ipso</span> <span class='ocrx_word' id='word_1_309' title='bbox 1088 2365 1154 2385; x_wconf 74' lang='lat'><strong><em>0072-</em></strong></span> 
     </span>
     <span class='ocr_line' id='line_1_32' title="bbox 301 2403 1154 2447; baseline 0.008 -16"><span class='ocrx_word' id='word_1_310' title='bbox 301 2403 461 2433; x_wconf 52' lang='lat' dir='ltr'>›ule-ndum</span> <span class='ocrx_word' id='word_1_311' title='bbox 485 2407 531 2434; x_wconf 64' lang='grc' dir='ltr'>ω]</span> <span class='ocrx_word' id='word_1_312' title='bbox 555 2416 586 2434; x_wconf 74' lang='lat' dir='ltr'>o:</span> <span class='ocrx_word' id='word_1_313' title='bbox 618 2406 681 2436; x_wconf 79' lang='lat' dir='ltr'>alia</span> <span class='ocrx_word' id='word_1_314' title='bbox 711 2407 848 2436; x_wconf 77' lang='lat' dir='ltr'>consilia</span> <span class='ocrx_word' id='word_1_315' title='bbox 879 2408 1038 2447; x_wconf 78' lang='lat' dir='ltr'>capienda</span> <span class='ocrx_word' id='word_1_316' title='bbox 1068 2414 1154 2444; x_wconf 87' lang='lat' dir='ltr'>sunt,</span> 
     </span>
     <span class='ocr_line' id='line_1_33' title="bbox 304 2457 1155 2499; baseline 0.007 -15"><span class='ocrx_word' id='word_1_317' title='bbox 304 2465 406 2494; x_wconf 81' lang='lat' dir='ltr'>quum</span> <span class='ocrx_word' id='word_1_318' title='bbox 429 2457 569 2494; x_wconf 83' lang='lat' dir='ltr'>illarum,</span> <span class='ocrx_word' id='word_1_319' title='bbox 594 2458 658 2488; x_wconf 82' lang='lat' dir='ltr'>alia</span> <span class='ocrx_word' id='word_1_320' title='bbox 680 2469 780 2498; x_wconf 91' lang='lat' dir='ltr'>quum</span> <span class='ocrx_word' id='word_1_321' title='bbox 804 2469 875 2490; x_wconf 89' lang='lat' dir='ltr'>mea</span> <span class='ocrx_word' id='word_1_322' title='bbox 899 2469 949 2490; x_wconf 85' lang='lat' dir='ltr'>res</span> <span class='ocrx_word' id='word_1_323' title='bbox 972 2460 1090 2499; x_wconf 81' lang='lat' dir='ltr'>agitur.</span> <span class='ocrx_word' id='word_1_324' title='bbox 1114 2461 1155 2490; x_wconf 89' lang='lat' dir='ltr'>In</span> 
     </span>
    </p>
   </div>
   <div class='ocr_carea' id='block_1_12' title="bbox 303 2509 1183 2553">
    <p class='ocr_par' dir='ltr' id='par_1_13' title="bbox 303 2509 1183 2553">
     <span class='ocr_line' id='line_1_34' title="bbox 303 2509 1183 2553; baseline 0.007 -15"><span class='ocrx_word' id='word_1_325' title='bbox 303 2509 368 2538; x_wconf 87' lang='lat' dir='ltr'>illis</span> <span class='ocrx_word' id='word_1_326' title='bbox 391 2510 506 2540; x_wconf 76' lang='lat' dir='ltr'>salutis</span> <span class='ocrx_word' id='word_1_327' title='bbox 529 2516 666 2547; x_wconf 79' lang='lat' dir='ltr'>tantum,</span> <span class='ocrx_word' id='word_1_328' title='bbox 691 2512 722 2541; x_wconf 86' lang='lat' dir='ltr'>in</span> <span class='ocrx_word' id='word_1_329' title='bbox 748 2522 799 2542; x_wconf 89' lang='lat' dir='ltr'>me</span> <span class='ocrx_word' id='word_1_330' title='bbox 822 2512 992 2551; x_wconf 76' lang='lat' dir='ltr'>dignitatis</span> <span class='ocrx_word' id='word_1_331' title='bbox 1027 2523 1157 2553; x_wconf 81' lang='lat' dir='ltr'>quoque</span> <span class='ocrx_word' id='word_1_332' title='bbox 1182 2517 1183 2527; x_wconf 74' lang='lat'><em>³</em></span> 
     </span>
    </p>
   </div>
   <div class='ocr_carea' id='block_1_13' title="bbox 305 2561 1158 2658">
    <p class='ocr_par' dir='ltr' id='par_1_14' title="bbox 305 2561 1158 2658">
     <span class='ocr_line' id='line_1_35' title="bbox 305 2561 636 2593; baseline 0.012 -4"><span class='ocrx_word' id='word_1_333' title='bbox 305 2561 385 2591; x_wconf 82' lang='lat' dir='ltr'>ratio</span> <span class='ocrx_word' id='word_1_334' title='bbox 408 2562 557 2593; x_wconf 83' lang='lat' dir='ltr'>habenda</span> <span class='ocrx_word' id='word_1_335' title='bbox 579 2568 636 2593; x_wconf 82' lang='lat' dir='ltr'>est.</span> 
     </span>
     <span class='ocr_line' id='line_1_36' title="bbox 347 2614 1158 2658; baseline 0.006 -15"><span class='ocrx_word' id='word_1_336' title='bbox 347 2615 364 2652; x_wconf 64' lang='grc' dir='ltr'><strong>ξ</strong></span> <span class='ocrx_word' id='word_1_337' title='bbox 389 2616 418 2644; x_wconf 70' lang='grc'>-1,</span> <span class='ocrx_word' id='word_1_338' title='bbox 441 2614 545 2654; x_wconf 65' lang='lat' dir='ltr'>Jlaffl&#39;s</span> <span class='ocrx_word' id='word_1_339' title='bbox 567 2618 684 2655; x_wconf 65' lang='lat' dir='ltr'>expeto.</span> <span class='ocrx_word' id='word_1_340' title='bbox 725 2618 851 2658; x_wconf 76' lang='lat' dir='ltr'>Sequor</span> <span class='ocrx_word' id='word_1_341' title='bbox 874 2619 1065 2658; x_wconf 82' lang='lat' dir='ltr'>scripturam</span> <span class='ocrx_word' id='word_1_342' title='bbox 1082 2619 1158 2648; x_wconf 76' lang='lat' dir='ltr'>libri</span> 
     </span>
    </p>
   </div>
   <div class='ocr_carea' id='block_1_14' title="bbox 307 2666 2061 2718">
    <p class='ocr_par' dir='ltr' id='par_1_15' title="bbox 307 2666 2061 2718">
     <span class='ocr_line' id='line_1_37' title="bbox 307 2666 2061 2718; baseline 0.001 -23"><span class='ocrx_word' id='word_1_343' title='bbox 307 2666 456 2702; x_wconf 78' lang='lat' dir='ltr'>Medicei,</span> <span class='ocrx_word' id='word_1_344' title='bbox 480 2668 521 2697; x_wconf 85' lang='lat' dir='ltr'>ab</span> <span class='ocrx_word' id='word_1_345' title='bbox 539 2668 718 2698; x_wconf 76' lang='lat' dir='ltr'>editoribus</span> <span class='ocrx_word' id='word_1_346' title='bbox 733 2670 838 2700; x_wconf 78' lang='lat' dir='ltr'>adhuc</span> <span class='ocrx_word' id='word_1_347' title='bbox 854 2671 1049 2710; x_wconf 83' lang='lat' dir='ltr'>neglectam.</span> <span class='ocrx_word' id='word_1_348' title='bbox 1072 2672 1159 2701; x_wconf 85' lang='lat' dir='ltr'>Nam</span> <span class='ocrx_word' id='word_1_349' title='bbox 1184 2686 1187 2718; x_wconf 55' lang='lat'><strong>3</strong></span> <span class='ocrx_word' id='word_1_350' title='bbox 1205 2672 1351 2703; x_wconf 56' lang='lat' dir='ltr'>intellem</span> <span class='ocrx_word' id='word_1_351' title='bbox 1372 2674 1486 2701; x_wconf 72' lang='lat' dir='ltr'>tamen.</span> <span class='ocrx_word' id='word_1_352' title='bbox 1513 2670 1622 2711; x_wconf 72' lang='lat' dir='ltr'>Oppios</span> <span class='ocrx_word' id='word_1_353' title='bbox 1644 2670 1723 2699; x_wconf 52' lang='lat' dir='ltr'>enim.</span> <span class='ocrx_word' id='word_1_354' title='bbox 1746 2669 1784 2699; x_wconf 85' lang='lat' dir='ltr'>de</span> <span class='ocrx_word' id='word_1_355' title='bbox 1813 2668 1899 2699; x_wconf 69' lang='lat' dir='ltr'>Velia</span> <span class='ocrx_word' id='word_1_356' title='bbox 1914 2678 2061 2698; x_wconf 71' lang='lat' dir='ltr'>saccones</span> 
     </span>
    </p>
   </div>
   <div class='ocr_carea' id='block_1_15' title="bbox 307 2720 1158 2811">
    <p class='ocr_par' dir='ltr' id='par_1_16' title="bbox 307 2720 1158 2811">
     <span class='ocr_line' id='line_1_38' title="bbox 307 2720 1158 2763; baseline 0.009 -17"><span class='ocrx_word' id='word_1_357' title='bbox 307 2722 414 2759; x_wconf 53' lang='lat' dir='ltr'>snt-pelo</span> <span class='ocrx_word' id='word_1_358' title='bbox 436 2720 512 2751; x_wconf 88' lang='lat' dir='ltr'>hnic</span> <span class='ocrx_word' id='word_1_359' title='bbox 536 2722 607 2751; x_wconf 77' lang='lat' dir='ltr'>loeo</span> <span class='ocrx_word' id='word_1_360' title='bbox 632 2723 736 2760; x_wconf 71' lang='lat' dir='ltr'>magis</span> <span class='ocrx_word' id='word_1_361' title='bbox 759 2724 929 2759; x_wconf 82' lang='lat' dir='ltr'>eonvenit;</span> <span class='ocrx_word' id='word_1_362' title='bbox 954 2727 1096 2763; x_wconf 55' lang='lat' dir='ltr'>aspecto</span> <span class='ocrx_word' id='word_1_363' title='bbox 1125 2725 1158 2755; x_wconf 90' lang='lat' dir='ltr'>in</span> 
     </span>
     <span class='ocr_line' id='line_1_39' title="bbox 308 2774 934 2811; baseline 0.01 -11"><span class='ocrx_word' id='word_1_364' title='bbox 308 2781 373 2811; x_wconf 56' lang='lat' dir='ltr'>seq.</span> <span class='ocrx_word' id='word_1_365' title='bbox 397 2774 560 2804; x_wconf 84' lang='lat' dir='ltr'>sententia</span> <span class='ocrx_word' id='word_1_366' title='bbox 583 2784 677 2804; x_wconf 72' lang='lat' dir='ltr'>snum</span> <span class='ocrx_word' id='word_1_367' title='bbox 703 2775 811 2806; x_wconf 81' lang='grc'><strong>10011111</strong></span> <span class='ocrx_word' id='word_1_368' title='bbox 836 2782 934 2807; x_wconf 86' lang='lat' dir='ltr'>tenet.</span> 
     </span>
    </p>
   </div>
   <div class='ocr_carea' id='block_1_16' title="bbox 310 2819 1165 2923">
    <p class='ocr_par' dir='ltr' id='par_1_17' title="bbox 310 2819 1165 2923">
     <span class='ocr_line' id='line_1_40' title="bbox 349 2819 1163 2871; baseline 0.009 -16"><span class='ocrx_word' id='word_1_369' title='bbox 349 2822 470 2867; x_wconf 75' lang='grc' dir='ltr'><em>μάντις</em></span> <span class='ocrx_word' id='word_1_370' title='bbox 499 2819 529 2856; x_wconf 44' lang='grc' dir='ltr'>ὃ)</span> <span class='ocrx_word' id='word_1_371' title='bbox 557 2822 707 2871; x_wconf 74' lang='grc' dir='ltr'><em>ἄριστος,</em></span> <span class='ocrx_word' id='word_1_372' title='bbox 749 2825 842 2866; x_wconf 66' lang='grc' dir='ltr'>ὅστις</span> <span class='ocrx_word' id='word_1_373' title='bbox 878 2827 1003 2867; x_wconf 73' lang='grc' dir='ltr'>εἰκάζει</span> <span class='ocrx_word' id='word_1_374' title='bbox 1040 2827 1163 2867; x_wconf 76' lang='grc' dir='ltr'>καλῶς.</span> 
     </span>
     <span class='ocr_line' id='line_1_41' title="bbox 310 2881 1165 2923; baseline 0.006 -14"><span class='ocrx_word' id='word_1_375' title='bbox 310 2881 482 2911; x_wconf 74' lang='lat' dir='ltr'>Senarium</span> <span class='ocrx_word' id='word_1_376' title='bbox 506 2882 722 2923; x_wconf 85' lang='lat' dir='ltr'>Euripideum</span> <span class='ocrx_word' id='word_1_377' title='bbox 747 2884 843 2915; x_wconf 85' lang='lat' dir='ltr'>vertit</span> <span class='ocrx_word' id='word_1_378' title='bbox 867 2884 981 2915; x_wconf 79' lang='lat' dir='ltr'>Cicero</span> <span class='ocrx_word' id='word_1_379' title='bbox 997 2885 1037 2914; x_wconf 84' lang='lat' dir='ltr'>de</span> <span class='ocrx_word' id='word_1_380' title='bbox 1053 2884 1165 2914; x_wconf 81' lang='lat' dir='ltr'>Divin.</span> 
     </span>
    </p>
   </div>
   <div class='ocr_carea' id='block_1_17' title="bbox 310 2984 556 3025">
    <p class='ocr_par' dir='ltr' id='par_1_18' title="bbox 310 2984 556 3025">
     <span class='ocr_line' id='line_1_42' title="bbox 310 2984 556 3025; baseline 0.012 -12"><span class='ocrx_word' id='word_1_381' title='bbox 310 2984 380 3014; x_wconf 62' lang='lat' dir='ltr'>heho</span> <span class='ocrx_word' id='word_1_382' title='bbox 402 2985 556 3025; x_wconf 57' lang='lat' dir='ltr'>optimarum</span> 
     </span>
    </p>
   </div>
   <div class='ocr_carea' id='block_1_18' title="bbox 313 3091 1169 3188">
    <p class='ocr_par' dir='ltr' id='par_1_19' title="bbox 313 3091 1169 3188">
     <span class='ocr_line' id='line_1_43' title="bbox 314 3091 1168 3135; baseline 0.007 -16"><span class='ocrx_word' id='word_1_383' title='bbox 314 3091 445 3121; x_wconf 68' lang='lat' dir='ltr'>sariunt.</span> <span class='ocrx_word' id='word_1_384' title='bbox 484 3092 598 3123; x_wconf 69' lang='lat' dir='ltr'>(licei-0</span> <span class='ocrx_word' id='word_1_385' title='bbox 621 3094 786 3134; x_wconf 81' lang='lat' dir='ltr'>superiora</span> <span class='ocrx_word' id='word_1_386' title='bbox 811 3094 877 3133; x_wconf 79' lang='lat' dir='ltr'>ipse</span> <span class='ocrx_word' id='word_1_387' title='bbox 908 3096 1051 3135; x_wconf 70' lang='lat' dir='ltr'>scripsit:</span> <span class='ocrx_word' id='word_1_388' title='bbox 1084 3096 1168 3127; x_wconf 82' lang='lat' dir='ltr'>infra</span> 
     </span>
     <span class='ocr_line' id='line_1_44' title="bbox 313 3147 1169 3188; baseline 0.007 -15"><span class='ocrx_word' id='word_1_389' title='bbox 313 3150 445 3174; x_wconf 63' lang='grc'><strong>0111115111</strong></span> <span class='ocrx_word' id='word_1_390' title='bbox 470 3154 511 3182; x_wconf 73' lang='lat' dir='ltr'>se,</span> <span class='ocrx_word' id='word_1_391' title='bbox 536 3147 621 3186; x_wconf 76' lang='lat' dir='ltr'>quod</span> <span class='ocrx_word' id='word_1_392' title='bbox 646 3147 780 3187; x_wconf 73' lang='lat' dir='ltr'>epistola</span> <span class='ocrx_word' id='word_1_393' title='bbox 812 3158 908 3188; x_wconf 77' lang='lat' dir='ltr'>quam</span> <span class='ocrx_word' id='word_1_394' title='bbox 939 3149 1071 3180; x_wconf 66' lang='lat' dir='ltr'>dictavit</span> <span class='ocrx_word' id='word_1_395' title='bbox 1104 3159 1169 3181; x_wconf 83' lang='lat' dir='ltr'>non</span> 
     </span>
    </p>
   </div>
   <div class='ocr_carea' id='block_1_19' title="bbox 1202 2135 2055 2231">
    <p class='ocr_par' dir='ltr' id='par_1_20' title="bbox 1202 2135 2055 2231">
     <span class='ocr_line' id='line_1_45' title="bbox 1202 2135 2055 2179; baseline -0.007 -9"><span class='ocrx_word' id='word_1_396' title='bbox 1202 2141 1243 2171; x_wconf 83' lang='lat' dir='ltr'>sit</span> <span class='ocrx_word' id='word_1_397' title='bbox 1267 2141 1406 2179; x_wconf 80' lang='lat' dir='ltr'>longior.</span> <span class='ocrx_word' id='word_1_398' title='bbox 1429 2139 1524 2169; x_wconf 82' lang='lat' dir='ltr'>Hanc</span> <span class='ocrx_word' id='word_1_399' title='bbox 1549 2148 1610 2177; x_wconf 85' lang='lat' dir='ltr'>ego</span> <span class='ocrx_word' id='word_1_400' title='bbox 1633 2137 1886 2178; x_wconf 67' lang='lat' dir='ltr'>§superioribus</span> <span class='ocrx_word' id='word_1_401' title='bbox 1902 2135 2055 2166; x_wconf 83' lang='lat' dir='ltr'>adiicien-</span> 
     </span>
     <span class='ocr_line' id='line_1_46' title="bbox 1202 2188 2054 2231; baseline -0.007 -7"><span class='ocrx_word' id='word_1_402' title='bbox 1202 2195 1277 2225; x_wconf 84' lang='lat' dir='ltr'>dam</span> <span class='ocrx_word' id='word_1_403' title='bbox 1299 2202 1425 2224; x_wconf 88' lang='lat' dir='ltr'>censeo.</span> <span class='ocrx_word' id='word_1_404' title='bbox 1460 2192 1545 2223; x_wconf 88' lang='lat' dir='ltr'>Sunt</span> <span class='ocrx_word' id='word_1_405' title='bbox 1568 2197 1675 2222; x_wconf 86' lang='lat' dir='ltr'>autem</span> <span class='ocrx_word' id='word_1_406' title='bbox 1699 2191 1733 2221; x_wconf 92' lang='lat' dir='ltr'>in</span> <span class='ocrx_word' id='word_1_407' title='bbox 1763 2191 1814 2221; x_wconf 85' lang='lat' dir='ltr'>his</span> <span class='ocrx_word' id='word_1_408' title='bbox 1842 2190 1935 2231; x_wconf 87' lang='lat' dir='ltr'>plura</span> <span class='ocrx_word' id='word_1_409' title='bbox 1964 2188 2054 2219; x_wconf 67' lang='lat' dir='ltr'>vitia.</span> 
     </span>
    </p>
   </div>
   <div class='ocr_carea' id='block_1_20' title="bbox 1178 2232 2055 2286">
    <p class='ocr_par' dir='ltr' id='par_1_21' title="bbox 1178 2232 2055 2286">
     <span class='ocr_line' id='line_1_47' title="bbox 1178 2232 2055 2286; baseline -0.01 -5"><span class='ocrx_word' id='word_1_410' title='bbox 1178 2232 1355 2281; x_wconf 64' lang='lat' dir='ltr'>lPrimum</span> <span class='ocrx_word' id='word_1_411' title='bbox 1385 2247 1485 2277; x_wconf 84' lang='lat' dir='ltr'>verba</span> <span class='ocrx_word' id='word_1_412' title='bbox 1518 2245 1681 2286; x_wconf 72' lang='lat' dir='ltr'>Oppiorum</span> <span class='ocrx_word' id='word_1_413' title='bbox 1718 2255 1756 2275; x_wconf 63' lang='lat' dir='ltr'>ex</span> <span class='ocrx_word' id='word_1_414' title='bbox 1793 2243 1879 2274; x_wconf 72' lang='lat' dir='ltr'>Velia</span> <span class='ocrx_word' id='word_1_415' title='bbox 1915 2252 1932 2274; x_wconf 89' lang='lat' dir='ltr'>e</span> <span class='ocrx_word' id='word_1_416' title='bbox 1968 2252 2055 2283; x_wconf 86' lang='lat' dir='ltr'>seqq.</span> 
     </span>
    </p>
   </div>
   <div class='ocr_carea' id='block_1_21' title="bbox 1205 2296 2059 2657">
    <p class='ocr_par' dir='ltr' id='par_1_22' title="bbox 1205 2296 2059 2657">
     <span class='ocr_line' id='line_1_48' title="bbox 1205 2296 2057 2336; baseline -0.007 -4"><span class='ocrx_word' id='word_1_417' title='bbox 1205 2302 1291 2333; x_wconf 82' lang='lat' dir='ltr'>male</span> <span class='ocrx_word' id='word_1_418' title='bbox 1312 2302 1377 2331; x_wconf 89' lang='lat' dir='ltr'>huc</span> <span class='ocrx_word' id='word_1_419' title='bbox 1402 2301 1549 2331; x_wconf 82' lang='lat' dir='ltr'>traducta</span> <span class='ocrx_word' id='word_1_420' title='bbox 1571 2304 1656 2330; x_wconf 81' lang='lat' dir='ltr'>sunt..</span> <span class='ocrx_word' id='word_1_421' title='bbox 1694 2297 1876 2329; x_wconf 82' lang='lat' dir='ltr'>Continent</span> <span class='ocrx_word' id='word_1_422' title='bbox 1899 2296 1987 2327; x_wconf 87' lang='lat' dir='ltr'>enim</span> <span class='ocrx_word' id='word_1_423' title='bbox 2013 2296 2057 2336; x_wconf 91' lang='lat' dir='ltr'>ip·</span> 
     </span>
     <span class='ocr_line' id='line_1_49' title="bbox 1205 2350 2058 2395; baseline -0.008 -9"><span class='ocrx_word' id='word_1_424' title='bbox 1205 2366 1274 2386; x_wconf 85' lang='lat' dir='ltr'>sam</span> <span class='ocrx_word' id='word_1_425' title='bbox 1317 2354 1511 2395; x_wconf 83' lang='lat' dir='ltr'>aenigmatis</span> <span class='ocrx_word' id='word_1_426' title='bbox 1554 2353 1764 2388; x_wconf 85' lang='lat' dir='ltr'>solutionem,</span> <span class='ocrx_word' id='word_1_427' title='bbox 1802 2361 1899 2391; x_wconf 84' lang='lat' dir='ltr'>quam</span> <span class='ocrx_word' id='word_1_428' title='bbox 1944 2350 2058 2381; x_wconf 83' lang='lat' dir='ltr'>Cicero</span> 
     </span>
     <span class='ocr_line' id='line_1_50' title="bbox 1205 2403 2054 2448; baseline -0.008 -9"><span class='ocrx_word' id='word_1_429' title='bbox 1205 2408 1323 2439; x_wconf 86' lang='lat' dir='ltr'>deinde</span> <span class='ocrx_word' id='word_1_430' title='bbox 1346 2407 1476 2448; x_wconf 86' lang='lat' dir='ltr'>profert.</span> <span class='ocrx_word' id='word_1_431' title='bbox 1500 2405 1645 2446; x_wconf 83' lang='lat' dir='ltr'>Scripsit,</span> <span class='ocrx_word' id='word_1_432' title='bbox 1669 2409 1704 2434; x_wconf 86' lang='lat' dir='ltr'>ut</span> <span class='ocrx_word' id='word_1_433' title='bbox 1727 2403 1912 2435; x_wconf 86' lang='lat' dir='ltr'>Gronovius</span> <span class='ocrx_word' id='word_1_434' title='bbox 1936 2403 2054 2443; x_wconf 84' lang='lat' dir='ltr'>partim</span> 
     </span>
     <span class='ocr_line' id='line_1_51' title="bbox 1205 2456 2059 2500; baseline -0.008 -8"><span class='ocrx_word' id='word_1_435' title='bbox 1205 2462 1351 2492; x_wconf 85' lang='lat' dir='ltr'>monuit:</span> <span class='ocrx_word' id='word_1_436' title='bbox 1384 2460 1532 2500; x_wconf 68' lang='lat' dir='ltr'>Aeniqma</span> <span class='ocrx_word' id='word_1_437' title='bbox 1562 2461 1645 2488; x_wconf 70' lang='lat' dir='ltr'>tuam</span> <span class='ocrx_word' id='word_1_438' title='bbox 1674 2467 1778 2497; x_wconf 73' lang='lat' dir='ltr'>paene</span> <span class='ocrx_word' id='word_1_439' title='bbox 1808 2466 1866 2486; x_wconf 71' lang='lat' dir='ltr'>nou</span> <span class='ocrx_word' id='word_1_440' title='bbox 1905 2456 2059 2486; x_wconf 54' lang='lat' dir='ltr'>intellexi.</span> 
     </span>
     <span class='ocr_line' id='line_1_52' title="bbox 1206 2509 2058 2544; baseline -0.007 0"><span class='ocrx_word' id='word_1_441' title='bbox 1206 2515 1261 2544; x_wconf 75' lang='lat' dir='ltr'>Est</span> <span class='ocrx_word' id='word_1_442' title='bbox 1285 2513 1361 2544; x_wconf 66' lang='lat' dir='ltr'>enim</span> <span class='ocrx_word' id='word_1_443' title='bbox 1387 2512 1520 2543; x_wconf 69' lang='lat' dir='ltr'>numeris</span> <span class='ocrx_word' id='word_1_444' title='bbox 1542 2511 1689 2541; x_wconf 73' lang='lat' dir='ltr'>Platonis</span> <span class='ocrx_word' id='word_1_445' title='bbox 1718 2510 1887 2540; x_wconf 75' lang='lat' dir='ltr'>obscurius,</span> <span class='ocrx_word' id='word_1_446' title='bbox 1924 2509 2019 2539; x_wconf 77' lang='lat' dir='ltr'>Plato</span> <span class='ocrx_word' id='word_1_447' title='bbox 2042 2518 2058 2538; x_wconf 84' lang='lat' dir='ltr'>e</span> 
     </span>
     <span class='ocr_line' id='line_1_53' title="bbox 1208 2563 2059 2608; baseline -0.007 -10"><span class='ocrx_word' id='word_1_448' title='bbox 1208 2567 1426 2608; x_wconf 75' lang='lat' dir='ltr'>Pythagorica</span> <span class='ocrx_word' id='word_1_449' title='bbox 1449 2565 1621 2605; x_wconf 77' lang='lat' dir='ltr'>disciplina</span> <span class='ocrx_word' id='word_1_450' title='bbox 1644 2573 1784 2594; x_wconf 73' lang='lat' dir='ltr'>numeros</span> <span class='ocrx_word' id='word_1_451' title='bbox 1806 2563 1973 2599; x_wconf 80' lang='lat' dir='ltr'>didicerat,</span> <span class='ocrx_word' id='word_1_452' title='bbox 1993 2572 2059 2592; x_wconf 92' lang='lat' dir='ltr'>non</span> 
     </span>
     <span class='ocr_line' id='line_1_54' title="bbox 1208 2613 2058 2657; baseline -0.008 -7"><span class='ocrx_word' id='word_1_453' title='bbox 1208 2630 1375 2650; x_wconf 71' lang='lat' dir='ltr'>wwnerum.</span> <span class='ocrx_word' id='word_1_454' title='bbox 1400 2618 1448 2649; x_wconf 80' lang='lat' dir='ltr'>Cf.</span> <span class='ocrx_word' id='word_1_455' title='bbox 1472 2619 1512 2649; x_wconf 75' lang='grc'><strong>(1.0</strong></span> <span class='ocrx_word' id='word_1_456' title='bbox 1534 2618 1637 2657; x_wconf 83' lang='lat' dir='ltr'>Repb.</span> <span class='ocrx_word' id='word_1_457' title='bbox 1660 2617 1685 2646; x_wconf 90' lang='lat' dir='ltr'>I.</span> <span class='ocrx_word' id='word_1_458' title='bbox 1711 2616 1759 2646; x_wconf 85' lang='grc'>16.</span> <span class='ocrx_word' id='word_1_459' title='bbox 1781 2615 1856 2646; x_wconf 85' lang='lat' dir='ltr'>Fin.</span> <span class='ocrx_word' id='word_1_460' title='bbox 1879 2615 1967 2646; x_wconf 76' lang='lat' dir='ltr'>I.72.</span> <span class='ocrx_word' id='word_1_461' title='bbox 1993 2613 2058 2644; x_wconf 81' lang='lat' dir='ltr'>Iam</span> 
     </span>
    </p>
   </div>
   <div class='ocr_carea' id='block_1_22' title="bbox 1185 2721 2062 2819">
    <p class='ocr_par' dir='ltr' id='par_1_23' title="bbox 1185 2721 2062 2819">
     <span class='ocr_line' id='line_1_55' title="bbox 1185 2721 2059 2762; baseline -0.006 -7"><span class='ocrx_word' id='word_1_462' title='bbox 1185 2738 1187 2741; x_wconf 50' lang='lat'><em>*</em></span> <span class='ocrx_word' id='word_1_463' title='bbox 1206 2725 1294 2755; x_wconf 63' lang='lat' dir='ltr'>dicis.</span> <span class='ocrx_word' id='word_1_464' title='bbox 1320 2725 1448 2756; x_wconf 80' lang='lat' dir='ltr'>Atticus</span> <span class='ocrx_word' id='word_1_465' title='bbox 1472 2735 1538 2754; x_wconf 80' lang='grc'><strong>11011</strong></span> <span class='ocrx_word' id='word_1_466' title='bbox 1559 2723 1745 2753; x_wconf 79' lang='lat' dir='ltr'>nominarat</span> <span class='ocrx_word' id='word_1_467' title='bbox 1767 2721 1898 2762; x_wconf 73' lang='lat' dir='ltr'>Oppios,</span> <span class='ocrx_word' id='word_1_468' title='bbox 1922 2722 1978 2752; x_wconf 80' lang='lat' dir='ltr'>sed</span> <span class='ocrx_word' id='word_1_469' title='bbox 2008 2730 2059 2760; x_wconf 84' lang='lat' dir='ltr'>ap—</span> 
     </span>
     <span class='ocr_line' id='line_1_56' title="bbox 1186 2775 2062 2819; baseline -0.007 -10"><span class='ocrx_word' id='word_1_470' title='bbox 1186 2779 1343 2819; x_wconf 67' lang='lat' dir='ltr'>¹pellarat</span> <span class='ocrx_word' id='word_1_471' title='bbox 1374 2778 1411 2807; x_wconf 81' lang='lat' dir='ltr'>de</span> <span class='ocrx_word' id='word_1_472' title='bbox 1447 2777 1533 2807; x_wconf 77' lang='lat' dir='ltr'>Velia</span> <span class='ocrx_word' id='word_1_473' title='bbox 1562 2786 1717 2812; x_wconf 49' lang='lat' dir='ltr'>saccone&amp;</span> <span class='ocrx_word' id='word_1_474' title='bbox 1748 2775 1831 2806; x_wconf 85' lang='lat' dir='ltr'>illud</span> <span class='ocrx_word' id='word_1_475' title='bbox 1863 2775 1938 2814; x_wconf 85' lang='lat' dir='ltr'>quia</span> <span class='ocrx_word' id='word_1_476' title='bbox 1969 2778 2062 2804; x_wconf 78' lang='lat' dir='ltr'>erant</span> 
     </span>
    </p>
   </div>
   <div class='ocr_carea' id='block_1_23' title="bbox 1209 2827 2061 2864">
    <p class='ocr_par' dir='ltr' id='par_1_24' title="bbox 1209 2827 2061 2864">
     <span class='ocr_line' id='line_1_57' title="bbox 1209 2827 2061 2864; baseline -0.008 -2"><span class='ocrx_word' id='word_1_477' title='bbox 1209 2832 1277 2862; x_wconf 80' lang='lat' dir='ltr'>eius</span> <span class='ocrx_word' id='word_1_478' title='bbox 1300 2830 1553 2861; x_wconf 81' lang='lat' dir='ltr'>contubernales</span> <span class='ocrx_word' id='word_1_479' title='bbox 1577 2830 1609 2858; x_wconf 87' lang='lat' dir='ltr'>in</span> <span class='ocrx_word' id='word_1_480' title='bbox 1634 2828 1741 2864; x_wconf 75' lang='lat' dir='ltr'>Velia,</span> <span class='ocrx_word' id='word_1_481' title='bbox 1771 2828 1811 2858; x_wconf 84' lang='lat' dir='ltr'>cf.</span> <span class='ocrx_word' id='word_1_482' title='bbox 1846 2828 1943 2857; x_wconf 80' lang='lat' dir='ltr'>VIII.</span> <span class='ocrx_word' id='word_1_483' title='bbox 1975 2827 2002 2863; x_wconf 76' lang='grc' dir='ltr'>Τ,</span> <span class='ocrx_word' id='word_1_484' title='bbox 2034 2827 2061 2855; x_wconf 82' lang='grc'>3.</span> 
     </span>
    </p>
   </div>
   <div class='ocr_carea' id='block_1_24' title="bbox 313 2880 2061 2977">
    <p class='ocr_par' dir='ltr' id='par_1_25' title="bbox 313 2880 2061 2977">
     <span class='ocr_line' id='line_1_58' title="bbox 1188 2880 2061 2922; baseline -0.007 -7"><span class='ocrx_word' id='word_1_485' title='bbox 1188 2909 1189 2915; x_wconf 69' lang='grc'>,</span> <span class='ocrx_word' id='word_1_486' title='bbox 1209 2885 1252 2915; x_wconf 81' lang='lat' dir='ltr'>X.</span> <span class='ocrx_word' id='word_1_487' title='bbox 1278 2885 1304 2920; x_wconf 73' lang='grc' dir='ltr'>Τ,</span> <span class='ocrx_word' id='word_1_488' title='bbox 1328 2886 1356 2921; x_wconf 83' lang='grc'>3,</span> <span class='ocrx_word' id='word_1_489' title='bbox 1379 2884 1441 2914; x_wconf 87' lang='grc'><strong>1100</strong></span> <span class='ocrx_word' id='word_1_490' title='bbox 1465 2893 1482 2913; x_wconf 85' lang='lat' dir='ltr'>a</span> <span class='ocrx_word' id='word_1_491' title='bbox 1504 2882 1614 2919; x_wconf 72' lang='lat' dir='ltr'>saccis,</span> <span class='ocrx_word' id='word_1_492' title='bbox 1638 2882 1757 2922; x_wconf 86' lang='lat' dir='ltr'>quibus</span> <span class='ocrx_word' id='word_1_493' title='bbox 1790 2881 1839 2911; x_wconf 91' lang='lat' dir='ltr'>illi</span> <span class='ocrx_word' id='word_1_494' title='bbox 1863 2880 2061 2911; x_wconf 75' lang='lat' dir='ltr'>feneratores</span> 
     </span>
     <span class='ocr_line' id='line_1_59' title="bbox 313 2932 1189 2977; baseline 0.005 -15"><span class='ocrx_word' id='word_1_495' title='bbox 313 2932 354 2962; x_wconf 86' lang='lat' dir='ltr'>ll.</span> <span class='ocrx_word' id='word_1_496' title='bbox 381 2933 427 2963; x_wconf 73' lang='lat'>12.</span> <span class='ocrx_word' id='word_1_497' title='bbox 450 2933 538 2964; x_wconf 70' lang='lat' dir='ltr'>Bene</span> <span class='ocrx_word' id='word_1_498' title='bbox 559 2935 610 2974; x_wconf 71' lang='lat' dir='ltr'>qm]</span> <span class='ocrx_word' id='word_1_499' title='bbox 644 2936 797 2973; x_wconf 69' lang='lat' dir='ltr'>coniiciel,</span> <span class='ocrx_word' id='word_1_500' title='bbox 828 2939 927 2966; x_wconf 71' lang='lat' dir='ltr'>vatem</span> <span class='ocrx_word' id='word_1_501' title='bbox 957 2938 1038 2966; x_wconf 69' lang='lat' dir='ltr'>hune</span> <span class='ocrx_word' id='word_1_502' title='bbox 1062 2938 1189 2977; x_wconf 58' lang='lat' dir='ltr'>perh-³</span> 
     </span>
    </p>
   </div>
   <div class='ocr_carea' id='block_1_25' title="bbox 1209 2934 2063 2977">
    <p class='ocr_par' dir='ltr' id='par_1_26' title="bbox 1209 2934 2063 2977">
     <span class='ocr_line' id='line_1_60' title="bbox 1209 2934 2063 2977; baseline -0.007 -8"><span class='ocrx_word' id='word_1_503' title='bbox 1209 2939 1260 2969; x_wconf 81' lang='lat' dir='ltr'>vel</span> <span class='ocrx_word' id='word_1_504' title='bbox 1285 2938 1463 2977; x_wconf 72' lang='lat' dir='ltr'>argentarii</span> <span class='ocrx_word' id='word_1_505' title='bbox 1486 2937 1659 2977; x_wconf 81' lang='lat' dir='ltr'>pecuniam</span> <span class='ocrx_word' id='word_1_506' title='bbox 1681 2936 1865 2966; x_wconf 81' lang='lat' dir='ltr'>servabant.</span> <span class='ocrx_word' id='word_1_507' title='bbox 1902 2934 2063 2969; x_wconf 70' lang='lat' dir='ltr'>Sacc-ones,</span> 
     </span>
    </p>
   </div>
   <div class='ocr_carea' id='block_1_26' title="bbox 1188 2988 2066 3030">
    <p class='ocr_par' dir='ltr' id='par_1_27' title="bbox 1188 2988 2066 3030">
     <span class='ocr_line' id='line_1_61' title="bbox 1188 2988 2066 3030; baseline -0.01 -7"><span class='ocrx_word' id='word_1_508' title='bbox 1188 2993 1189 2996; x_wconf 72' lang='grc'>’</span> <span class='ocrx_word' id='word_1_509' title='bbox 1210 3000 1246 3023; x_wconf 87' lang='lat' dir='ltr'>ut</span> <span class='ocrx_word' id='word_1_510' title='bbox 1268 2998 1316 3023; x_wconf 82' lang='lat' dir='ltr'>est</span> <span class='ocrx_word' id='word_1_511' title='bbox 1340 2992 1373 3022; x_wconf 89' lang='lat' dir='ltr'>in</span> <span class='ocrx_word' id='word_1_512' title='bbox 1398 2991 1496 3027; x_wconf 68' lang='lat' dir='ltr'>Med„</span> <span class='ocrx_word' id='word_1_513' title='bbox 1520 2999 1626 3030; x_wconf 87' lang='lat' dir='ltr'>neque</span> <span class='ocrx_word' id='word_1_514' title='bbox 1649 2994 1779 3020; x_wconf 84' lang='lat' dir='ltr'>auctore</span> <span class='ocrx_word' id='word_1_515' title='bbox 1802 2989 1903 3019; x_wconf 87' lang='lat' dir='ltr'>Bosio</span> <span class='ocrx_word' id='word_1_516' title='bbox 1935 2988 1967 3017; x_wconf 89' lang='lat' dir='ltr'>in</span> <span class='ocrx_word' id='word_1_517' title='bbox 1998 2996 2066 3015; x_wconf 71' lang='lat' dir='ltr'>suc-</span> 
     </span>
    </p>
   </div>
   <div class='ocr_carea' id='block_1_27' title="bbox 354 3038 2065 3085">
    <p class='ocr_par' dir='ltr' id='par_1_28' title="bbox 354 3038 2065 3085">
     <span class='ocr_line' id='line_1_62' title="bbox 354 3038 2065 3085; baseline 0.001 -17"><span class='ocrx_word' id='word_1_518' title='bbox 354 3038 371 3075; x_wconf 73' lang='lat'>§</span> <span class='ocrx_word' id='word_1_519' title='bbox 395 3041 422 3067; x_wconf 71' lang='grc' dir='ltr'>ἴ).</span> <span class='ocrx_word' id='word_1_520' title='bbox 460 3039 548 3069; x_wconf 77' lang='lat' dir='ltr'>Hinc</span> <span class='ocrx_word' id='word_1_521' title='bbox 579 3050 682 3070; x_wconf 76' lang='lat' dir='ltr'>novae</span> <span class='ocrx_word' id='word_1_522' title='bbox 712 3042 867 3081; x_wconf 77' lang='lat' dir='ltr'>epistolae</span> <span class='ocrx_word' id='word_1_523' title='bbox 903 3042 1035 3073; x_wconf 86' lang='lat' dir='ltr'>initium</span> <span class='ocrx_word' id='word_1_524' title='bbox 1066 3043 1167 3082; x_wconf 82' lang='lat' dir='ltr'>vulgo</span> <span class='ocrx_word' id='word_1_525' title='bbox 1189 3046 1191 3085; x_wconf 50' lang='grc' dir='ltr'>ᾗ</span> <span class='ocrx_word' id='word_1_526' title='bbox 1210 3055 1310 3081; x_wconf 73' lang='lat' dir='ltr'>eones,</span> <span class='ocrx_word' id='word_1_527' title='bbox 1335 3053 1440 3083; x_wconf 83' lang='lat' dir='ltr'>neque</span> <span class='ocrx_word' id='word_1_528' title='bbox 1464 3053 1480 3073; x_wconf 90' lang='lat' dir='ltr'>e</span> <span class='ocrx_word' id='word_1_529' title='bbox 1504 3043 1589 3073; x_wconf 86' lang='lat' dir='ltr'>coni.</span> <span class='ocrx_word' id='word_1_530' title='bbox 1612 3042 1737 3074; x_wconf 60' lang='lat' dir='ltr'>Vrsini.</span> <span class='ocrx_word' id='word_1_531' title='bbox 1761 3050 1861 3081; x_wconf 84' lang='lat' dir='ltr'>quam</span> <span class='ocrx_word' id='word_1_532' title='bbox 1879 3039 2065 3070; x_wconf 73' lang='lat' dir='ltr'>Gronovius</span> 
     </span>
    </p>
   </div>
   <div class='ocr_carea' id='block_1_28' title="bbox 1211 3094 2066 3191">
    <p class='ocr_par' dir='ltr' id='par_1_29' title="bbox 1211 3094 2066 3191">
     <span class='ocr_line' id='line_1_63' title="bbox 1211 3094 1996 3139; baseline -0.006 -12"><span class='ocrx_word' id='word_1_533' title='bbox 1211 3098 1382 3139; x_wconf 71' lang='lat' dir='ltr'>amplexus</span> <span class='ocrx_word' id='word_1_534' title='bbox 1405 3102 1461 3133; x_wconf 78' lang='lat' dir='ltr'>est,</span> <span class='ocrx_word' id='word_1_535' title='bbox 1486 3097 1518 3126; x_wconf 90' lang='lat' dir='ltr'>in</span> <span class='ocrx_word' id='word_1_536' title='bbox 1542 3095 1708 3125; x_wconf 72' lang='lat' dir='ltr'>srdrcoones</span> <span class='ocrx_word' id='word_1_537' title='bbox 1730 3094 1933 3124; x_wconf 76' lang='lat' dir='ltr'>mutaverim.</span> <span class='ocrx_word' id='word_1_538' title='bbox 1989 3127 1996 3132; x_wconf 91' lang='lat'>.</span> 
     </span>
     <span class='ocr_line' id='line_1_64' title="bbox 1254 3145 2066 3191; baseline -0.004 -12"><span class='ocrx_word' id='word_1_539' title='bbox 1254 3150 1383 3191; x_wconf 61' lang='lat' dir='ltr'>Reliqua</span> <span class='ocrx_word' id='word_1_540' title='bbox 1406 3149 1565 3189; x_wconf 55' lang='lat' dir='ltr'>palrbanl.</span> <span class='ocrx_word' id='word_1_541' title='bbox 1616 3147 1722 3177; x_wconf 59' lang='lat' dir='ltr'>=Haee</span> <span class='ocrx_word' id='word_1_542' title='bbox 1757 3146 1922 3186; x_wconf 60' lang='lat' dir='ltr'>duplicem</span> <span class='ocrx_word' id='word_1_543' title='bbox 1954 3145 2066 3177; x_wconf 74' lang='lat' dir='ltr'>admit·</span> 
     </span>
    </p>
   </div>
  </div>
 </body>
</html>
