2117 3533
689 174 798 217 Lrss.
832 162 1025 216 VLEP.
1062 176 1103 216 5.
1137 176 1179 215 6.
1725 179 1809 218 281

56 311 163 353 enim
209 325 300 352 cum
344 325 390 352 eo
433 311 548 353 valde
591 309 840 352 familiariter
883 310 1028 352 vivere.
1092 312 1133 352 3.
1167 310 1254 352 Nos
1286 311 1516 366 provinciae
1547 310 1811 368 praefecimus

56 383 252 426 Caelium.
287 384 477 434 Puerum,
513 383 686 439 inquies,
721 388 761 424 et
792 383 957 425 fortasse
990 384 1146 425 fatuum
1179 388 1218 425 et
1252 399 1333 425 non
1365 399 1527 440 gravem
1551 390 1592 428 et
1614 402 1697 428 non
1720 402 1812 428 con-

54 456 264 497 tinentem.
298 458 528 509 Assentior,
563 457 648 498 fieri
679 472 762 498 non
793 458 928 513 potuit
960 458 1087 499 aliter.
1134 458 1242 499 Nam
1277 473 1374 512 quas
1418 459 1545 501 multo
1586 464 1678 502 ante
1721 466 1812 504 tuas

55 544 284 585 acceperam
315 530 465 581 literas,
509 531 554 571 in
587 529 734 585 quibus
769 527 968 588 ἐπέχειν
1000 536 1039 572 te
1074 531 1286 586 scripseras
1326 531 1425 586 quid
1468 537 1572 574 esset
1611 533 1711 575 mihi
1755 534 1813 576 fa-

55 601 243 644 ciendum
277 602 326 644 de
360 603 639 658 relinquendo,
675 618 743 645 eae
776 618 839 644 me
882 603 1128 659 pungebant.
1182 603 1382 646 Videbam
1424 605 1545 656 enim,
1591 621 1692 660 quae
1736 606 1814 648 tibi

54 679 187 717 essent
219 672 406 734 ἐποχῆς
440 691 582 718 causae
616 682 655 718 et
688 681 802 718 erant
835 677 996 718 eaedem
1039 677 1159 718 mihi:
1205 692 1329 733 puero
1372 677 1529 719 tradere
1572 680 1660 721 me?
1701 678 1815 721 fratri

54 749 213 790 autem?
246 748 348 789 illud
381 763 463 790 non
495 749 596 791 utile
628 748 758 791 nobis.
792 750 901 791 Nam
933 754 1088 805 praeter
1120 749 1282 791 fratrem
1314 765 1431 792 nemo
1465 756 1562 803 erat,
1587 767 1706 807 quem
1729 753 1815 794 sine

53 822 296 863 contumelia
329 823 545 877 quaestori,
580 823 708 864 nobili
739 823 987 878 praesertim,
1023 823 1273 865 anteferrem.
1332 825 1497 876 Tamen,
1532 825 1629 867 dum
1661 825 1815 882 impen-

53 895 145 937 dere
178 895 319 937 Parthi
351 895 606 948 Videbantur,
643 901 861 938 statueram
893 896 1057 938 fratrem
1100 897 1324 952 relinquere
1367 902 1438 939 aut
1480 898 1602 940 etiam
1644 899 1702 940 rei
1742 914 1814 955 pu-

52 968 180 1010 blicae
214 983 334 1010 causa
367 973 506 1010 contra
539 973 701 1010 senatus
735 969 965 1010 consultum
998 970 1083 1025 ipse
1115 985 1318 1011 remanere
1328 988 1339 1022 3
1375 970 1445 1025 qui
1475 976 1737 1027 posteaquam
1753 972 1815 1014 in·

51 1041 233 1084 credibili
264 1041 455 1084 felicitate
490 1042 773 1094 discesserunt,
810 1042 968 1084 sublata
1002 1043 1204 1085 dubitatio
1238 1049 1309 1086 est.
1353 1044 1553 1087 Videbam
1587 1061 1812 1088 sermones:

58 1144 79 1168 ,Ι
92 1116 194 1168 Hui,
229 1116 392 1158 fratrem
425 1117 609 1171 reliquit!
661 1118 774 1159 Num
808 1121 868 1158 est
900 1116 975 1158 hoc
1009 1132 1091 1158 non
1122 1117 1213 1173 plus
1247 1133 1397 1159 annum
1432 1117 1613 1161 obtinere
1656 1120 1816 1175 provin-

54 1189 183 1231 ciam?
216 1189 342 1241 Quid,
378 1189 484 1243 quod
519 1195 681 1232 senatus
715 1205 781 1232 eos
814 1190 944 1232 voluit
975 1205 1156 1246 praeesse
1188 1191 1420 1247 provinciis,
1466 1193 1537 1247 qui
1580 1208 1662 1234 non
1705 1209 1817 1249 prae-

53 1262 251 1304 fuissent?
284 1263 341 1303 At
372 1260 439 1303 1110
472 1263 740 1304 triennium.”
774 1264 883 1318 Ergo
916 1263 1014 1305 haec
1047 1263 1097 1304 ad
1130 1264 1338 1320 populum.
1391 1268 1431 1306 4.
1464 1265 1588 1317 Quid,
1625 1281 1726 1320 quae
1757 1271 1816 1308 te-

54 1336 172 1377 cum?
205 1336 430 1390 Nunquam
462 1351 589 1377 essem
623 1337 708 1378 sine
743 1352 851 1388 cura,
887 1337 921 1378 si
955 1337 1052 1392 quid
1095 1338 1330 1391 iracundius
1375 1344 1445 1381 aut
1486 1340 1816 1382 contumeliosius

53 1412 124 1449 aut
155 1409 459 1464 negligentius„
477 1425 578 1464 quae
611 1410 688 1451 fert
720 1410 803 1452 vita
836 1410 1059 1453 hominum.
1109 1411 1234 1464 Quid,
1270 1412 1303 1453 si
1346 1412 1444 1468 quid
1485 1413 1591 1455 filius
1634 1429 1733 1469 puer
1777 1419 1818 1456 et

52 1494 151 1535 puer
183 1479 285 1523 bene
320 1481 398 1524 sibi
430 1483 584 1525 fidens?
618 1484 688 1539 qui
721 1488 825 1526 esset
858 1484 996 1527 dolor?
1030 1485 1158 1537 Quem
1185 1490 1298 1541 pater
1327 1501 1409 1528 non
1440 1486 1671 1529 dimittebat
1696 1493 1817 1542 teque

51 1552 95 1594 id
128 1568 287 1596 censere
320 1555 485 1598 moleste
520 1555 686 1599 ferebat.
720 1559 777 1598 At
809 1573 916 1600 nunc
951 1558 1132 1610 Caelius3
1167 1574 1249 1600 non
1269 1559 1358 1601 dico
1383 1560 1583 1615 equidem,
1608 1561 1705 1616 quid
1729 1576 1817 1616 ege-

54 1626 120 1677 rit,
158 1627 227 1668 sed
260 1632 396 1670 tamen
429 1630 556 1671 multo
589 1630 723 1671 minus
755 1630 908 1673 laboro.
943 1632 1059 1673 Adde
1092 1632 1213 1673 illud:
1250 1634 1479 1689 Pompeius,
1507 1649 1552 1675 eo
1574 1633 1715 1676 robore
1743 1635 1816 1687 vir,

53 1699 103 1740 iis
135 1700 353 1752 radicibus,
389 1702 440 1754 Q.
475 1703 659 1745 Cassium
693 1704 777 1746 sine
812 1710 915 1748 sorte
951 1706 1113 1762 delegit,
1148 1706 1292 1749 Caesar
1326 1708 1572 1760 Antonium‚·
1608 1723 1681 1763 ego
1713 1713 1817 1750 sorte

97 1877 137 1909 18
159 1887 221 1909 non
243 1877 313 1909 dico
336 1877 486 1920 equidem,
506 1880 523 1917 †
544 1878 627 1920 quod
648 1879 747 1920 eqerit
770 1897 811 1902 —

55 2054 124 2077 0880
141 2046 287 2077 allatum.
311 2046 377 2078 Sed
393 2048 484 2088 prius
499 2048 677 2089 aliquanto,
694 2058 798 2089 quum
812 2047 911 2080 Sidae
935 2078 936 2091 ¹
956 2062 1084 2090 cusans,
1109 2055 1197 2094 quod
1219 2053 1354 2087 fratrem
1377 2064 1444 2086 non
1468 2054 1674 2096 reliquissem
1698 2055 1732 2085 in
1749 2064 1819 2095 pro-

56 2102 148 2134 esset,
171 2099 325 2130 nuntium
343 2100 476 2141 accepit.
499 2101 608 2141 Igitur
620 2100 705 2131 illud
719 2098 913 2145 οἰκονομίας
956 2105 1075 2137 vincia.

54 2154 180 2194 dialogi
201 2165 297 2187 causa
318 2156 427 2187 finxit.
463 2157 513 2188 Ita
536 2157 731 2189 Tunstallus
761 2167 830 2190 rem
858 2167 912 2189 ex-

54 2209 179 2249 pedivit
200 2219 251 2250 op.
274 2210 296 2241 1.
318 2221 348 2252 p.
372 2211 421 2241 56.

1001 2159 1019 2198 ξ
1042 2160 1072 2189 4.
1098 2158 1186 2200 Quae
1198 2159 1270 2200 fert
1292 2160 1358 2191 vita
1381 2160 1538 2191 hominum
1560 2170 1592 2191 a:
1617 2165 1653 2191 ut
1670 2165 1747 2192 sunt
1759 2160 1818 2191 ho-

960 2211 1076 2243 mines.
1111 2211 1303 2254 Comparari
1324 2219 1463 2254 possunt
1484 2213 1668 2244 locutiones
1691 2215 1726 2244 ut
1748 2215 1820 2244 tem-

96 2263 115 2303 ξ
138 2264 166 2294 3.
196 2263 261 2294 Nos
279 2265 465 2305 provinciae
484 2276 532 2306 pr.
559 2265 710 2297 Caelium.
741 2265 792 2298 Cf.
820 2266 915 2298 Fam.
957 2274 1017 2305 pm
1029 2265 1113 2306 fert,
1137 2267 1172 2296 ut
1195 2267 1285 2297 aetas
1306 2266 1367 2297 illa
1380 2266 1452 2307 fert
1476 2272 1508 2298 et
1530 2266 1613 2298 aliae
1634 2267 1755 2308 plures.

55 2315 100 2347 Π.
124 2316 173 2353 15,
196 2317 225 2354 4,
248 2317 306 2348 ubi
329 2317 444 2349 Cicero
478 2318 655 2350 consilium
684 2329 781 2350 suum
810 2319 915 2352 Caelii

55 2370 237 2409 quaestoris
259 2372 449 2411 provinciae
471 2373 696 2413 praeponendi
720 2373 838 2405 iisdem
868 2384 915 2404 ar-

56 2424 222 2462 gumentis
245 2430 277 2456 et
299 2435 403 2466 paene
424 2426 543 2457 iisdem
565 2426 674 2457 verbis
696 2432 824 2467 purgat.

98 2476 139 2507 Et
151 2477 299 2517 fortasse
311 2478 453 2519 fatuum.
476 2480 628 2512 Fortasse
644 2491 711 2512 non
730 2482 915 2519 dubitandi,

55 2530 113 2561 sed
135 2531 307 2562 minuendi
330 2532 399 2563 vim
420 2532 528 2570 habet,
551 2538 587 2564 ut
606 2534 647 2565 ad
660 2533 752 2565 Fam.
770 2535 817 2565 II.
835 2535 884 2572 16,
899 2536 918 2566 2

55 2592 108 2613 eos
140 2593 196 2624 eqo
215 2584 363 2624 fortasse
392 2595 475 2616 nune
504 2586 610 2617 imitor
639 2589 670 2618 et
699 2589 771 2618 utor
801 2588 919 2619 aetatis

56 2635 143 2667 vitio.

101 2690 212 2720 Fratri
241 2690 373 2721 autem?
406 2691 665 2732 Interrogationi
686 2702 787 2732 puero
816 2693 920 2724 trade-

57 2743 148 2774 rem?
170 2743 224 2774 vel
240 2753 341 2783 puero
371 2742 499 2774 tradere
529 2744 602 2775 me?
629 2746 806 2786 respondet
834 2756 920 2777 nova

58 2796 258 2837 quaestione,
280 2796 316 2826 in
340 2805 403 2837 qua
427 2799 531 2827 autem
562 2807 637 2828 cum
666 2798 779 2839 aliqua
809 2799 917 2840 indig-

58 2849 193 2881 natione
215 2848 345 2886 dicitur,
368 2855 405 2880 ut
427 2847 484 2880 Gr.
506 2844 564 2884 δή.
591 2849 658 2880 Pro
679 2849 772 2887 illud,
796 2850 831 2881 in
853 2861 919 2891 quo

58 2905 216 2937 haerebat
238 2905 409 2943 Ernestus,
446 2905 544 2936 scribi
575 2911 681 2946 potest
709 2906 810 2937 aliud.
853 2907 920 2939 Sed

60 2967 165 2998 quum
187 2958 359 2999 sequentia
381 2967 512 2989 causam
529 2958 731 2996 contineant,
745 2969 803 2990 cur
817 2960 920 2991 alium

58 3019 126 3042 non
147 3012 290 3052 potuerit
312 3012 509 3053 relinquere,
533 3012 653 3043 melius
675 3013 725 3043 nil
747 3013 887 3045 additur.

107 3064 253 3097 Videbam
281 3075 437 3097 sermones
466 3076 499 3096 οε
533 3066 644 3096 animo
680 3066 920 3107 prospiciebam

58 3119 117 3150 hos
139 3120 180 3151 de
203 3130 256 3152 me
278 3129 426 3152 rumores
449 3129 597 3160 sparsum
620 3119 670 3150 iri.

102 3172 183 3214 Eryo
205 3174 282 3205 lmec
303 3175 348 3206 ad
363 3174 511 3216 populum
535 3185 577 3206 sc.
600 3174 743 3206 dicerem
778 3185 831 3207 me
863 3185 918 3207 ex-

1002 2318 1074 2350 Non
1110 2319 1180 2350 dieo
1216 2319 1366 2361 equidem,
1404 2319 1482 2361 quid
1516 2320 1626 2361 eqerz't.
1670 2320 1821 2353 Muretus

963 2372 1042 2403 Var.
1075 2372 1168 2404 Lect.
1197 2371 1276 2403 XV.
1311 2373 1330 2403 8
1359 2372 1427 2413 legi
1451 2373 1542 2404 iubet
1563 2383 1626 2404 non
1648 2372 1717 2404 dico
1740 2373 1822 2415 equi-

962 2426 1040 2464 dem,
1063 2435 1228 2463 QUICQUID
1252 2426 1352 2468 eyerit
1375 2427 1496 2468 (suppl.
1527 2437 1591 2458 non
1612 2427 1746 2467 laboro),
1768 2427 1826 2459 sed

967 2481 1070 2510 lamen
1101 2479 1197 2510 multo
1226 2479 1328 2510 minus
1357 2479 1474 2510 laboro.
1518 2479 1694 2511 Schutzius
1723 2481 1824 2512 verba

965 2532 1098 2572 gravius
1120 2537 1272 2574 corrupta
1299 2533 1444 2574 putabat.
1489 2533 1555 2565 Sed
1583 2544 1659 2565 cum
1687 2534 1822 2565 Klotzio

965 2587 1172 2619 defendimus
1195 2587 1349 2619 traditam
1370 2588 1574 2629 scripturam,
1597 2589 1679 2630 quod
1700 2589 1734 2620 in
1748 2588 1826 2630 quid

966 2646 1101 2672 mutato.
1145 2641 1233 2674 Puto
1256 2641 1452 2674 Ciceronem
1475 2642 1616 2674 breviter
1638 2642 1825 2683 significare

967 2704 1000 2726 se
1023 2705 1090 2726 non
1119 2695 1287 2736 inquirere
1316 2695 1351 2726 in
1383 2705 1430 2733 ea,
1460 2705 1544 2736 quae
1573 2694 1704 2727 Caelius
1733 2695 1824 2736 prius

967 2748 1080 2788 egerit,
1093 2748 1233 2780 factisne
1256 2748 1322 2780 suis
1334 2748 1475 2789 dignum
1486 2758 1520 2780 se
1533 2748 1704 2789 provincia
1718 2752 1823 2779 osten-

965 2802 1059 2840 derit,
1094 2812 1197 2843 quum
1227 2812 1294 2833 non
1324 2802 1467 2833 multum
1495 2807 1632 2839 curaret,
1663 2802 1743 2843 quid
1765 2801 1824 2833 ille

964 2855 1065 2886 homo
1087 2855 1216 2886 alienus
1238 2855 1533 2887 commendationis
1555 2855 1700 2886 haberet.

1007 2908 1053 2940 Eo
1076 2909 1183 2940 robore
1205 2909 1262 2947 vir,
1285 2909 1327 2939 iis
1349 2909 1508 2940 radicibus
1530 2909 1568 2940 oz'
1595 2909 1646 2939 vir
1675 2914 1743 2939 tam
1770 2918 1824 2949 po-

966 2970 1048 2994 tens.
1071 2963 1268 3004 Metaphora
1289 2964 1459 3003 desumpta
1480 2973 1499 2993 a
1514 2972 1646 3004 quech,
1661 2971 1744 3002 quae
1759 2971 1824 2994 me-

966 3015 1030 3046 lius
1052 3015 1205 3056 procellis
1228 3016 1360 3052 resistit,
1384 3015 1411 3046 si
1434 3022 1586 3046 truncum
1608 3015 1741 3046 firmum
1769 3015 1824 3046 ha-

966 3068 1020 3099 bet
1042 3072 1073 3098 et
1093 3067 1218 3099 radices
1241 3068 1323 3099 altos
1346 3068 1422 3108 egit.

1006 3120 1080 3152 Siue
1111 3123 1195 3152 sorte
1233 3132 1265 3152 o:
1302 3132 1370 3153 non
1408 3121 1579 3153 sortitione
1608 3122 1671 3153 sibi
1710 3122 1825 3153 datmn

963 3180 1178 3220 quaestorem.
1203 3195 1241 3199 —-
1266 3177 1307 3216 Q.
1331 3175 1480 3207 Cassium
1507 3176 1701 3217 Longinum
1727 3175 1823 3208 Pom-

1837 990 1869 1016 10

1838 1360 1872 1386 15

1840 1725 1873 1750 20
