2117 3533
771 155 877 196 LIB.
912 155 947 196 Ι.
981 154 1065 196 ΕΡ.
1102 157 1173 196 16.

1791 156 1846 196 41

92 295 140 336 de
174 294 287 335 cuius
320 291 497 334 oratione
530 305 622 345 erga
654 304 716 331 me
749 289 966 331 honorifica
1000 289 1049 331 ad
1081 294 1121 331 te
1155 291 1399 345 scripseram.
1455 289 1587 332 Biduo
1620 305 1689 345 per
1722 305 1849 332 111111111

92 382 261 417 servum,
296 369 336 407 et
368 380 459 405 eum
492 380 540 405 ex
573 362 808 418 gladiatorio
842 363 951 414 ludo,

92 440 142 481 ad
176 454 230 489 se,
264 438 460 493 promisit,
494 436 733 486 intercessit,
768 435 893 476 dedit.

997 364 1169 404 confecit
1208 368 1340 404 totum
1379 364 1601 418 negotium,
1645 364 1851 405 arcessivit

959 437 1046 477 Iam
1076 452 1167 478 vero
1203 462 1259 465 —
1295 452 1316 476 0
1362 436 1418 477 dii
1460 436 1555 477 boni
1596 452 1678 477 rem
1720 436 1850 491 perdi-

92 513 193 554 tam!
232 535 289 540 -—
322 510 442 551 etiam
474 513 611 550 noctes
651 513 848 549 certarum
891 508 1104 550 mulierum
1148 513 1267 563 atque
1308 508 1694 550 adolescentulorum
1738 509 1851 551 nobi-

91 585 191 626 lium
223 582 542 625 introductiones
574 581 778 623 nonnullis
811 581 1014 623 iudicibus
1048 598 1118 639 pro
1152 581 1345 623 mercedis
1376 582 1536 623 cumulo
1561 583 1737 624 fuerunt.
1773 584 1851 634 Ita,
1885 617 1889 621 ,

93 671 246 699 5111111110
280 656 458 697 discessu
490 655 700 705 bonorum,
734 655 851 710 pleno
885 655 968 696 foro
1003 671 1218 706 servorum,
1254 669 1359 697 xxv.
1393 655 1547 696 iudices
1569 655 1626 696 ita
1652 656 1772 697 fortes
1794 662 1853 697 ta-

92 745 183 770 men
215 729 391 780 fuerunt,
426 734 486 780 ut,
533 743 686 769 summo
727 729 929 784 proposito
971 729 1161 784 periculo,
1203 729 1266 770 vel
1306 729 1433 784 perire
1477 728 1692 770 maluerint
1734 745 1852 783 quam

91 803 254 859 perdere
288 802 435 853 omnia,
470 814 597 842 XXXI.
631 800 808 851 fuerunt,
844 816 941 855 quos
974 801 1097 843 fames
1130 802 1256 856 magis
1290 817 1409 856 quam
1442 801 1546 842 fama
1581 802 1851 843 commoverit.

94 876 276 928 Quorum
309 875 478 916 Catulus
511 889 635 929 quum
669 873 835 915 vidisset
859 874 1079 928 quendam:
1123 874 1265 926 ssQuid
1286 890 1369 925 vos,
1389 875 1537 929 inquit,
1566 874 1811 929 praesidium
1832 891 1853 916 a

91 948 208 990 nobis
240 947 531 1004 postulabatis?
564 961 628 996 an,
663 962 713 987 ne
746 947 859 987 numi
892 946 1006 987 Vobis
1033 947 1294 1002 eriperentur,
1322 947 1527 988 timebatis
1540 947 1587 988 3³³²
1623 950 1664 987 6.
1700 946 1852 999 Habes,
1868 970 1900 995 10

92 1027 139 1064 ut
170 1021 400 1064 brevissime
433 1020 561 1076 potui,
595 1034 722 1074 genus
755 1019 897 1060 iudicii
931 1024 970 1060 et
1004 1034 1164 1060 causam
1205 1019 1483 1061 absolutionis.
1534 1019 1702 1070 Quaeris
1743 1019 1854 1061 dein—

92 1111 183 1151 ceps
218 1095 287 1150 qui
319 1109 427 1136 nunc
462 1094 514 1134 sit
547 1098 674 1134 status
708 1108 839 1134 rerum
873 1097 912 1134 et
946 1093 1014 1147 qui
1048 1108 1173 1134 meus.
1216 1094 1289 1135 Rei
1323 1093 1507 1149 publicae
1542 1098 1691 1134 statum
1724 1093 1853 1144 illum,

93 1184 209 1223 quein
242 1173 289 1209 tu
331 1182 419 1208 meo
459 1166 637 1217 consilio,
684 1180 756 1221 ego
800 1165 936 1207 divino
978 1167 1254 1208 confirmatum
1298 1166 1503 1223 putabam,
1549 1167 1618 1221 qui
1659 1165 1855 1207 bonorum

92 1242 271 1283 omnium
304 1240 588 1282 coniunctione
623 1244 662 1280 et
695 1239 932 1280 auctoritate
967 1240 1198 1281 consulatus
1231 1240 1310 1281 mei
1343 1241 1445 1281 fixus
1478 1244 1519 1281 et
1562 1239 1755 1281 fundatus
1798 1240 1854 1280 vi-

91 1567 130 1598 iis
153 1567 351 1604 hominibus,
367 1568 423 1608 qui
439 1567 542 1598 cuivis
557 1567 753 1605 deserviant,
769 1569 848 1598 dum
863 1568 951 1608 quod.

91 1619 209 1651 volunt
230 1626 482 1661 consequantur,
507 1626 577 1651 tum
600 1620 737 1652 Salustii
765 1620 816 1651 his
843 1620 952 1651 verbis

91 1671 162 1704 Cat.
184 1673 225 1703 48
247 1683 286 1703 ne
312 1672 442 1703 Crassus
464 1683 546 1703 more
568 1682 624 1703 suo
642 1674 786 1713 suscepto
802 1673 952 1714 malorum

83 1725 266 1766 patrocinio
284 1726 516 1766 rempublicam
533 1727 745 1757 conturbaret.
767 1727 882 1757 Minus
898 1736 952 1757 ex-

90 1780 200 1820 pedita
221 1786 308 1817 sunt,
331 1790 414 1821 quae
438 1781 603 1812 adduntur
632 1781 673 1811 ad
702 1781 871 1812 hominem
900 1781 952 1811 de-

91 1833 301 1873 signandum.
327 1834 453 1865 Calvum
477 1839 586 1865 tamen
605 1834 764 1875 appellari
779 1834 918 1865 arbitror
933 1844 952 1865 a

90 1885 231 1922 calvitio,
269 1895 372 1926 quum
407 1896 523 1927 parum
557 1887 627 1918 veri
656 1887 772 1918 similis
801 1887 952 1918 videatur

91 1948 205 1970 eorum
227 1939 347 1979 opinio,
374 1940 430 1980 qui
453 1945 599 1971 statuant
621 1940 668 1971 M.
684 1940 840 1971 Licinum
857 1940 948 1972 Cras-

91 2001 164 2022 sum
186 1992 273 2023 bona
294 1993 550 2033 proscriptorum
573 1993 689 2024 emisse
711 1993 772 2023 sub
794 1992 876 2023 falso
894 1992 948 2023 Li-

91 2045 169 2076 cinii
193 2044 288 2077 Calvi
310 2046 454 2077 nomine.
477 2047 585 2086 Magis
609 2046 707 2077 etiam
722 2046 846 2077 incerta
860 2052 948 2083 sunt,

92 2107 175 2138 quae
210 2098 250 2129 de
281 2099 389 2129 verbis
419 2109 458 2128 ex
485 2098 684 2129 Nanneianis
717 2098 805 2129 illam
835 2104 949 2139 argute

91 2160 169 2183 sane
192 2152 395 2191 excogitavit
425 2151 463 2182 P.
492 2152 673 2188 Manutius,
704 2162 803 2192 quem
831 2152 950 2192 reliqui

92 2210 284 2246 sequuntur.
306 2205 458 2246 Namque
474 2215 576 2246 quum
591 2210 719 2236 constet
733 2206 780 2236 M.
796 2205 950 2237 Crassum

92 2268 169 2300 opes
191 2258 253 2289 sibi
268 2268 397 2299 parasse
411 2268 428 2289 e
442 2258 677 2299 proscriptione
693 2258 831 2289 Sullana
846 2258 951 2295 (Plut.

93 2313 127 2343 in
151 2311 268 2343 Crasso
290 2322 317 2342 0.
341 2313 360 2342 2
382 2318 414 2343 et
437 2312 465 2342 6.
489 2311 557 2343 Cic.
581 2312 695 2342 Parad.
721 2312 783 2342 VI.
798 2312 830 2352 2)
854 2312 951 2342 inter-

93 2373 156 2405 que
178 2364 374 2405 proscriptos
396 2364 521 2395 Nannii
544 2364 596 2395 vel
611 2363 756 2395 Nanneii
771 2374 952 2395 memoren-

94 2422 147 2448 tur
168 2417 253 2456 apud
276 2416 317 2454 Q.
342 2416 408 2448 Cic.
432 2418 471 2447 de
493 2417 584 2457 petit.
615 2426 703 2447 cons.
734 2417 761 2453 6,
784 2417 861 2447 hine
888 2416 951 2447 col-

92 2469 208 2509 ligitur
229 2468 435 2499 Nanneianos
457 2469 521 2500 diei
543 2472 680 2499 sectores
701 2469 844 2500 bonorum
861 2469 950 2499 Nan-

93 2523 242 2554 neiorum.
271 2522 336 2555 Sed
360 2534 427 2554 non
450 2525 592 2555 diffiteor
612 2524 692 2555 haee
714 2524 797 2555 mihi
818 2534 886 2555 non
906 2534 952 2555 sa-

94 2576 240 2608 tisfacere
273 2582 305 2607 et
335 2576 542 2608 Nmmzemnos
571 2577 707 2608 omnino
737 2578 952 2608 removendos

93 2629 207 2660 videri.
230 2629 385 2670 Suspicor
407 2631 496 2661 enim
517 2630 579 2661 hoc
603 2631 739 2662 fluxisse
759 2641 775 2661 0
791 2631 952 2662 vocabulo

93 2683 226 2720 Graeco,
250 2684 341 2714 cuius
370 2684 595 2725 interpretatio
631 2686 759 2726 irrepsit
788 2685 822 2716 in
853 2685 951 2716 verba

95 2735 272 2772 Ciceronis,
296 2737 548 2777 contineturque
570 2737 621 2767 his
644 2738 751 2768 verbis
775 2738 860 2767 illum
885 2738 951 2766 luu-

93 2788 242 2819 datorem.
278 2789 329 2819 Ne
352 2789 465 2825 multa,
496 2789 703 2820 scribendum
733 2795 827 2830 puto:
859 2789 952 2819 Noslz'

100 2840 480 2887 Όιιῖυιιιιιὲ7κο1μιαστήν
511 2842 597 2872 illam
628 2852 733 2879 meum,
763 2848 823 2873 cet.
853 2842 951 2881 Quod

95 2901 121 2931 si
144 2901 196 2931 eui
218 2901 316 2930 nimis
334 2910 350 2930 a
366 2901 457 2930 codd.
475 2901 633 2940 scriptura
647 2902 797 2932 recedere
812 2901 949 2938 videtur,

94 2954 156 2983 hoc
179 2954 318 2984 alterurn
341 2954 438 2983 addo:
463 2954 556 2984 Noslc'
591 2954 726 2989 Calvum,
751 2949 950 2994 ἐξαπιυαῖον

94 3009 184 3039 illum
208 3010 403 3040 laudatorem
426 3021 531 3046 meam,
556 3011 588 3040 in
613 3021 677 3051 (1110
701 3011 815 3041 Cicero
830 3010 951 3041 Graece

95 3062 189 3098 dixit,
213 3063 300 3102 quod
323 3062 380 3092 illa
403 3068 507 3093 aetate
538 3063 658 3093 Latino
689 3063 849 3094 vocabulo
879 3068 951 3103 apte

96 3120 159 3151 diei
182 3131 248 3151 non
271 3126 407 3161 poterat.

140 3173 217 3204 Adr.
250 3174 397 3205 Tui-nebi
427 3173 580 3213 (Advers.
611 3174 742 3215 IX.--l)
765 3173 953 3205 coniectura

999 1577 1038 1597 ea·
1061 1566 1236 1597 Naevianis
1260 1568 1357 1598 ducta
1375 1577 1391 1598 e
1414 1576 1510 1598 versu
1533 1566 1652 1597 Naevii
1667 1565 1760 1596 Fani.
1776 1566 1855 1597 XV.

999 1620 1026 1658 6,
1051 1621 1078 1658 1,
1102 1626 1190 1652 certe
1218 1620 1301 1651 falsa
1330 1626 1388 1652 est.
1411 1639 1452 1644 -—
1473 1620 1564 1652 Ante
1594 1619 1687 1650 biduo
1714 1619 1856 1652 inseren-

997 1674 1077 1704 dum
1098 1673 1229 1704 videtur
1250 1672 1295 1703 Is.

1038 1725 1235 1763 Intercessz't,
1266 1736 1299 1757 o:
1330 1727 1485 1757 daturum
1515 1736 1549 1757 se
1578 1726 1729 1767 promisit
1758 1726 1856 1767 stipu-

997 1779 1120 1810 latione
1151 1778 1350 1819 interposita,
1388 1788 1445 1819 pro
1483 1778 1601 1810 Clodio
1630 1788 1723 1819 praes
1753 1778 1856 1810 factus

997 1839 1054 1865 est.
1084 1834 1134 1866 Cf.
1158 1834 1244 1865 infra
1266 1834 1328 1865 VI.
1352 1835 1379 1870 l,
1404 1836 1420 1864 5
1444 1833 1660 1864 intercessisse
1682 1844 1716 1864 se
1732 1844 1793 1874 pro
1815 1833 1857 1864 iis

996 1899 1136 1928 maynam
1152 1888 1320 1929 pecuniam
1349 1894 1381 1919 et
1410 1888 1497 1919 Phil.
1526 1889 1573 1919 ΙΙ.
1602 1890 1651 1925 45,
1681 1888 1856 1919 sestertium

994 1942 1140 1983 sewayz'es
1161 1953 1195 1973 se
1216 1952 1278 1982 pro
1308 1945 1340 1973 te
1368 1942 1583 1972 intercessisse
1610 1942 1744 1979 dicebat,
1775 1952 1857 1983 quos

996 1995 1084 2026 locos
1106 1995 1277 2026 Manutius
1300 1995 1421 2026 citavit.
1444 1994 1692 2026 Inter-cessiones
1707 1995 1856 2035 pecnnia-

995 2058 1062 2078 rum
1084 2047 1117 2077 in
1147 2047 1333 2078 coitionibus
1363 2047 1604 2077 candidalorum
1632 2054 1857 2078 memorantur

996 2101 1114 2132 Parad.
1138 2101 1200 2132 VI.
1223 2102 1253 2132 2.
1276 2102 1317 2133 In
1341 2102 1456 2132 eadem
1477 2110 1512 2133 re
1541 2101 1626 2133 dixit
1655 2111 1688 2132 se
1717 2101 1856 2142 interpo-

996 2163 1079 2190 nere,
1102 2153 1176 2184 Mil.
1199 2154 1248 2184 25.

1038 2205 1153 2236 Noctes
1174 2216 1206 2236 o:
1235 2206 1417 2247 amplexus,
1439 2206 1661 2237 concubitum.
1682 2206 1732 2237 Cf.
1746 2216 1794 2246 ep.
1810 2207 1857 2237 ΙΙ.

998 2259 1046 2295 24,
1064 2260 1092 2289 3.
1108 2258 1191 2289 Hor.
1208 2259 1311 2299 Epod.
1328 2259 1376 2296 15,
1388 2260 1436 2289 13.
1451 2259 1568 2290 Iuven.
1584 2258 1688 2289 Sat.I.
1705 2259 1754 2291 37.
1768 2259 1857 2290 Hinc

997 2311 1155 2341 iudicium
1194 2310 1392 2342 Clodianum
1414 2313 1545 2351 emplum
1567 2313 1858 2353 cons-tamaiumque

998 2368 1133 2394 vocatur
1155 2373 1204 2403 ep.
1228 2363 1276 2399 18,
1300 2364 1329 2393 3.
1353 2362 1403 2394 Cf.
1428 2363 1503 2393 Val.
1526 2363 1619 2394 Max.
1641 2363 1705 2394 IX.
1729 2364 1756 2401 l,
1781 2364 1808 2396 7.

1039 2416 1296 2447 Introduction&
1334 2427 1366 2447 a:
1404 2422 1525 2457 stupra.
1562 2417 1772 2448 Vocabulum
1807 2419 1858 2448 fir-

998 2476 1106 2502 matur
1128 2471 1321 2502 auctoritate
1344 2471 1498 2508 Senecae,
1522 2471 1577 2511 qui
1601 2471 1694 2512 epist.
1717 2471 1755 2504 97
1778 2472 1858 2503 haec

999 2527 1100 2558 verba
1123 2526 1236 2556 citavit
1258 2531 1290 2556 et
1312 2536 1374 2556 usu
1396 2525 1605 2562 Graecorum,
1629 2526 1685 2566 qui
1708 2524 1857 2571 εἰσάγειν

998 2586 1038 2616 de
1061 2586 1175 2616 eadem
1197 2594 1231 2615 re
1260 2588 1398 2624 ponunt,
1430 2589 1466 2614 ut
1495 2583 1529 2614 in
1558 2592 1655 2614 versu
1684 2583 1857 2614 Machonis

998 2638 1083 2677 apud
1105 2637 1230 2667 Athen.
1255 2636 1356 2666 VIII.
1379 2647 1409 2676 p.
1433 2636 1493 2666 346
1518 2636 1557 2666 B.
1580 2636 1656 2666 Non
1672 2636 1781 2666 minus
1795 2636 1858 2667 usi-

997 2696 1062 2722 tata
1085 2698 1162 2722 sunt
1177 2690 1353 2730 perducere
1376 2696 1408 2721 et
1422 2689 1588 2720 deducere.

1038 2748 1153 2779 XXV.
1170 2748 1237 2786 Qui
1251 2749 1284 2778 h.
1298 2749 1319 2779 ].
1335 2749 1408 2779 loco
1422 2753 1453 2779 et
1469 2749 1486 2787 ξ
1504 2749 1542 2778 10
1564 2748 1761 2788 scripserunt
1776 2748 1856 2785 XX,

997 2808 1032 2833 ut
1048 2803 1171 2833 iudices
1189 2806 1296 2833 essent
1318 2803 1376 2839 LI,
1401 2808 1481 2842 quot
1504 2807 1596 2832 erant-
1618 2803 1651 2832 in
1675 2812 1771 2832 eausa
1793 2802 1856 2832 Mi-

998 2856 1092 2891 lonis,
1117 2855 1315 2886 refelluntur
1330 2855 1517 2885 testimonio
1541 2855 1710 2885 Plutarchi
1732 2855 1765 2884 in
1790 2854 1857 2886 Cic.

997 2908 1044 2944 27,
1076 2907 1132 2937 ubi
1163 2907 1273 2938 Catuli
1296 2908 1419 2937 dictum
1443 2917 1573 2947 quoque
1595 2912 1754 2937 narratur.

1038 2961 1065 2991 E
1100 2960 1258 2991 Cicerone
1288 2961 1414 2992 Seneca
1443 2961 1488 2991 l.l.
1517 2961 1596 2991 haec
1626 2971 1693 2990 non
1730 2961 1857 3000 integre

997 3015 1134 3055 repetiit,
1159 3016 1215 3045 sed
1231 3015 1390 3054 pelebatis
1414 3015 1539 3055 scripsit
1561 3025 1619 3055 pro
1643 3015 1857 3054 postulabalis

998 3074 1028 3100 et
1051 3069 1207 3099 timebatis
1230 3069 1348 3105 omisit,
1372 3070 1459 3109 quod
1483 3069 1621 3100 verbum
1644 3069 1714 3100 sine
1729 3075 1857 3100 senten-

997 3122 1060 3167 tiae
1089 3122 1209 3151 damno
1239 3122 1351 3153 abesse
1379 3126 1514 3162 poterat.
1558 3121 1614 3152 Ad
1649 3122 1711 3152 hoc.
1748 3121 1855 3153 Catuli

974 3199 976 3219 Ι,
996 3174 1120 3206 dictum
1140 3175 1311 3216 respicitur
1331 3175 1367 3207 in
1389 3179 1467 3207 orat.
1491 3175 1531 3207 de
1553 3175 1621 3206 har.
1644 3185 1736 3216 resp„
1759 3176 1809 3206 36.
