2117 3533
294 154 378 192 320

682 151 766 191 ΕΡ.
802 150 876 190 AD
909 150 954 188 T.
990 148 1337 189 POMPONIVM
1374 149 1615 188 AT'HCFM

294 286 426 326 literas
461 284 568 333 dedi,
605 283 788 323 consules
822 281 988 322 conveni
1023 281 1248 335 multosque
1283 281 1407 321 nostri
1441 281 1606 321 ordinis.
1649 285 1797 323 Omnes
1833 283 2048 337 cupiebant

292 357 495 398 Caesarem
533 354 716 395 abductis
758 353 967 408 praesidiis
1001 357 1104 393 stare
1149 351 1448 393 conditionibus
1491 353 1554 403 iis,
1599 368 1697 407 quas
1740 355 1911 396 tulisset.

1973 356 2045 395 sni

298 430 465 470 Favonio
497 429 603 482 leges
636 427 685 468 ab
719 427 787 467 illo
820 425 936 466 nobis
969 426 1121 480 imponi
1154 441 1234 466 non
1270 426 1465 480 placebat,
1502 425 1568 466 sed
1602 426 1636 466 is
1671 427 1777 467 baud
1811 428 1972 469 auditus
2006 430 2046 470 in

292 502 469 543 consilio.
504 501 603 541 Cato
636 500 742 540 enim
774 500 858 553 ipse
892 499 971 539 iam
1006 499 1151 540 servire
1185 514 1304 553 quam
1346 514 1522 553 pugnare
1570 500 1735 539 mavult.

1791 500 1868 541 Sed
1914 507 2047 542 tamen

254 592 267 615 5
291 575 346 615 ait
377 576 419 615 in
453 579 591 614 senatu
627 588 666 613 58
700 572 836 613 adesse
870 572 983 622 velle,
1029 587 1150 627 quum
1196 572 1244 612 de
1286 572 1585 612 conditionibus
1627 579 1780 626 agatur,
1827 574 1859 613 si
1904 574 2048 614 Cae-sar

291 647 487 688 adductus
521 647 586 695 sit,
622 651 666 686 ut
699 645 895 700 praesidia
929 645 1115 686 deducat.
1167 646 1244 695 Ita,
1280 646 1384 700 quod
1420 646 1588 686 maxime
1624 661 1723 700 opus
1757 652 1830 696 est,
1874 647 1915 687 in
1950 647 2046 688 Sici-

291 721 383 760 113111
417 720 472 759 ire
506 734 586 759 non
621 722 733 758 curat
743 736 753 768 ;
788 717 895 769 quod
929 723 1064 758 metuo
1097 732 1146 757 ne
1181 716 1300 766 obsit,
1335 718 1378 757 in
1402 722 1543 758 senatu
1566 733 1650 757 esse
1674 718 1771 758 vult.
1811 719 2046 759 Postumius

291 798 436 842 autem,
473 792 520 832 de
555 806 632 845 quo
666 790 905 830 nominatim
950 795 1112 831 senatus
1158 790 1347 839 decrevit,
1397 797 1440 830 ut
1484 791 1618 830 statim
1667 791 1708 830 in
1754 791 1929 832 Siciliam
1974 793 2047 832 iret

296 864 559 918 Furfanioque
593 862 835 912 succederet,
870 868 991 916 negat
1024 877 1063 902 se
1099 862 1183 903 sine
1218 862 1368 902 Catone
1402 863 1567 911 iturum,
1613 869 1653 902 et
1686 877 1797 903 suam
1830 864 1873 904 in
1906 870 2047 904 senatu

240 956 273 981 10
291 953 449 992 operam
483 936 840 990 auctoritatemque
877 936 1032 990 [quam]
1069 936 1204 989 magni
1238 935 1434 976 aestimat.
1470 936 1532 976 Ita
1566 950 1627 975 res
1661 936 1709 976 ad
1739 937 1937 977 Fannium
1963 953 2047 991 per-

292 1012 411 1051 venit.
447 1011 487 1050 Is
520 1024 609 1049 cum
641 1008 808 1063 imperio
840 1008 883 1048 in
916 1007 1093 1049 Siciliam
1126 1007 1404 1062 praemittitur.
1440 1009 1564 1048 :5111
1599 1007 1941 1063 disputationibus
1978 1025 2047 1049 no-

291 1084 381 1124 stris
417 1097 569 1123 summa
602 1081 771 1121 varietas
805 1086 877 1121 est.
930 1081 1114 1135 Plerique
1148 1087 1297 1135 negant
1331 1081 1536 1121 Caesarem
1579 1082 1621 1122 in
1663 1082 1892 1123 conditione
1938 1097 2047 1122 man-

292 1172 440 1205 surum,
475 1154 753 1210 postulataque
788 1153 884 1194 haec
919 1152 968 1193 ab
1002 1168 1048 1193 eo
1081 1154 1316 1208 interposita
1349 1169 1447 1203 esse,
1494 1169 1571 1208 quo
1605 1155 1752 1205 minus,
1798 1154 1904 1208 quod
1946 1169 2045 1208 opus

291 1235 393 1271 esset
425 1228 474 1269 ad
508 1227 671 1277 bellum,
707 1242 728 1267 a
761 1226 877 1267 nobis
910 1232 1129 1281 pararetur.
1178 1227 1264 1280 Ego
1310 1233 1440 1267 auten}
1491 1242 1578 1267 eum
1622 1232 1718 1281 puto
1760 1228 1959 1268 facturum
2004 1234 2047 1267 ut

241 1322 267 1345 15
291 1302 485 1357 praesidia
519 1300 701 1342 deducat.
755 1300 904 1340 Vicerit
937 1300 1057 1350 enim,
1093 1300 1126 1340 si
1159 1300 1299 1340 consul
1332 1300 1461 1340 factus
1496 1301 1584 1350 erit,
1627 1307 1665 1341 et
1710 1302 1861 1342 minore
1903 1301 2046 1341 scelere

291 1376 441 1426 vicerit,
477 1390 596 1430 quam
630 1389 708 1429 quo
740 1374 944 1428 ingressus
978 1379 1052 1413 est.
1101 1373 1178 1414 Sed
1215 1373 1448 1428 accipienda
1481 1373 1598 1427 plaga
1632 1379 1704 1414 est.
1761 1376 1905 1415 Sumus
1940 1374 2045 1415 enim

291 1449 479 1503 flagitiose
513 1448 700 1503 imparati
733 1463 856 1502 quum
891 1463 913 1488 a
946 1446 1157 1496 militibus,
1191 1452 1274 1487 tum
1311 1462 1333 1486 a
1366 1446 1550 1501 pecunia,
1592 1462 1709 1500 quam
1755 1447 1917 1501 quidem
1965 1462 2046 1488 om-

289 1538 389 1571 nem,
424 1538 503 1563 11011
538 1521 656 1562 1110(10
689 1521 898 1575 privatam,
934 1535 1034 1574 quae
1069 1520 1108 1559 in
1146 1519 1242 1559 urbe
1278 1527 1350 1567 est,
1387 1519 1452 1558 sed
1489 1520 1607 1559 etiarn
1644 1519 1858 1573 publicam,
1885 1521 2044 1574 quaein

327 1696 364 1725 10
386 1696 667 1736 anctoritatemque
688 1707 776 1737 quam
801 1696 904 1733 maslai
927 1714 959 1717 —

284 1855 310 1883 is
332 1856 366 1886 in
389 1855 440 1885 vix
462 1857 582 1886 mutari
605 1857 718 1887 voluit..
749 1856 814 1887 Sed
837 1856 925 1896 quod
949 1855 1067 1886 Rosius
1090 1854 1137 1884 in-

284 1909 383 1939 5811111,
405 1908 498 1945 haud,
524 1914 554 1939 et
577 1909 704 1939 facilius
726 1909 833 1939 omitti
856 1909 960 1949 potuit
983 1914 1015 1938 et
1032 1907 1137 1947 aptius

283 1968 339 1997 est,
363 1971 464 2001 quun]
488 1962 608 1992 indicet
633 1962 815 1993 Favonium
835 1962 972 1991 0111111110
989 1961 1136 1990 auditum

284 2026 348 2045 1101}
371 2024 449 2045 esse.

324 2068 362 2097 In
387 2068 527 2099 Siciliam
550 2070 597 2099 ire
620 2079 679 2099 7207)
706 2072 804 2099 curas.
830 2068 947 2100 Postea
963 2074 1073 2099 tamen
1090 2068 1135 2098 M.

282 2121 361 2152 (¹ato
384 2122 417 2152 in
440 2123 643 2162 provinciam
665 2122 830 2163 profectus
853 2127 909 2159 est,
923 2123 979 2153 sed
992 2123 1135 2152 adventu

282 2174 434 2204 1111101115
466 2185 541 2205 cum
581 2175 685 2205 tribus
723 2175 910 2215 legionibus
945 2186 961 2204 a
998 2174 1136 2205 Caesare

280 2227 369 2257 1111551
393 2227 486 2267 fugit.
509 2229 600 2258 Caes.
628 2228 665 2258 B.
691 2227 727 2258 C.
750 2228 776 2258 Ι.
799 2228 849 2258 30.
900 2253 904 2256 .

322 2279 460 2320 Γρῃηηι]
493 2282 596 2321 mayni
625 2281 782 2311 aestimat.
818 2281 1005 2312 Particulae
1036 2291 1134 2322 qnam,

280 2333 416 2372 quamvis
439 2339 469 2364 et
491 2343 568 2364 Sane
597 2345 686 2374 quam
717 2344 794 2364 cum
823 2334 992 2364 adiectivis
1023 2339 1053 2364 et
1084 2334 1135 2363 ad·
1160 2346 1162 2349 ·

1160 2389 1271 2431 {statu
1293 2398 1428 2423 manere,
1458 2388 1544 2427 quod
1576 2387 1720 2426 ineptam
1750 2385 1948 2416 sententiam
1977 2385 2041 2415 effi-

282 2387 400 2417 verbiis
433 2388 624 2418 coniunctae
655 2398 768 2418 earum
797 2388 866 2418 vim
895 2395 1027 2427 augent.
1059 2387 1136 2417 Vid.

282 2445 405 2479 praeter
427 2440 507 2470 alios
530 2441 663 2471 Ruhnk.
687 2442 727 2471 ad
750 2441 825 2471 Ter.
848 2441 954 2471 Andr.
976 2442 1003 2471 Ι.
1022 2442 1048 2477 1,
1066 2441 1136 2473 109.

281 2492 344 2522 Sed
368 2493 535 2531 quaeritur
557 2493 697 2523 fueritne
721 2494 781 2524 1108
797 2493 1043 2524 consuetudinis
1057 2493 1134 2523 Tul-

283 2546 397 2575 1131138.
420 2546 513 2576 Licet
534 2547 691 2577 dubitare.
732 2548 805 2577 Hoc
829 2547 900 2577 loco
924 2548 1009 2578 inter
1029 2558 1087 2587 que
1108 2558 1135 2577 m

1190 1861 1307 1892 nempe
1330 1852 1452 1888 dicunt,
1477 1852 1564 1891 quod
1588 1862 1605 1882 e
1628 1854 1743 1891 neqant
1767 1852 1965 1883 eliciendum
1988 1861 2046 1883 est.

1186 1904 1376 1943 Ellipticam
1399 1904 1555 1944 loquendi
1585 1904 1747 1934 rationem
1776 1905 1875 1934 multi
1904 1904 2043 1945 explica-

1186 1963 1269 1994 runt,
1302 1958 1335 1987 in
1365 1958 1484 1997 quibus
1522 1958 1753 1994 Fritzsehium,
1784 1958 1931 1995 Quaestt.
1961 1958 2042 1988 Luc.

1185 2021 1214 2050 p.
1240 2011 1296 2040 131
1321 2020 1377 2050 sq„
1402 2010 1608 2041 Ochsnerum
1631 2011 1670 2040 ad
1693 2010 1763 2040 Ecl.
1795 2010 1884 2040 Tull.
1914 2020 1943 2050 p.
1972 2010 2042 2046 168,

1185 2067 1351 2097 Kritzium
1388 2067 1428 2096 ad
1464 2066 1531 2096 Sal.
1565 2067 1637 2105 Ing,
1670 2065 1737 2101 106,
1777 2066 1806 2095 3.
1836 2064 2041 2095 Ellendtiiun

1186 2121 1226 2151 ad
1256 2120 1324 2151 Cic.
1349 2121 1389 2150 de
1413 2118 1466 2150 Or.
1492 2120 1537 2149 II.
1567 2130 1596 2159 p.
1626 2120 1666 2148 43
1696 2129 1742 2158 sq.
1776 2118 1935 2149 indicasse
1965 2117 2042 2148 satis

1185 2174 1300 2204 habeo.

1233 2226 1270 2256 [77
1302 2226 1490 2257 conditione.
1527 2227 1634 2256 Immo
1669 2225 1700 2255 in
1734 2224 1973 2262 conditionibus,
2006 2230 2043 2254 ut

1186 2282 1286 2312 modo
1310 2283 1398 2311 stare
1411 2280 1639 2311 conditionibus
1655 2286 1687 2310 et
1701 2290 1791 2320 quum
1805 2279 1843 2309 (le
1859 2278 2043 2309 condizioni—

1185 2335 1241 2365 bus
1268 2337 1394 2374 ussaiw.
1418 2334 1456 2363 177
1480 2334 1658 2365 condilione
1680 2343 1804 2363 manere
1826 2338 1910 2364 esset
1931 2332 1964 2362 in
1986 2343 2042 2362 sm]

1185 2446 1281 2471 neret.

1226 2492 1301 2522 Eum
1315 2496 1393 2532 puto
1405 2492 1568 2532 fila-lurum
1586 2494 1617 2521 ul
1634 2510 1673 2513 —
1687 2491 1833 2521 deelmmt.
1856 2490 2041 2530 Aliquanto

1184 2547 1316 2587 gravius
1339 2548 1400 2577 hoc
1424 2552 1480 2583 est,
1505 2556 1603 2586 quam
1626 2546 1651 2575 si
1675 2545 1870 2585 scripsisset:
1890 2545 2041 2583 eumpulo

284 2597 375 2628 facile
398 2608 414 2628 e
438 2599 659 2638 geminatione
681 2600 759 2630 oriri
773 2600 888 2640 potuit.
913 2599 1020 2637 Quem
1039 2599 1135 2629 Grrae-
1159 2607 1161 2626 l
1176 2598 1343 2639 praesidia
1370 2609 1435 2629 esse
1457 2598 1671 2628 deduc-lurum.
1702 2596 1751 2627 Cf.
1780 2597 1845 2627 111.
1875 2596 1902 2633 7,
1933 2596 1952 2626 2
1981 2605 2040 2626 non

282 2654 352 2683 vius
383 2654 493 2684 laudat
522 2660 559 2684 ut
587 2654 755 2685 Ciceronis
792 2655 901 2685 locum
937 2664 979 2685 ex
1009 2664 1057 2695 ep.
1095 2655 1135 2685 ad
1159 2662 1161 2673 ³
1174 2653 1297 2693 faciam
1321 2655 1355 2681 vt
1378 2662 1547 2682 enumerem
1571 2651 1714 2681 miserias
1739 2660 1851 2680 omnes.
1875 2649 1938 2680 XI.
1954 2650 2003 2686 23,
2022 2650 2042 2680 2

283 2707 372 2737 Fam.
402 2706 465 2736 XI.
496 2707 533 2737 13
568 2708 661 2737 Bruti
691 2712 737 2737 est
766 2714 798 2738 et
837 2707 957 2738 diversi
994 2707 1135 2746 generis.
1159 2715 1161 2741 ξ

280 2761 349 2791 Att.
373 2760 470 2790 XIV.
496 2761 542 2797 19,
567 2762 582 2790 1
607 2761 663 2791 ubi
686 2762 840 2801 vulgatur
862 2772 949 2802 quam
981 2760 1056 2790 milei
1088 2760 1134 2790 iu-

1184 2717 1218 2737 eo
1242 2706 1313 2746 secz'
1350 2708 1383 2735 πῖ
1426 2705 1571 2736 celeriter
1608 2703 1695 2734 euasi
1739 2703 1880 2743 (literas)
1924 2703 2040 2733 darem.

1182 2761 1268 2791 Ibid.
1292 2762 1340 2797 15,
1367 2762 1385 2791 3
1409 2770 1467 2790 mm
1491 2760 1617 2800 faciam
1646 2761 1681 2788 vl
1711 2760 1792 2788 lmmz
1823 2757 1957 2787 animum
1987 2767 2040 2787 an-

280 2813 421 2850 czmdum,
444 2814 593 2844 Mosems
616 2814 729 2854 symb.
753 2814 833 2845 Crit.
857 2815 918 2844 VI.
947 2825 976 2855 p.
995 2815 1033 2845 10
1060 2824 1134 2845 con·
1159 2816 1160 2867 l
1182 2824 1254 2854 qam
1277 2813 1422 2855 quer-eli&
1447 2812 1683 2843 Pleonasmum
1699 2811 1907 2841 illustrarunt
1933 2809 2039 2847 multi,

282 2867 371 2897 iecit:
403 2865 552 2907 Perquam
582 2867 655 2896 mihi
684 2867 860 2904 iucundum,
891 2873 923 2898 et
960 2868 1075 2898 eodem
1098 2867 1133 2897 li·
1158 2870 1160 2887 ⁴¹

283 2920 339 2949 bro
370 2920 397 2955 9,
435 2919 454 2948 2
489 2929 547 2958 pro
578 2918 688 2959 Itaque
727 2930 815 2960 quam
852 2929 958 2950 Severe
994 2925 1135 2960 praestat

282 2972 392 3012 Itaque
421 2973 482 3001 tam
512 2981 616 3001 severe
645 2976 704 3002 cet.
736 2972 828 3002 Haec
864 2982 915 3003 me
948 2978 1134 3009 moverunt,

281 3032 314 3057 ut
340 3036 455 3056 vocem
476 3025 609 3056 dubiam
631 3026 807 3066 signarem.

323 3082 341 3121 ξ
364 3082 392 3111 3.
419 3080 563 3120 Plerique
586 3083 699 3118 nessani
719 3080 880 3110 Caesarem
898 3081 931 3111 in
945 3082 1035 3111 cond.
1050 3093 1133 3112 man-
1156 3091 1157 3116 3

281 3142 396 3170 37717777),
417 3132 636 3173 postulataque
660 3132 736 3161 haee
759 3133 795 3161 nh
818 3144 852 3162 εἰ)
872 3133 1054 3170 interposita
1070 3143 1134 3163 esse

1183 2878 1263 2907 quos
1287 2867 1367 2897 citat
1394 2866 1542 2897 Kritzius
1571 2866 1611 2895 ad
1634 2864 1702 2896 Sal.
1729 2863 1798 2895 Cat.
1813 2864 1862 2900 52,
1879 2864 1928 2894 23.
1951 2863 2039 2893 Add.

1158 2922 1160 2962 ξ
1182 2919 1346 2950 Westerh.
1370 2919 1411 2949 ad
1434 2918 1510 2948 Ter.
1532 2918 1640 2948 Andr.
1664 2916 1753 2947 Prol.
1779 2916 1827 2947 17.
1857 2915 1977 2946 Matth.
2000 2915 2040 2945 ad

1157 2973 1300 3003 JMilon.
1324 2974 1374 3003 95.
1407 2972 1483 3002 Non
1522 2971 1663 3001 multum
1699 2970 1863 3000 diversum
1895 2974 1943 2999 est
1979 2978 2039 2998 non

1157 3003 1159 3069 1
1183 3027 1370 3057 committere
1397 3028 1440 3062 ut,
1471 3025 1558 3065 quod
1582 3029 1628 3055 est
1647 3024 1731 3054 infra
1747 3023 1845 3053 VIII.
1862 3024 1888 3058 3,
1909 3022 1935 3053 7.
1960 3021 2038 3052 XV.

1184 3082 1232 3111 1l.
1258 3083 1275 3111 3
1299 3087 1331 3112 et
1353 3090 1448 3120 saepe
1471 3080 1562 3110 alias.

1224 3133 1376 3172 Imflarnli
1401 3144 1420 3162 a
1442 3132 1602 3162 militibus.
1627 3132 1704 3160 Vid.
1729 3131 1767 3159 ml
1794 3130 1817 3159 1.
1845 3130 1868 3165 l.
1894 3131 1920 3160 3.
