2117 3533
722 172 829 213 Lsss.
867 173 938 213 VI.
974 172 1057 214 ΕΡ.
1095 174 1133 211 2.
1724 167 1809 206 269

48 306 244 356 firmabat,
278 305 350 346 ubi
384 306 533 346 mentio
567 321 647 346 non
682 308 727 347 fit
759 307 942 348 istorum.
994 306 1137 360 Itaque
1182 305 1304 345 istum
1349 318 1422 358 ego
1466 303 1598 344 locum
1642 300 1811 341 totidem

50 378 178 419 verbis
213 394 234 418 a
267 377 512 418 Dicaearcho
545 378 749 418 transtuli.
786 378 1043 419 Phliasios
1076 382 1214 417 autem
1248 375 1328 415 dici
1363 375 1550 426 sciebam,
1585 379 1626 414 et
1658 374 1715 414 ita
1749 373 1810 413 fac

51 456 96 492 ut
129 451 275 491 habeas
286 469 296 501 ,-
332 466 404 491 nos
439 450 598 504 quidem
633 451 690 491 sic
723 450 931 492 habemus.
984 450 1060 491 Sed
1096 449 1224 505 primo
1258 463 1319 489 me
1353 444 1605 507 άναλογία
1649 447 1812 502 decepe-

52 529 125 574 rat,
163 521 369 578 (lihons,
409 519 606 578 '05501333
643 524 858 578 Σιποῦς,
894 523 999 577 quod
1037 518 1341 575 Ὀπούντιοι,
1378 518 1694 564 Σιπούντιοι.
1735 519 1812 560 Sed

53 597 126 637 1100
161 596 352 636 continuo
386 597 642 637 correximus.
681 599 720 637 4.
746 597 906 637 Laetari
939 602 979 637 te
1013 600 1149 637 nostra
1183 594 1455 636 moderatione
1489 599 1529 634 et
1563 593 1813 635 continentia
1853 604 1866 626 5

53 670 181 710 video.
225 670 326 710 Tum
359 670 400 710 id
434 670 560 724 magis
594 670 756 720 faceres,
793 671 826 712 si
860 670 1029 712 adesses,
1074 671 1208 724 Atque
1246 668 1321 709 hoc
1366 668 1464 718 foro,
1510 667 1616 721 quod
1658 667 1721 721 egi
1767 681 1814 707 ex

54 742 195 783 Idibus
231 742 347 783 Febr.
382 743 602 784 Laodiceae
638 744 687 784 ad
722 744 896 785 Kalend.
934 744 1032 784 Mai.
1068 743 1248 783 omnium
1283 741 1527 782 dioecesium
1561 745 1715 795 praeter
1750 740 1815 780 Ci-

53 816 181 865 liciae,
217 815 415 856 mirabilia
449 816 643 870 quaedam
677 817 900 858 effecimus:
937 817 994 857 ita
1027 816 1177 856 multae
1211 815 1394 855 civitates
1429 814 1539 854 omni
1573 828 1660 854 aere
1685 813 1815 853 alieno

52 889 256 939 liberatae,
291 889 439 930 multae
476 890 587 930 valde
622 890 774 931 levatae
811 896 925 940 sunt3
961 904 1097 930 omnes
1133 889 1214 929 suis
1246 887 1404 942 legibus
1439 893 1480 927 et
1511 885 1674 927 iudiciis
1706 900 1814 934 usae,

54 961 369 1016 αὐτονομίαν
401 961 581 1016 adeptae,
616 963 861 1003 revixerunt.
918 962 996 1002 His
1030 976 1103 1016 ego
1137 959 1294 1001 duobus
1327 959 1544 1014 generibus
1585 959 1817 1000 facultatem
1839 974 1873 998 10

54 1033 101 1073 ad
137 1049 176 1074 se
211 1050 298 1075 aere
334 1034 462 1075 alieno
497 1034 724 1075 liberandas
759 1040 829 1075 aut
863 1034 1052 1075 levandas
1086 1033 1200 1084 dedi;
1248 1048 1342 1083 uno,
1389 1033 1495 1087 quod
1530 1033 1694 1073 omnino
1728 1032 1817 1072 nul-

53 1106 114 1146 lus
147 1107 312 1161 imperio
347 1122 433 1147 meo
468 1114 651 1162 sumptus
685 1107 814 1148 factus
849 1112 909 1148 est
945 1132 1001 1136 ——
1037 1106 1194 1147 nullum
1229 1121 1354 1159 quum
1400 1105 1505 1156 dico,
1551 1121 1633 1146 non
1678 1105 1818 1159 loquor

53 1176 394 1237 ὑπερβολικῶς
429 1205 485 1208 ——
520 1179 671 1230 nullus,
706 1181 885 1235 inquam,
921 1196 970 1221 ne
1003 1180 1211 1220 teruncius
1247 1179 1424 1234 quidem.
1484 1180 1571 1220 Hac
1612 1183 1745 1220 autem
1779 1194 1818 1219 re

54 1251 287 1293 incredibile
321 1261 381 1293 est
415 1259 610 1307 quantum
642 1253 824 1293 civitates
848 1253 1095 1293 emerserint.
1134 1255 1173 1292 5.
1200 1252 1380 1293 Accessit
1404 1252 1540 1293 altera.
1576 1252 1681 1293 Mira
1706 1256 1821 1292 erant

53 1325 94 1364 111
128 1325 359 1366 civitatibus
400 1327 577 1381 ipsorum
623 1326 729 1366 furta
774 1327 1033 1375 Graecorum,
1078 1341 1179 1380 quae
1224 1326 1482 1380 magistratus
1524 1326 1585 1366 sui
1630 1326 1819 1366 fecerant.
1840 1336 1874 1360 15

48 1398 239 1449 Quaesivi
274 1399 359 1452 ipse
397 1397 445 1438 de
480 1399 544 1448 iis,
581 1398 650 1452 qui
695 1399 811 1439 annis
857 1398 993 1439 decem
1040 1398 1231 1452 proximis
1276 1398 1555 1452 magistratum
1600 1402 1819 1452 gesserant.

49 1473 196 1525 Aperte
232 1470 477 1512 fatebantur.
524 1471 666 1525 Itaque
702 1471 786 1511 sine
820 1471 903 1511 ulla
937 1470 1159 1525 ignominia
1194 1470 1276 1510 suis
1311 1470 1488 1511 humeris
1524 1471 1717 1525 pecunias
1752 1487 1819 1525 po-

47 1543 153 1598 pulis
186 1544 423 1585 retulerunt.
475 1544 621 1599 Populi
656 1550 789 1585 autem
823 1545 934 1585 nullo
968 1545 1122 1599 gemitu
1156 1543 1398 1599 publicanis,
1442 1544 1589 1598 quibus
1624 1544 1700 1585 hoc
1732 1545 1819 1599 ipso

48 1617 172 1657 lustro
205 1617 309 1658 nihil
343 1617 556 1667 solverant,
592 1617 712 1657 etiam
747 1617 962 1672 superioris
995 1617 1114 1657 lustri
1149 1615 1424 1657 reddiderunt.
1465 1617 1609 1670 Itaque
1638 1616 1816 1671 publica-

48 1691 111 1732 nis
144 1692 187 1731 in
222 1691 348 1732 oculis
382 1705 535 1732 sumus.
593 1691 744 1741 Gratis,
779 1691 928 1745 inquis,
976 1691 1093 1732 viris!
1147 1690 1367 1731 Sensimus.
1413 1690 1500 1730 Iam
1544 1694 1677 1730 cetera
1720 1690 1820 1731 iuris
1838 1705 1874 1730 ρο

49 1763 172 1804 dictio
205 1779 278 1804 nec
312 1763 496 1819 imperita
532 1768 572 1804 et
605 1763 777 1805 clemens
812 1779 902 1804 cum
950 1763 1179 1805 admirabili
1226 1763 1434 1804 facilitate.
1491 1763 1639 1804 Aditus
1684 1769 1816 1804 autem

92 1927 131 1958 12
153 1927 260 1958 nullus
280 1927 315 1957 in
337 1926 465 1967 imperio
487 1944 528 1950 ——
550 1927 588 1958 21
612 1926 764 1967 impedita
786 1945 826 1948 —

91 2085 261 2116 Phliasios.
296 2086 337 2116 In
360 2086 471 2117 codice
494 2086 649 2126 rescripto
672 2086 707 2115 ll.
736 2086 776 2116 (10
806 2084 911 2125 Repb.

50 2140 98 2170 ΙΙ.
120 2142 141 2170 4
162 2140 328 2177 mendum,
353 2150 371 2170 a
399 2139 558 2171 Cicerone
587 2140 641 2170 hic
672 2144 831 2176 notatum,
865 2148 912 2169 re-

49 2194 182 2224 mansit.
203 2194 314 2224 Habet
337 2194 426 2224 euim
448 2193 639 2223 Phliuntios.

93 2249 161 2287 54,
191 2247 317 2278 Duobus
347 2247 512 2288 qenerz'bus
547 2258 579 2277 o:
618 2247 742 2287 duplici
774 2246 911 2277 ratione.

51 2301 99 2333 Cf.
122 2302 148 2332 Ι.
173 2301 209 2332 F.
232 2302 424 2341 Heusinger
447 2302 487 2331 ad
510 2300 578 2332 Cic.
602 2299 665 2331 Off.
688 2300 734 2330 ΙΙ.
758 2301 786 2336 3,
801 2301 830 2336 4,
851 2309 911 2329 nos

51 2356 92 2386 ad
114 2355 176 2386 IV.
199 2356 227 2392 2,
252 2354 281 2387 7.
306 2355 391 2385 Mox
415 2365 519 2395 quum
541 2359 747 2394 exspectares
771 2353 911 2383 Accessit

50 2409 185 2440 alterum
209 2409 353 2450 (genus),
378 2409 560 2439 orationem
576 2408 724 2445 variavit,
736 2407 912 2447 respiciens

51 2464 92 2494 ad
122 2473 211 2494 vocc.
242 2463 302 2493 hae
334 2474 377 2500 re,
408 2472 492 2503 quae
522 2463 674 2503 proxime
702 2461 912 2502 praecedunt,
935 2483 936 2489 ,

52 2517 246 2558 scripsitque
268 2517 342 2547 Ace.
365 2518 480 2547 altera.
504 2535 546 2538 —
567 2516 691 2547 Moseri
721 2516 755 2546 in
785 2515 837 2545 his
866 2524 912 2545 re-

51 2572 217 2612 fingendis
240 2572 409 2603 licentiam
444 2581 512 2602 non
540 2571 650 2601 laudo.
695 2571 728 2601 Is
759 2569 849 2600 enini
877 2569 912 2599 in
935 2605 936 2609 ¹

53 2624 166 2665 Symh.
190 2624 268 2656 Crit.
292 2624 386 2665 Spec.
409 2624 452 2654 V.
470 2634 499 2664 p.
517 2624 535 2653 6
549 2623 791 2654 restituendum
805 2626 911 2662 put-at:

53 2678 115 2708 His
139 2688 192 2719 eqo
214 2678 334 2708 duabus
355 2677 474 2718 quidem
488 2676 662 2708 rationibus
666 2676 859 2716 facultatem
875 2693 914 2697 —

53 2732 145 2762 decli:
167 2742 243 2769 una,
274 2731 357 2773 quod
378 2750 428 2762 —.
465 2731 591 2762 Mirum
619 2731 726 2762 eidem
756 2740 823 2761 non
851 2730 913 2760 dis-

54 2836 179 2867 neribus
207 2836 389 2868 edicendum
416 2836 539 2875 putavi,
575 2845 659 2876 quae
694 2836 795 2866 verba
828 2834 914 2865 nihil

52 2890 85 2921 h.
110 2891 132 2921 1.
154 2891 351 2921 mutandum
373 2899 443 2920 esse
465 2894 619 2929 arguunt.

95 2945 212 2976 Nullas
232 2945 359 2986 imperio
383 2955 445 2975 meo
467 2946 605 2984 sumptus
623 2944 737 2985 flectus
765 2946 822 2974 est.
858 2944 915 2975 Ni-

55 2999 118 3030 mis
140 3000 302 3040 patienter
324 2999 518 3039 interpretes
543 2997 575 3027 in
606 2997 733 3038 imperio
759 2998 914 3028 tulerunt.

960 2085 1114 2122 tulerunt,
1138 2086 1231 2116 nulla
1252 2086 1285 2116 vi
1308 2087 1422 2117 coacti.
1446 2086 1597 2117 Conferri
1620 2093 1757 2127 possunt
1780 2087 1818 2117 si-

959 2140 1054 2170 miles
1077 2140 1269 2176 locutiones,
1295 2140 1420 2170 comitia
1443 2145 1474 2171 et
1497 2141 1607 2181 rempb.
1630 2141 1695 2170 sais
1717 2141 1817 2170 hvme-

959 2191 1002 2221 ris
1024 2192 1178 2221 sustinere
1200 2192 1234 2222 in
1258 2192 1376 2222 Milon.
1400 2193 1449 2223 25.
1473 2192 1581 2223 Flacc.
1606 2194 1654 2224 94.

1001 2243 1104 2274 Elium
1127 2244 1297 2284 superiori-5
1319 2245 1416 2275 lustri
1434 2245 1651 2276 reddiderunt.
1675 2246 1818 2286 Egregie

959 2297 1216 2337 Wesenbergius
1238 2298 1379 2328 Emend.
1400 2309 1431 2338 p.
1455 2299 1515 2329 110
1537 2300 1612 2330 adn.
1645 2304 1720 2330 ante
1749 2300 1818 2329 red-

959 2350 1107 2381 diderunt
1141 2351 1280 2381 inseruit
1315 2350 1447 2391 reliqua,
1483 2352 1612 2382 collatis
1648 2352 1696 2389 iis,
1734 2362 1818 2393 quae

960 2405 1074 2435 eodeni
1097 2410 1243 2444 tempore
1265 2404 1305 2435 de
1335 2405 1449 2435 eadem
1479 2414 1513 2435 re
1542 2405 1671 2446 scripsit
1700 2406 1741 2436 ad
1770 2406 1817 2436 M.

960 2456 1120 2494 Caelium,
1143 2457 1235 2489 Fam.
1258 2459 1304 2488 Π.
1330 2458 1377 2495 13,
1402 2460 1429 2495 3,
1450 2458 1629 2498 publicanis
1652 2459 1747 2489 etiam
1769 2470 1818 2489 su-

951 2511 1089 2551 perioris
1111 2512 1204 2541 lustri
1227 2511 1349 2553 reliqua
1369 2511 1438 2542 sine
1467 2513 1617 2543 sociorum
1652 2513 1719 2543 ulla
1749 2522 1818 2554 que-

958 2565 1028 2595 rela
1050 2575 1278 2596 conservarunt.

1002 2617 1042 2648 In
1060 2619 1157 2648 oeulis
1172 2629 1277 2649 sumus
1291 2630 1325 2650 οε
1342 2620 1502 2650 carissimi
1516 2630 1638 2651 sumus.
1655 2620 1705 2651 Cf.
1720 2621 1817 2651 Tusc.

960 2671 1006 2701 ΙΙ.
1041 2671 1089 2702 63.
1120 2670 1283 2703 Similiter
1311 2673 1464 2704 dicebant
1493 2673 1626 2714 aliquem
1656 2674 1689 2704 in
1719 2675 1818 2705 oculis

934 2718 936 2760 ἓ
950 2726 1053 2766 ferre.
1091 2727 1180 2758 Phil.
1209 2728 1270 2759 VI.
1306 2730 1335 2759 4.
1366 2728 1406 2767 Q.
1442 2729 1480 2759 fr.
1513 2730 1578 2760 111.
1610 2730 1636 2767 1,
1667 2731 1695 2760 9.
1724 2730 1818 2762 Fam.

53 2785 217 2825 plicuisse‚
241 2785 329 2825 quod
351 2794 400 2825 ep.
424 2794 494 2824 sup.
524 2785 542 2823 ξ
571 2785 609 2814 15
643 2789 692 2814 est
721 2783 838 2813 duobus
862 2786 936 2822 ‘qest

960 2781 1059 2812 XVI.
1082 2781 1130 2819 27,
1155 2782 1183 2819 2,
1210 2782 1266 2812 ubi
1289 2783 1488 2823 praepositio
1508 2784 1642 2814 excidit.

1003 2834 1122 2872 Gratis,
1144 2834 1255 2876 z'nqm'S,
1279 2835 1367 2866 viris.
1399 2836 1530 2867 Ironice
1559 2838 1695 2868 dietum.
1732 2839 1818 2870 Atti-

960 2898 1015 2918 cus
1038 2888 1186 2919 volebat:
1212 2889 1298 2920 male
1322 2890 1519 2920 beneficium
1541 2891 1710 2921 colloca-sti
1733 2892 1819 2931 apud

960 2952 1025 2979 eos.
1053 2942 1191 2973 Fatetur
1214 2942 1329 2974 Cicero
1353 2944 1574 2984 subiungens:
1604 2945 1755 2975 sensimus
1784 2955 1817 2975 o:

959 2995 1086 3036 experti
1108 3005 1231 3033 sumus,
1255 3005 1358 3036 quum
1380 3006 1433 3027 me
1455 2997 1675 3028 destituerunt
1698 2997 1732 3028 in
1752 3007 1818 3028 cer-

55 3053 247 3095 Requiritur
268 3054 321 3084 vel
344 3053 483 3089 dativus,
515 3061 614 3092 quem
637 3052 774 3089 restitui,
798 3052 851 3082 vel
881 3052 913 3082 in
934 3057 936 3072 ¹
959 3050 1082 3080 tamine
1105 3060 1181 3080 cum
1204 3050 1240 3080 P.
1267 3050 1393 3082 Clodio.

54 3106 214 3147 imperium
238 3117 344 3138 meum.
370 3106 420 3138 Cf.
444 3106 486 3136 V.
511 3106 560 3143 21,
585 3108 613 3136 5.

99 3162 117 3201 ξ
143 3164 171 3192 5.
194 3161 264 3192 Suis
287 3161 421 3193 lmmeris
444 3180 483 3183 -—
507 3161 683 3192 retulerunt
712 3170 744 3191 o:
778 3160 838 3200 ipsi
868 3169 913 3191 re-

1000 3103 1069 3134 Iam
1106 3106 1212 3134 cetera
1247 3103 1428 3134 iurisdictio
1463 3109 1524 3136 eet.
1559 3103 1815 3146 Obtemperabat

957 3157 1146 3197 praeceptis,
1180 3166 1262 3197 quae
1292 3156 1373 3188 olim
1403 3158 1537 3190 dederat
1569 3156 1696 3197 Quinto
1726 3158 1817 3190 fratri
