2117 3533
286 175 372 214 264«

682 170 765 210 ΕΡ.
800 169 876 208 AD
908 168 955 207 Τ.
989 167 1338 209 POMPONIUM
1370 168 1633 209 ATTIOUM.

282 307 379 347 bito.
424 306 648 347 Literarum
682 303 864 342 datarum
900 302 1013 356 (dies)
1046 302 1174 357 pridie
1208 302 1301 344 Kal.
1334 303 1495 344 Ianuar.
1530 318 1691 357 suavem
1732 305 1874 348 habuit
1906 323 2032 349 recor-

281 380 479 420 dationem
516 375 723 417 clarissimi
756 375 855 415 iuris
888 374 1062 426 iurandi,
1105 375 1212 430 quod
1246 391 1319 430 ego
1358 391 1438 416 non
1482 392 1588 417 eram
1632 377 1804 429 oblitus3
1856 381 2031 435 Magnus

280 451 384 492 enim
428 454 700 505 praetextatus
741 448 809 489 illo
852 448 915 489 dic
961 448 1034 489 fui.
1090 448 1228 489 Habes
1270 449 1320 490 ad
1361 450 1508 499 omnia,
1561 465 1655 501 non,
1709 456 1755 492 ut
1805 453 2030 507 postulasti,

277 521 465 582 χρύσεα
498 519 766 579 χαλκείων,
803 521 870 562 5οἃ
915 521 1025 575 paria
1068 521 1232 576 paribus
1280 522 1609 577 [respondimus]
1657 524 1727 564 23.
1762 524 1865 566 Ecce
1899 531 2031 567 autem

241 607 257 633 ε
278 597 353 637 alia
395 595 541 651 pusilla
574 595 755 650 epistola,
791 609 909 648 quam
942 609 1024 635 non
1057 595 1279 649 relinquam
1315 593 1746 650 α’ναντιφώνητον.

1810 598 1918 639 Βο110
1952 614 2031 640 1110·

276 667 435 709 hercule
468 668 602 722 potuit
633 667 830 708 Lucceius
879 666 1165 718 Tusculanum,
1211 667 1288 708 nisi
1336 667 1436 708 forte
1471 693 1528 697 —-
1564 668 1664 709 solet
1706 669 1814 710 enim
1848 695 1904 699 ——
1939 685 2030 711 cum

276 755 347 781 suo
379 739 566 790 tibicine3
601 744 641 779 et
674 739 791 780 velim
826 739 939 790 scire,
961 739 1030 793 qui
1055 739 1107 780 sit
1130 744 1257 781 status
1281 740 1380 781 01115.
1415 740 1634 782 Lentulum
1663 742 1825 796 quidem
1848 747 2030 785 nostrum

317 915 332 945 1
357 915 504 946 datarum
522 915 608 956 prid.
632 915 706 946 Kal.
728 932 770 937 —
792 916 811 945 2
833 925 962 957 maenus
983 933 1025 939 —-
1046 916 1066 944 4
1087 914 1300 955 respondimus
1329 925 1394 946 non
1431 922 1628 957 suspectum.
1651 935 1692 939 ——
1713 917 1730 950 7
1753 918 1821 959 quis
1849 918 1892 948 sit
1915 937 1955 942 —
1978 929 2030 950 no-

273 970 371 999 strum
386 978 468 1008 prae
490 979 524 999 re
550 968 756 999 Tusculanum
777 985 819 990 —-

271 1127 290 1156 2
312 1126 425 1157 Attico
447 1126 574 1158 scribit:
605 1126 752 1157 Filiolam
781 1128 864 1156 tuam
888 1145 929 1149 —
943 1136 1033 1167 quam
1053 1137 1129 1157 nun-

270 1190 360 1220 quam
389 1179 464 1217 vidi,
492 1190 570 1211 amo.
614 1180 705 1220 Ergo
734 1190 800 1211 non
839 1180 946 1220 magis
968 1181 1027 1210 illa
1049 1181 1128 1211 Tul-

270 1232 351 1263 lium
386 1233 524 1264 viderat.
555 1233 728 1263 Vocabula
755 1232 817 1262 iam
840 1231 964 1272 pridem
999 1233 1128 1270 seclusi,

270 1288 358 1326 quod
380 1297 454 1317 011111
476 1297 629 1328 nunquam
652 1287 744 1317 nulla
767 1286 893 1317 ratione
915 1287 1129 1317 conveniunt.

269 1339 306 1370 Si
318 1339 449 1370 Tullius
464 1340 609 1380 puellam
623 1340 768 1380 primum
784 1339 920 1376 videret,
941 1344 1013 1380 apte
1028 1339 1128 1370 dixis-

269 1398 333 1423 set:
370 1403 436 1423 eam
458 1392 584 1432 pridem
614 1403 770 1433 nunquam
799 1392 874 1423 vicli.
910 1392 1063 1424 Fortasse
1091 1393 1127 1424 li-

269 1447 405 1483 brarius,
429 1456 556 1477 memor
578 1456 701 1483 eorum,
726 1455 809 1486 quae
833 1446 875 1476 V.
908 1447 956 1483 19,
991 1447 1010 1477 2
1041 1447 1127 1487 lege-

268 1504 327 1536 rat,
358 1499 393 1529 in
430 1499 579 1539 margine
615 1499 801 1530 adnotavit:
836 1498 896 1529 iam
919 1499 1054 1539 pridem,
1089 1510 1127 1531 eo

267 1552 366 1581 niodo
389 1551 537 1582 indicans
559 1551 593 1581 id
615 1551 682 1581 iam
704 1556 801 1582 antea
823 1551 947 1582 dictum
971 1562 1050 1583 esse.

310 1604 485 1635 Lilemrum
499 1604 645 1635 datarum
672 1603 769 1643 (dies)
782 1604 889 1644 pridie
903 1604 978 1635 Kal.
991 1605 1126 1635 Ianuar.

266 1659 438 1699 Temporis
461 1659 655 1695 notationes,
688 1659 787 1689 etiam
817 1668 901 1699 quae
932 1660 1078 1699 pendent
1108 1669 1126 1690 a

266 1711 560 1751 ]·›rae1›ositionibus
590 1722 637 1747 es,
668 1711 711 1747 in,
744 1710 796 1747 ad,
832 1711 1036 1742 substantive
1072 1722 1126 1752 po-

266 1770 391 1795 nuntur
413 1771 445 1796 et
467 1765 650 1795 subiectum
673 1765 856 1796 sententiae
879 1774 948 1796 0550
980 1771 1124 1806 possunt.

265 1820 380 1859 Itaque
403 1824 489 1850 recte
512 1819 652 1849 dixeris:
671 1818 778 1858 pridie
802 1819 878 1849 Kal.
902 1818 973 1850 Ian.
1001 1830 1123 1850 suavem

265 1871 373 1901 habuit
395 1871 661 1906 recorclationem;
686 1872 741 1902 sed
765 1881 831 1901 11011
855 1876 959 1911 potest
989 1872 1125 1913 adiungi

265 1924 432 1963 genitivus
467 1924 630 1954 litei-arma
663 1923 819 1960 (lasarum,
851 1929 887 1954 ut
926 1931 1014 1955 certo
1051 1925 1124 1956 scri-

266 1978 409 2007 bendum
432 1984 480 2008 est
502 1987 561 2017 pro
584 1977 665 2008 vitio
695 1978 764 2007 cod.
796 1977 884 2008 Med.
914 1977 1041 2008 literam
1071 1978 1124 2008 da-

264 2032 365 2060 lmas.
387 2030 524 2061 Adscivi
548 2040 565 2061 e
588 2030 667 2061 folio
691 2030 821 2067 codicis,
846 2040 943 2070 quem
967 2031 1009 2061 L.
1023 2031 1124 2072 Spen-

265 2084 371 2123 gelius
402 2084 532 2115 saeculo
560 2083 633 2114 XII
665 2084 788 2120 tribuit,
820 2088 851 2114 et
889 2084 982 2114 cuius
1018 2085 1124 2115 varias

264 2137 438 2177 scripturas
468 2137 507 2167 ad
539 2146 588 2177 ep.
620 2137 634 2166 1
668 2142 699 2166 ct
728 2138 746 2165 3
774 2136 806 2165 h.
837 2137 857 2166 1.
889 2136 1058 2177 descripsit
1090 2137 1122 2167 in

265 2190 477 2221 1·clatt.doct.
508 2190 639 2220 Monac.
671 2190 760 2226 1846,
790 2200 820 2230 p.
856 2190 924 2220 926·
946 2200 1002 2230 sq„
1036 2191 1124 2230 quod

265 2244 426 2274 sententia
453 2243 631 2283 flagitabat,
662 2242 738 2273 dies.
773 2243 845 2273 Iam
874 2243 985 2273 omnia
1015 2243 1123 2283 plana.

266 2297 440 2327 Lilt’rarum
462 2307 481 2325 a
505 2300 536 2326 le
558 2297 703 2326 (saiwam
734 2296 811 2332 (lies,
843 2296 897 2336 qui
927 2301 994 2327 erat
1016 2296 1125 2336 pridie

266 2349 337 2379 Kal.
362 2348 433 2378 Ian.
456 2367 496 2371 ——
518 2348 625 2378 habui!
648 2354 707 2379 cet.

310 2403 484 2434 Clarissimi
505 2403 725 2434 iurisiurandi.
749 2404 797 2435 Cf.
821 2404 913 2435 Fam.
938 2405 979 2435 V.
1002 2406 1030 2442 2,
1047 2405 1073 2441 7,.
1092 2406 1124 2435 111

268 2457 334 2487 Pis.
358 2458 393 2487 ὃς
418 2457 481 2495 Εφ)
502 2468 589 2497 quum
607 2457 639 2486 iu
655 2457 796 2487 corilione
810 2457 918 2487 (chiens
935 2458 1125 2498 ttzlcyistralic

265 2510 368 2539 (licere
389 2521 409 2539 α.
433 2510 554 2540 ίνὶόιωιο
571 2510 674 2549 plebis
689 2510 881 2550 prohiberer,
906 2521 984 2552 qicae
1013 2514 1125 2541 consfi-

265 2566 394 2599 (aeram,
417 2573 564 2603 quumque
587 2563 613 2592 is
637 2563 711 2592 mihi
734 2564 952 2599 ltmlummodo‚
978 2567 1010 2593 zat
1040 2565 1124 2594 iura-

266 2627 337 2653 sem,
368 2617 575 2656 perusiam-el,
601 2616 669 2646 sisae
700 2617 765 2646 vlla
796 2617 990 2648 dubitatione
1018 2619 1122 2648 iuravi

267 2669 491 2709 rempublicam
506 2671 598 2709 atque
621 2669 702 2698 ham·
724 2669 824 2699 urbem
845 2680 911 2699 mea
926 2670 1017 2700 unius
1030 2681 1122 2711 opera

267 2732 333 2752 esse
355 2722 486 2752 salvam.

312 2774 442 2814 Jlagsnus
475 2774 553 2803 enim
578 2776 803 2814 praeter-lalus
835 2775 890 2804 illo
921 2775 971 2805 die
1000 2776 1055 2815 sui
1087 2786 1120 2806 o:

266 2828 324 2857 1110
346 2828 398 2858 die
412 2827 459 2857 fui
478 2827 655 2866 Pompeius
672 2833 812 2867 togatus.
835 2828 1013 2868 Pompeius
1028 2839 1121 2869 saepe

264 2880 462 2919 cognomine
485 2879 554 2909 solo
578 2879 769 2919 appellatur.
802 2880 878 2910 Vid.
902 2881 928 2910 Ι.
955 2880 1002 2918 16,
1028 2881 1064 2910 11
1090 2888 1122 2912 01

268 2933 315 2963 12.
339 2933 387 2969 20,
404 2935 433 2963 5.
456 2933 559 2969 1113,
575 2933 602 2962 2.
630 2933 677 2969 19,
693 2934 721 2962 3.
746 2933 846 2963 Arch.
861 2934 909 2963 24.
934 2934 1014 2974 Leg.
1031 2935 1076 2964 II.
1093 2935 1120 2965 6.

268 2987 380 3025 Vulgo
403 2987 510 3026 inepte
545 2996 672 3025 »laques
703 2997 760 3026 pro
783 2987 944 3017 adiectivo
974 2988 1119 3025 habetur,

268 3049 422 3081 tauquam
445 3042 472 3071 si
488 3044 711 3081 praetesmitta-
734 3052 790 3082 per
813 3052 845 3073 50
875 3044 1045 3074 consulem
1074 3045 1121 3074 in-

267 3094 372 3124 dit-arc
396 3095 502 3133 1105511.

313 3145 574 3186 ;]1“ιιηισηίίῖπιυκζ.
613 3148 699 3184 Quid
732 3148 767 3176 >it
798 3148 889 3185 paria
916 3148 1045 3187 pas-ebes

1173 1128 1323 1168 spondere
1346 1129 1466 1160 nescio.
1501 1128 1628 1160 Seclusi
1651 1130 1861 1167 vocabulum,
1883 1131 1970 1171 quod
1993 1131 2032 1162 ad

1173 1182 1370 1213 sententiam
1393 1182 1531 1213 minime
1554 1183 1766 1214 desideratur.

1215 1235 1233 1275 ξ
1256 1235 1306 1265 23.
1336 1234 1423 1265 Bene
1445 1235 1618 1265 mehercule
1641 1254 1681 1258 —
1702 1237 1806 1266 slatus
1830 1235 1906 1266 eius.
1945 1236 2031 1267 Luc-

1172 1287 1260 1318 ceius
1285 1291 1377 1318 tanto
1400 1297 1473 1319 aere
1497 1287 1607 1319 alieno
1638 1288 1856 1328 premebatur,
1887 1292 1923 1318 ut
1952 1288 2032 1319 Tus-

1172 1343 1328 1373 culanum
1351 1353 1447 1374 suum
1471 1343 1527 1383 (cf.
1548 1342 1642 1374 Fam.
1674 1343 1716 1374 V.
1746 1344 1795 1380 15,
1827 1344 1860 1383 2)
1889 1345 2031 1376 vendere

1171 1397 1314 1428 deberet.
1337 1396 1412 1427 Hoc
1435 1404 1545 1437 aperte
1568 1401 1735 1434 narratur;
1760 1397 1845 1428 illud
1858 1397 2030 1434 incertum,

1171 1450 1227 1490 qui
1251 1450 1350 1481 verba
1371 1450 1438 1481 sint
1460 1450 1662 1490 corrigenda.
1686 1450 1752 1482 Pro
1767 1450 1873 1491 potuit
1889 1450 2032 1483 Orellius

1170 1503 1312 1534 coniecit
1330 1503 1446 1543 posuit.
1483 1503 1671 1540 Probarem,
1695 1504 1722 1535 si
1752 1504 1892 1535 alterum
1923 1514 2031 1535 exem-

1170 1557 1263 1597 plum
1285 1557 1367 1587 mihi
1391 1557 1523 1588 daretur
1544 1558 1684 1588 verbum
1699 1567 1820 1598 ponere
1847 1558 1933 1588 hanc
1962 1559 2030 1589 vim

1169 1613 1301 1649 habere,
1325 1622 1389 1652 qua
1413 1623 1472 1643 1105
1495 1613 1635 1644 dicimus
1651 1614 1803 1653 plaatsen
1827 1624 1885 1654 pro
1907 1616 2031 1646 ver-hoo·

1163 1677 1238 1706 pen.
1261 1666 1406 1697 Facilius
1429 1668 1607 1698 concedam
1630 1667 1821 1699 Bentivolio
1841 1670 2031 1700 emendanti

1165 1719 1339 1758 proposuit,
1363 1719 1396 1750 id
1419 1719 1483 1750 dici
1506 1731 1564 1760 pro
1588 1720 1704 1751 venale
1727 1720 1843 1760 posuit,
1874 1721 2029 1761 proscrip-

1172 1772 1223 1802 sit.
1246 1771 1313 1810 Qui
1337 1773 1474 1803 verbum
1491 1773 1596 1812 potuit
1613 1773 1804 1810 defendunt,
1823 1774 1954 1814 ellipsin
1970 1779 2029 1805 sta-

1171 1830 1269 1856 tuunt
1291 1826 1449 1857 infinitivi
1471 1827 1613 1864 vendere,
1636 1828 1723 1867 quod
1757 1833 1823 1858 tam
1852 1828 2029 1859 absurdum

1171 1883 1220 1909 est
1242 1888 1341 1918 quani
1364 1888 1443 1918 quas
1467 1883 1615 1910 statuunt
1638 1879 1768 1920 ellipses
1792 1880 1826 1910 in
1844 1880 1952 1911 verbis
1967 1880 2029 1910 m'si

1161 1929 1252 1970 forle
1275 1935 1306 1961 et
1333 1930 1412 1961 solet
1442 1931 1532 1961 enim.
1576 1932 1652 1962 Non
1676 1932 1837 1962 minorem
1860 1932 2029 1963 difficulta-

1170 1987 1236 2012 tem
1259 1987 1369 2013 creant
1392 1983 1490 2013 verba
1515 1993 1579 2013 eum
1603 1994 1658 2014 sico
1687 1983 1825 2014 tibicine.
1859 1985 2029 2016 Manutius

1170 2036 1209 2066 de
1233 2045 1327 2066 servo
1349 2036 1493 2072 Lucceii,
1517 2036 1572 2076 qui
1589 2036 1667 2067 tibia
1682 2037 1828 2073 canebat,
1844 2047 2029 2068 sermonem

1171 2099 1239 2120 0550
1273 2090 1415 2129 putabat,
1452 2090 1578 2129 Popma
1616 2091 1655 2120 ad
1694 2090 1888 2131 Pompeium
1921 2091 2028 2128 refert,

1171 2144 1365 2174 Tunstallus
1389 2144 1429 2174 ad
1449 2144 1590 2174 alterum
1612 2144 1793 2175 Lucceium
1816 2145 1862 2175 M.
1894 2144 1943 2181 F„
1972 2145 2028 2185 qui

1170 2196 1211 2234 Q.
1235 2197 1341 2227 filium
1364 2197 1604 2227 sustentaverit.
1638 2197 1729 2228 Nihil
1756 2198 1833 2228 boni
1856 2198 1889 2228 in
1914 2198 1964 2228 his
1984 2198 2029 2227 vi-

1170 2250 1240 2279 deo.
1272 2250 1469 2280 Adscribam
1500 2250 1618 2286 locuni,
1650 2256 1686 2280 ut
1724 2250 1805 2280 mihi
1837 2250 2028 2281 scribendus

1171 2303 1317 2334 videtur:
1346 2304 1461 2334 “Bene
1486 2304 1672 2334 mehercule
1692 2304 1852 2344 proposuit
1870 2304 2029 2335 Lucceius

1171 2357 1407 2394 Tusculanum,
1432 2358 1495 2388 nisi
1517 2357 1599 2388 forte
1623 2357 1708 2387 dolet
1731 2358 1768 2394 ei,
1794 2358 1880 2397 quod
1903 2368 1963 2388 suo
1987 2358 2024 2388 ti-

1171 2411 1279 2441 bicine
1303 2410 1412 2450 eyebit.
1438 2411 1551 2441 Velini
1574 2411 1665 2447 scire,
1688 2411 1741 2451 qm*
1763 2410 1795 2446 (e
1810 2411 1907 2441 scidis
1924 2410 2024 2451 Spen-

1171 2463 1259 2502 gelii,
1283 2463 1350 2503 qvis
1374 2463 1407 2493 in
1430 2464 1535 2502 Med.)
1560 2463 1600 2493 sit
1630 2468 1732 2493 status
1767 2463 1870 2493 eiusf'
1914 2463 2025 2493 Minus

1169 2516 1249 2545 haec
1274 2516 1428 2546 recedunt
1452 2526 1469 2545 a
1493 2515 1650 2555 scriptura
1675 2515 1720 2552 ll.,
1743 2526 1840 2555 quain
1864 2516 2025 2546 videntur.

1170 2567 1256 2597 Nam
1280 2567 1309 2596 ei
1331 2573 1363 2597 et
1386 2571 1446 2603 eni,
1469 2566 1550 2607 quod
1571 2572 1601 2597 et
1624 2577 1720 2607 quom,
1745 2577 1809 2596 Cum
1835 2567 1928 2598 facile
1958 2576 2026 2607 pel·-

1170 2624 1348 2650 mutantur.
1372 2619 1559 2650 'ribicinem
1581 2619 1645 2649 dici
1669 2624 1746 2659 puto
1769 2625 1805 2650 ut
1838 2620 1871 2650 in
1902 2619 2024 2651 Catulli

1169 2684 1267 2704 carin.
1293 2674 1340 2710 61,
1366 2673 1424 2703 158
1449 2678 1478 2704 et
1501 2673 1535 2703 in
1559 2674 1630 2703 Iuv.
1653 2673 1720 2703 Sat.
1744 2674 1810 2703 III.
1834 2674 1902 2709 193,
1933 2673 2025 2714 quasi

1161 2727 1313 2767 fulcrum,
1337 2728 1425 2766 quod
1448 2726 1633 2757 aedificium
1656 2727 1804 2763 sustinet,
1828 2736 1882 2756 een
1904 2728 1979 2756 stul.

1212 2780 1375 2809 Leniulum
1409 2779 1529 2820 quidem
1566 2781 1701 2808 nostrum
1740 2779 1871 2819 (omnia)
1895 2781 2025 2818 praeter

1175 2833 1380 2864 Tusculanum
1399 2833 1624 2874 proscripsisse
1654 2833 1760 2862 audio.
1793 2832 1848 2862 Sic
1875 2833 1962 2863 Med.
1994 2838 2024 2862 et

1171 2887 1276 2917 scidae
1318 2886 1505 2927 Spengelii:
1543 2886 1645 2915 omnia
1684 2896 1701 2915 a
1740 2886 1903 2916 Lambino
1939 2890 2023 2915 recte

1170 2940 1316 2970 additum
1341 2945 1398 2970 est.
1422 2938 1519 2977 Quod
1542 2939 1661 2969 Bosius
1684 2949 1741 2978 pro
1751 2940 1882 2977 praeler
1898 2937 2023 2977 scripsit

1162 3002 1243 3031 prae
1266 3003 1308 3028 re,
1332 2998 1363 3022 et
1383 2993 1471 3031 quod
1486 2991 1694 3022 scribendum
1711 2991 1835 3031 putavit
1846 3000 1927 3029 prae
1941 2999 2023 3025 aere,

1170 3044 1405 3083 repudiandum
1430 3049 1486 3074 est.
1516 3044 1601 3073 Nam
1626 3043 1767 3082 primuni
1798 3042 1912 3073 Cicero
1943 3051 2024 3071 uun-

1170 3105 1268 3135 quam
1291 3096 1347 3125 tali
1371 3096 1467 3125 inodo
1490 3105 1620 3124 causam
1645 3095 1776 3130 indicat,
1802 3094 1863 3124 nisi
1887 3094 1919 3124 in
1955 3102 2023 3123 sen-

1076 3159 1119 3177 se·
1170 3148 1278 3178 tentiis
1305 3148 1475 3186 negativis,
1501 3152 1533 3176 ut
1558 3148 1603 3177 ΙΙ.
1627 3148 1675 3182 21,
1700 3148 1728 3175 4.
1762 3147 1819 3176 Vl.
1845 3149 1872 3182 5,
1896 3147 1923 3176 4.
1963 3144 2022 3175 IX.
