2117 3533
762 138 869 181 LIB.
904 139 938 180 Ι.
974 138 1058 180 ΕΡ.
1097 140 1135 178 1.

1810 140 1832 177 5

62 280 300 323 contendere
334 279 605 328 existimatum
649 276 718 331 qui
751 276 807 317 sic
839 275 979 330 inopes
1012 279 1052 316 et
1085 273 1134 316 ab
1169 273 1306 315 amicis
1348 278 1387 314 et
1431 273 1481 315 ab
1526 273 1821 315 existimatione

62 358 169 405 sunt,
202 357 250 394 ut
281 352 381 393 mihi
414 351 596 392 videatur
628 364 709 390 non
743 364 826 389 esse
860 342 1117 391 ἀδύνατον
1155 346 1322 387 Turium
1367 345 1578 387 obducere.
1625 345 1701 386 Sed
1746 345 1821 386 hoc

61 431 216 482 praeter
248 441 310 467 me
343 425 494 466 nemini
527 423 699 465 videtur.
753 421 913 462 Nostris
945 419 1169 461 rationibus
1203 418 1374 460 maxime
1409 418 1629 459 conducere
1664 418 1822 459 videtur

61 500 277 542 Thermum
309 499 394 540 fieri
427 513 517 539 cum
551 497 731 538 Caesare.
766 495 896 535 Nemo
930 499 989 535 est
1022 494 1127 535 enim
1162 509 1210 534 ex
1243 493 1306 542 iis,
1332 493 1401 546 qui
1422 507 1531 533 nunc
1554 496 1712 546 petunt,
1737 490 1820 545 qui,

61 573 94 614 si
125 574 168 614 in
201 576 382 614 nostrum
415 585 564 612 annum
597 568 796 618 reciderit,
830 568 978 608 firmior
1011 566 1249 608 candidatus
1272 566 1354 607 fore
1380 565 1584 617 videatur-3
1615 569 1823 620 propterea
1857 582 1867 593 r

62 645 167 700 quod
202 649 360 687 curator
392 647 452 685 est
483 643 570 683 viae
604 641 836 690 Flaminiae,
873 656 973 694 quae
1006 645 1092 681 tum
1127 640 1202 681 erit
1236 639 1418 680 absoluta
1441 654 1534 680 sane
1552 638 1682 679 facile.
1716 639 1821 678 Eum

61 719 231 761 libenter
263 733 371 760 nunc
405 715 563 758 Caesari
597 714 800 756 consulem
834 713 1070 755 addiderim.
1116 714 1340 754 Petitorum
1373 713 1471 754 haec
1505 716 1564 753 est
1598 711 1729 752 adhuc
1762 711 1822 751 in-

61 792 228 834 formata
262 791 464 846 cogitatio.
498 790 585 831 Nos
617 789 660 830 111
694 788 802 829 omni
827 802 989 828 munere
1011 786 1284 828 candidatorio
1307 786 1512 841 fungendo
1535 798 1728 826 summam
1755 782 1821 824 ad-

109 930 125 959 1
149 931 179 960 et
203 928 433 961 existimatione
454 947 495 950 ——
516 928 536 959 2
559 927 682 959 Curium
704 944 746 950 —
767 926 784 960 7
807 929 823 966 †
845 938 915 958 mun
938 928 1033 959 ciceri
1052 927 1160 959 consul
1182 926 1367 958 acciderint.

64 1065 94 1096 01
115 1074 149 1096 50
171 1064 379 1095 candidatum
402 1064 555 1105 profiteri.
602 1063 668 1095 Sed
686 1063 829 1094 aliudest
837 1071 935 1103 pren·

61 1128 143 1156 sare,
165 1119 252 1159 quod
274 1118 364 1149 omni
385 1122 531 1159 tempore
553 1118 694 1149 liberum
723 1121 800 1154 erat,
830 1116 920 1147 aliud

59 1170 210 1212 profiteri.
232 1171 395 1202 Accurate
417 1172 457 1202 de
479 1171 633 1202 universa
657 1170 813 1211 petitione
837 1169 918 1209 disp.

64 1223 228 1255 Becker-us
251 1223 285 1254 in
307 1224 422 1264 Antiq.
444 1224 539 1255 Rom.
568 1223 613 1254 H.
643 1224 671 1260 2,
701 1233 731 1263 p.
762 1224 800 1253 33
831 1232 917 1263 seqq.

107 1276 232 1307 Caesar.
255 1277 293 1307 L.
316 1277 394 1307 Iulii
417 1276 573 1314 Caesaris,
590 1277 667 1307 boni
686 1287 721 1307 ac
737 1277 828 1307 fortis
845 1276 916 1312 viri,

62 1330 186 1360 mentio
208 1330 359 1370 frequens
381 1331 417 1360 fit-
446 1331 479 1360 in
508 1331 560 1361 his
590 1331 744 1371 epistolis,
768 1330 832 1360 vid.
856 1330 916 1360 IV.
940 1348 941 1351 =

66 1385 113 1421 16,
151 1385 179 1414 8.
215 1383 297 1414 XII.
336 1385 384 1421 21,
417 1385 444 1414 1.
484 1383 581 1415 XIV.
621 1384 668 1421 17,
700 1385 719 1414 2
748 1394 804 1424 sq„
829 1384 916 1415 etin

66 1437 271 1478 Philippicis.

105 1491 261 1521 Thermus.
298 1490 338 1529 Q.
369 1491 534 1522 Minucius
565 1491 727 1522 Thermus
756 1492 817 1521 1100
846 1491 918 1531 ipso

61 1549 206 1584 tempore
229 1543 403 1584 adoptione
425 1543 459 1574 in
483 1548 616 1584 gentem
645 1544 805 1574 Marciam
833 1549 917 1574 tran-

61 1597 125 1635 siit,
149 1606 335 1638 nomenque
357 1596 481 1638 accepit
511 1596 545 1628 C.
569 1597 685 1628 Marcii
715 1597 827 1638 Figuli
857 1598 918 1629 Mi·
942 1621 943 1650 ἶ

63 1650 205 1681 1111010111.
229 1649 284 1681 Sic
306 1650 344 1680 T.
368 1649 569 1690 Pomponius
591 1650 721 1681 Atticus
751 1651 791 1681 ab
822 1661 920 1682 avun-

64 1704 138 1734 culo
161 1703 202 1742 Q.
226 1702 370 1735 Caecilio
392 1708 585 1734 testamento
609 1704 776 1745 adoptatus
799 1715 919 1736 nomen

66 1757 188 1797 accepit
203 1756 244 1795 Q.
268 1756 402 1788 Caecilii
425 1756 645 1797 Pomponiani
666 1757 780 1795 Attici,
804 1758 867 1788 III.
883 1759 922 1788 20

68 1810 173 1847 inser„
197 1815 228 1841 et
250 1810 296 1840 M.
315 1810 432 1840 lunius
456 1810 580 1841 Brutus
596 1810 700 1841 dictus
717 1816 764 1842 est
786 1811 826 1849 Q.
845 1810 922 1842 Cae-

67 1864 120 1905 pio
143 1864 272 1895 Brutus.
296 1864 341 1894 H.
365 1864 412 1901 24,
437 1864 455 1894 2
478 1864 531 1894 vel
553 1865 682 1905 plenius
705 1865 745 1903 Q.
765 1864 923 1896 Servilius

68 1915 188 1957 Caepio
210 1917 368 1948 Iunianus
391 1917 521 1948 Brutus.
554 1918 666 1958 Vulgo
689 1922 797 1948 tamen
822 1918 923 1949 veteri

68 1971 202 2002 nomine
225 1971 383 2011 appellari
404 1971 563 2002 solebant.

113 2023 184 2053 Cum
206 2022 325 2054 Silano.
359 2023 400 2054 D.
423 2024 537 2055 Iunius
560 2023 693 2055 Silanus
715 2029 793 2055 tunc
823 2025 926 2065 repul-

70 2085 139 2106 sam
160 2076 244 2113 tulit,
267 2077 324 2107 sed
338 2075 440 2107 factus
456 2082 503 2107 est
518 2087 592 2107 eum
608 2077 747 2108 Murena
764 2088 790 2107 a.
807 2087 838 2107 u.
857 2077 926 2108 691.

113 2129 227 2170 Inopes
257 2130 294 2160 ab
324 2130 442 2167 amicis,
466 2141 498 2161 o:
529 2132 616 2172 quod
646 2131 761 2162 attinet
789 2132 829 2161 ad
851 2132 928 2162 ami-

72 2193 141 2220 cos,
166 2184 205 2214 de
227 2194 291 2224 qua
312 2184 345 2214 vi
367 2184 616 2225 praepositionis
639 2185 723 2215 dixit
753 2185 857 2214 Kritz.
890 2186 930 2215 ad

73 2236 152 2266 Sall.
176 2237 247 2277 Ing.
272 2238 319 2273 14,
343 2238 362 2267 :2
384 2242 415 2268 et
436 2239 486 2274 48,
510 2239 538 2267 3.
563 2236 713 2268 Conferri
736 2242 870 2277 possunt
887 2247 928 2267 ex

71 2290 162 2330 epist.
186 2290 254 2320 Att.
277 2291 340 2320 III.
364 2290 412 2327 17,
436 2291 463 2327 1,
487 2290 600 2321 literas
624 2291 801 2321 attulerunt
825 2309 865 2312 —
881 2301 931 2320 ea·-

65 2343 214 2383 ploraffas
244 2354 264 2373 a
293 2343 412 2374 timore.
445 2344 486 2374 V.
518 2345 565 2381 18,
597 2346 624 2381 2,
656 2344 851 2375 consedimus
884 2354 931 2375 co-

68 2395 160 2435 pioso
183 2406 202 2425 a
217 2395 381 2435 frumento
403 2415 445 2418 —
466 2397 542 2427 loco.
566 2397 644 2428 VH.
669 2398 716 2433 15,
735 2398 762 2434 3,
780 2397 929 2437 ‘imparati

75 2458 141 2479 cum
163 2459 182 2478 (ι
206 2448 365 2486 militibus,
388 2450 450 2478 ium
477 2460 496 2479 a
513 2449 661 2489 pecunia.
693 2450 790 2480 VIII.
823 2450 870 2487 14,
903 2451 929 2487 1,

75 2503 193 2542 tempus
223 2506 333 2532 rnatum
369 2513 389 2532 α
427 2502 542 2533 literis.
572 2502 664 2533 Fam.
695 2503 791 2540 VIII,
824 2504 870 2541 10,
904 2504 930 2541 1,

69 2560 208 2598 paratus
238 2558 274 2587 ab
304 2557 454 2588 evercitu.
484 2558 527 2588 X.
565 2559 613 2595 15,
652 2560 679 2595 3,
717 2559 754 2589 ab
790 2560 933 2600 equitata

76 2611 191 2643 firmus.

120 2663 159 2694 Et
182 2664 219 2693 ab
241 2664 484 2694 eristimatione.
520 2664 561 2694 In
591 2664 651 2694 hac
681 2664 842 2695 sententia
872 2664 934 2694 dis-

79 2717 223 2747 iunctiva
251 2717 446 2757 praepositio
475 2717 658 2747 necessario
694 2717 840 2747 iteranda
877 2722 933 2748 est.

78 2771 199 2812 Recepi
222 2780 263 2802 ex
285 2776 423 2811 quatuor
444 2771 536 2801 libris
559 2771 727 2801 Parisinis.

125 2826 258 2857 Turium.
288 2826 401 2866 Vulgo
426 2825 560 2864 Curiam,
583 2827 675 2867 quasi
697 2828 782 2858 dicat
804 2827 845 2865 Q.
875 2826 935 2858 Cu-

81 2882 175 2918 rium,
191 2881 361 2912 hominem
377 2881 606 2921 quaestorium,
623 2881 783 2913 Catilinae
801 2883 934 2919 socium,
957 2891 960 2894 ⁴

82 2934 171 2966 aleae
195 2939 225 2965 et
241 2934 392 2965 omnibus
413 2934 546 2974 flagitiis
568 2935 722 2972 deditum,
745 2945 843 2976 quem
865 2945 936 2966 cen-

82 2997 170 3019 sores
192 2988 302 3028 probri
330 2998 426 3019 causa
454 2993 568 3019 senatu
590 2994 772 3020 moverunt.
816 2989 938 3020 Dubito

83 3047 202 3078 tamen,
227 3052 267 3072 an
290 3041 389 3072 talem
410 3042 581 3073 hominem
603 3041 717 3073 Cicero
741 3043 885 3073 Thermo
908 3048 939 3074 et

84 3095 199 3127 Silano
217 3096 428 3137 opposuisset.
457 3096 566 3135 Quare
591 3107 691 3138 quum
718 3107 734 3128 0
757 3098 781 3128 Ζ
811 3102 940 3129 notetur

89 3148 220 3187 Ponam,
243 3155 274 3182 et
296 3149 397 3182 Paris.
410 3150 443 3182 A
460 3156 491 3182 et
505 3150 690 3184 Dhabeant
712 3151 837 3183 Turiam
853 3150 938 3191 (ilm-

964 1059 1042 1090 rium
1072 1060 1126 1099 B),
1158 1059 1307 1099 idemque
1337 1059 1378 1089 sit
1406 1058 1441 1089 in
1471 1058 1620 1099 margine
1649 1058 1748 1095 Med,
1779 1059 1825 1089 510

965 1114 1088 1155 scripsi.
1124 1113 1283 1153 Intelligo
1307 1113 1401 1143 illum
1424 1112 1572 1150 Turium,
1596 1113 1636 1143 de
1658 1121 1723 1152 quo
1757 1111 1824 1143 Cic.

965 1167 999 1199 in
1022 1169 1134 1205 Bruto,
1165 1167 1234 1199 237.
1264 1167 1299 1197 L.
1335 1166 1448 1197 Turius
1470 1177 1572 1207 parvo
1606 1166 1742 1208 inyem'o,
1771 1165 1829 1197 sed

968 1222 1064 1253 multo
1086 1221 1203 1260 labore,
1225 1231 1341 1262 quoquo
1363 1220 1450 1251 modo
1466 1222 1608 1260 poterat,
1631 1230 1726 1261 saepe
1746 1219 1826 1251 dice-

965 1275 1028 1306 bat.
1074 1274 1190 1316 Itaque
1213 1274 1241 1305 ei
1263 1284 1387 1314 paucae
1411 1274 1574 1305 centuriae
1605 1273 1650 1304 ad
1682 1274 1825 1304 consula-

965 1330 1026 1358 tum
1050 1327 1235 1367 defuerant.

1010 1379 1166 1410 Obducere
1181 1384 1228 1411 est
1243 1381 1402 1411 adducere
1417 1385 1530 1411 contra
1545 1379 1698 1420 aliquem,
1716 1388 1826 1410 aemu-

939 1459 942 1466 .
966 1433 1034 1464 lum
1057 1443 1231 1474 opponere,
1255 1433 1520 1480 ἀντιπαράγειν.
1547 1433 1595 1465 Cf.
1619 1433 1720 1465 Gron.
1738 1434 1828 1471 Lect,

966 1494 1074 1525 Plaut.
1098 1505 1127 1534 p.
1152 1495 1222 1524 238.
1246 1495 1285 1524 In
1311 1493 1377 1525 Cic.
1401 1493 1528 1534 scriptis
1552 1494 1690 1525 verbum
1710 1495 1772 1525 hac
1796 1495 1831 1526 vi

970 1558 1037 1578 non
1061 1547 1126 1578 alio
1149 1548 1222 1578 loco
1244 1547 1386 1588 ponitur.

1012 1602 1145 1633 θηναίω-
1169 1603 1215 1632 est
1239 1601 1308 1632 viae
1331 1601 1378 1632 Fl.
1409 1601 1458 1632 De
1482 1602 1682 1633 curatoribus
1706 1602 1833 1633 viarum

970 1660 1073 1696 agunt.
1101 1656 1233 1696 Lipsius
1263 1656 1297 1685 111
1322 1665 1461 1699 excursu
1483 1657 1524 1686 ad
1547 1656 1624 1687 Tac.
1653 1655 1745 1687 Ann.
1769 1656 1833 1687 ΠΙ.

971 1710 1007 1739 31
1040 1713 1071 1739 et
1099 1709 1142 1739 A.
1173 1707 1210 1739 G.
1241 1708 1410 1749 Zumptius
1440 1708 1472 1739 in
1511 1709 1602 1749 disp.,
1641 1719 1723 1750 quae
1753 1710 1831 1750 legi-

971 1768 1023 1794 tur
1045 1763 1079 1794 in
1102 1764 1199 1794 Novo
1221 1764 1337 1794 Museo
1360 1764 1521 1794 Rhenano
1551 1764 1596 1794 Π.
1626 1764 1683 1795 111)1
1714 1764 1779 1795 vid.
1803 1775 1834 1805 p.

973 1817 1033 1847 282
1055 1827 1101 1856 sq.

1019 1869 1106 1910 Quae
1127 1872 1190 1899 tum
1216 1869 1277 1900 eris
1300 1869 1444 1900 absoluat
1467 1879 1544 1900 sane
1557 1869 1676 1910 facile.
1700 1869 1775 1900 Eum
1799 1870 1836 1901 li-

973 1924 1079 1955 benter
1094 1934 1176 1954 nesae
1193 1923 1323 1954 Caesari
1339 1922 1492 1954 consulem
1514 1922 1701 1954 addiderim.
1725 1924 1837 1955 Verba

975 1978 1008 2008 in
1032 1978 1124 2007 codd.
1148 1976 1237 2007 varie
1260 1980 1409 2016 coirupta
1433 1976 1571 2007 editores
1595 1981 1626 2007 et
1656 1976 1759 2007 critici
1790 1986 1835 2007 re-

975 2031 1107 2062 stituere
1129 2030 1238 2060 conati
1260 2034 1344 2060 sunt.
1362 2030 1486 2060 Eorum
1502 2029 1677 2060 conamina
1699 2039 1834 2069 cognos-

975 2095 1028 2115 cas
1051 2094 1093 2115 ex
1116 2084 1203 2114 editt.
1226 2081 1359 2114 Graevii
1391 2088 1421 2113 et
1451 2082 1552 2114 Orell.
1584 2084 1615 2113 1.
1660 2083 1838 2114 Manifesto

977 2142 1094 2174 errant,
1117 2137 1174 2177 qui
1195 2136 1294 2167 verba
1318 2136 1363 2166 ita·
1384 2136 1562 2176 refingunt,
1585 2140 1621 2166 ut
1644 2135 1759 2167 Cicero
1790 2136 1835 2166 di-

977 2199 1028 2225 cat
1050 2204 1083 2225 se
1107 2194 1287 2224 Thermum
1318 2193 1379 2223 sibi
1410 2194 1573 2233 collegam
1602 2197 1721 2234 optare,
1751 2194 1838 2234 quod

978 2258 1035 2288 per
1057 2248 1146 2287 leges
1168 2247 1239 2277 fieri
1262 2257 1327 2277 non
1351 2251 1485 2287 poterat.
1530 2247 1662 2278 Poterat
1684 2257 1762 2277 sane
1792 2247 1838 2277 in-

980 2302 1082 2332 dicari
1104 2305 1218 2337 metus,
1243 2310 1283 2331 ne
1308 2301 1478 2337 Thermus,
1503 2301 1529 2331 si
1558 2311 1645 2331 nunc
1675 2301 1839 2341 repulsam

979 2355 1085 2391 ferret,
1109 2354 1257 2394 sequenti
1280 2364 1367 2384 anno
1396 2354 1502 2394 ipsum
1531 2354 1635 2394 gratia
1664 2359 1838 2394 superaret,

979 2410 1034 2440 sed
1057 2409 1089 2439 id
1105 2417 1209 2448 neque
1227 2407 1392 2438 obtinetur
1408 2408 1469 2438 hac
1486 2407 1714 2439 emendatione
1731 2408 1775 2438 H.
1792 2408 1836 2438 A.

978 2461 1114 2492 Kochii:
1149 2470 1228 2501 quae
1259 2470 1323 2489 cum
1356 2459 1417 2490 erit
1449 2460 1605 2498 absoluta,
1635 2470 1713 2491 sane
1732 2459 1839 2500 facile

979 2525 1043 2545 eum
1069 2515 1099 2543 et
1122 2513 1254 2543 libenler
1276 2512 1445 2553 nncnicipia
1469 2513 1625 2543 consulem
1648 2512 1839 2552 acceperint,

979 2568 1053 2608 quia
1077 2566 1233 2597 consulem
1255 2565 1397 2606 accipere
1420 2576 1486 2596 non
1503 2570 1570 2596 erat
1585 2566 1716 2603 civium,
1732 2576 1838 2606 neque

980 2620 1049 2650 sine
1073 2629 1198 2649 summa
1221 2618 1369 2648 mutandi
1392 2618 1523 2649 licentia
1546 2628 1562 2648 e
1585 2618 1766 2658 corruptela
1789 2628 1839 2648 co-

980 2672 1060 2703 dicis
1083 2672 1170 2702 Med.
1201 2672 1325 2711 aliquid
1355 2671 1500 2707 efficitur,
1530 2681 1593 2711 quo
1624 2671 1706 2701 illud
1735 2671 1839 2701 decla-

981 2730 1077 2755 retur.
1107 2725 1220 2764 Itaque
1244 2724 1291 2754 nil
1315 2724 1431 2754 melius
1455 2723 1522 2753 vidi
1545 2723 1746 2754 correctione
1768 2723 1838 2753 Ma-

981 2777 1074 2813 nutii,
1097 2785 1179 2816 quae
1202 2786 1220 2806 a
1242 2775 1311 2806 cod.
1335 2776 1422 2806 Med.
1453 2786 1518 2806 non
1549 2775 1679 2812 recedit,
1710 2775 1775 2805 nisi
1804 2775 1837 2805 in

982 2831 1045 2860 tum
1068 2839 1125 2870 pro
1150 2840 1225 2866 eum,
1249 2835 1279 2860 et
1303 2830 1336 2860 in
1366 2829 1469 2860 tribus
1500 2829 1624 2859 ultimis
1654 2828 1762 2859 verbis
1793 2828 1839 2858 ibi

983 2885 1028 2915 sic
1057 2884 1240 2924 depravatis
1269 2884 1365 2914 celeri
1394 2883 1516 2914 consuli
1545 2882 1722 2914 (ceciderim.
1766 2882 1839 2912 Hac

983 2937 1184 2968 correctione
1206 2938 1341 2978 probata
1361 2928 1413 2968 his
1436 2937 1559 2968 verbis:
1590 2936 1666 2966 Eum
1690 2954 1731 2957 —
1753 2934 1840 2965 addi-

983 2990 1079 3021 derim
1102 2991 1209 3021 denuo
1232 2991 1421 3027 inculcatur,
1437 2990 1524 3031 quod
1538 2990 1636 3020 modo
1652 2989 1838 3029 scripserat:

961 3044 1111 3076 ,Nostris
1141 3044 1315 3075 rationibus
1351 3044 1483 3074 maxime
1518 3042 1689 3074 conducere
1718 3041 1841 3072 videtur

991 3097 1148 3128 Thermum
1162 3097 1240 3138 fieri
1257 3108 1322 3129 cum
1340 3097 1482 3128 Caesare.
1507 3096 1598 3127 Talis
1614 3095 1740 3127 iteratio
1755 3105 1796 3126 ne
1806 3095 1840 3125 in

985 3151 1132 3184 oratione
1161 3152 1293 3194 quidem
1316 3151 1456 3188 insolita,
1480 3151 1513 3182 in
1529 3150 1665 3192 epistola
1689 3149 1843 3181 familiari
