2117 3533
745 150 837 189 LIB
870 149 905 189 I.
940 148 1024 189 ΕΡ.
1061 149 1101 187 3.
1139 148 1179 186 J..
1792 143 1844 181 11

88 287 167 328 feci
201 291 241 326 et
274 289 459 339 expertus
493 299 581 325 sum
615 283 768 333 omnia,
812 283 880 323 sed
913 282 1153 324 mirandum.
1175 281 1217 321 in
1252 279 1416 320 modum
1449 283 1508 319 est
1542 277 1673 318 animo
1708 274 1853 316 abalie-

92 364 208 410 nato3
245 357 390 412 quibus
425 357 473 397 (10
507 355 804 412 suspicionibus
838 356 912 396 etsi
946 355 1104 396 audisse
1136 358 1176 394 te
1207 352 1389 402 arbitror,
1407 356 1542 392 tamen
1559 366 1606 391 ex
1633 364 1710 398 me,
1730 363 1853 402 quum

92 431 259 481 veneris,
295 444 522 484 cognosces.
558 428 775 470 Salustium
810 431 1059 481 praesentem
1091 425 1301 467 restituere
1334 424 1377 464 in
1421 423 1506 464 eius
1552 426 1724 463 veterem
1769 434 1855 473 gra-

92 505 190 546 tiam
222 518 303 544 non
336 502 463 557 potui.
499 502 588 542 Hoc
622 501 670 541 ad
704 504 743 540 te
778 499 931 554 scripsi,
967 498 1073 553 quod
1106 498 1140 539 is
1176 497 1272 552 (qui)
1307 511 1369 536 me
1404 511 1589 536 accusare
1624 494 1672 535 de
1695 499 1734 534 te
1758 492 1855 534 5010-

93 578 174 627 bat,
209 577 252 617 in
286 592 326 616 se
360 579 545 630 expertus
582 574 676 628 [est]
696 572 811 612 illum
829 587 913 612 csse
927 572 1061 612 minus
1092 570 1346 619 exorabilem,
1371 583 1505 609 meum
1532 567 1709 608 studium
1735 566 1760 608 †
1782 580 1855 606 nec
1889 588 1903 611 5

93 649 168 690 tibi
202 648 388 689 defuisse.
423 647 634 688 Tulliolam
669 646 714 687 C.
752 645 889 686 Pisoni
922 644 970 685 L.

1005 646 1051 686 F.
1088 644 1211 698 Frugi
1245 641 1545 698 despondimus.

134 779 154 807 4
174 776 256 817 quod
277 776 304 806 z's
326 785 372 806 me
394 785 546 806 accusare
567 774 605 806 de
627 777 658 805 te
679 774 808 805 solebat.
835 774 878 803 At
901 773 931 803 ιή
960 783 993 803 se
1017 775 1163 813 arpertus
1189 773 1236 802 est
1258 789 1299 792 —
1323 772 1339 800 5
1364 780 1420 800 vec
1442 768 1498 799 tibi
1522 778 1578 799 nec
1601 767 1658 798 sibi
1682 766 1831 807 defuisse.

94 891 188 930 neqat
210 888 270 919 tibi
292 887 441 919 defuisse.
466 886 509 916 At
531 890 616 917 recte
639 886 728 916 abest
752 886 785 916 in
800 886 889 916 Med.
912 885 952 915 In

97 942 221 973 ultimis
251 940 395 973 Orellius
417 939 539 979 recepit
560 938 693 970 Graevii
723 939 951 979 suspicionem,

96 1004 178 1036 quae
196 994 344 1035 placebat
357 1001 486 1034 quoque
503 991 673 1031 Madvig-gio
690 992 730 1021 ad
744 991 818 1021 Fin.
835 1001 864 1031 p.
881 990 951 1020 819.

140 1047 305 1078 Tulliolam
329 1065 370 1068 —
392 1044 618 1085 despondinws.
642 1045 712 1075 Vix
734 1044 890 1075 credibile
907 1048 954 1074 est

97 1100 289 1132 Ciceronem
310 1109 449 1131 uxorem
471 1099 603 1129 duxisse
626 1103 700 1128 ante
725 1098 785 1128 iter
807 1097 841 1127 in
858 1096 954 1127 Grae-

96 1155 190 1191 ciam,
212 1154 299 1185 unde
322 1164 349 1184 a.
372 1164 403 1183 u.
434 1152 492 1184 677
523 1152 664 1183 revestit.
708 1152 814 1191 Igitur
844 1150 956 1181 Tullia

97 1217 260 1238 sunnniun
294 1208 407 1238 decem
445 1216 547 1236 annos
578 1210 654 1235 nata
682 1210 759 1242 era-t,
783 1214 847 1245 quo
876 1209 954 1234 tem-

97 1270 174 1300 pore
196 1265 289 1300 pacta
310 1259 371 1290 fuit
393 1259 517 1289 Pisoni.
547 1258 645 1297 Quod
667 1259 748 1288 adeo
770 1257 954 1287 inauditum

97 1313 157 1342 fuit
179 1313 361 1349 Tunstallo,
385 1317 419 1342 ut
442 1312 462 1342 l.
486 1322 512 1341 0.
540 1321 570 1351 p.
602 1311 641 1341 12
669 1311 730 1341 hoc
761 1314 953 1350 argumento

96 1370 248 1402 uteretur,
271 1375 335 1405 quo
352 1364 519 1396 Ciceronis
534 1365 663 1404 nuptias
679 1369 753 1394 ante
769 1363 869 1394 factas
885 1372 953 1393 esse

97 1419 270 1450 evinceret.
294 1418 478 1458 Perperam.
522 1418 609 1448 Nam
638 1418 817 1448 secundum
845 1426 951 1447 mores

96 1471 319 1502 Romanorum
341 1470 395 1502 vel
417 1470 526 1501 minor
548 1469 643 1500 annis
665 1469 737 1500 XII
759 1469 882 1500 nubere
897 1479 950 1509 po-

706 1597 789 1638 IV.

999 888 1081 914 terat
1104 882 1194 922 (Dig.
1218 881 1353 912 xxm.
1380 881 1427 911 tit.
1454 881 1479 917 1,
1505 880 1524 909 l.
1549 880 1577 916 9,
1601 879 1649 909 tit.
1666 879 1694 914 2,
1719 877 1740 907 l.
1757 878 1786 907 4.
1811 875 1860 907 Cf.

999 937 1037 967 L.
1060 936 1289 967 Friedlanderi
1320 935 1401 975 disp.
1426 935 1460 964 in
1484 943 1581 974 opere
1604 931 1862 970 Darstellungen

1000 1001 1056 1021 aus
1078 991 1136 1021 der
1158 989 1376 1029 Sittengesch.
1400 989 1511 1025 Roms,
1535 987 1599 1017 vol.
1628 987 1654 1016 1.
1677 996 1707 1026 p.
1732 985 1807 1023 324)
1832 988 1863 1014 et

1000 1044 1165 1084 sponsalia
1186 1043 1241 1073 diu
1265 1047 1339 1073 ante
1362 1041 1492 1082 nuptias
1514 1040 1673 1072 celebrari
1696 1039 1780 1070 nihil
1804 1039 1863 1069 im-

1000 1099 1151 1140 pediebat
1173 1097 1267 1138 (ibid.
1289 1097 1337 1128 tit.
1362 1098 1389 1133 1,
1413 1097 1433 1126 l.
1459 1097 1522 1135 14).
1568 1095 1667 1126 Unde
1689 1094 1863 1125 Schiitzius

1001 1152 1034 1182 in
1058 1152 1197 1182 Memor.
1220 1151 1306 1181 vitae
1330 1149 1497 1181 Ciceronis
1521 1147 1586 1189 (ap.
1623 1147 1724 1179 Orell.
1748 1147 1809 1178 VI.
1832 1157 1862 1187 p.

1002 1204 1075 1243 147)
1099 1203 1230 1234 Tulliae
1253 1203 1381 1243 nuptias
1405 1202 1438 1232 in
1462 1211 1586 1232 annum
1600 1200 1732 1232 tertium
1748 1200 1864 1230 dilatas

1000 1266 1069 1288 esse
1091 1256 1293 1296 cognoverit,
1316 1255 1436 1286 nescio.

1043 1309 1074 1340 C.
1099 1308 1210 1339 Pisoni
1234 1308 1268 1338 L.
1292 1308 1329 1340 F.
1353 1308 1461 1347 Fruyi.
1487 1308 1600 1338 Placet
1622 1307 1683 1337 sibi
1700 1306 1815 1337 Cicero
1831 1306 1865 1336 in

999 1362 1096 1392 huius
1133 1362 1284 1392 laudibus
1313 1360 1548 1401 praedicandis.
1578 1360 1643 1390 vid.
1673 1359 1785 1389 Vatin.
1816 1358 1866 1391 26.

975 1417 976 1424 ¹
999 1417 1099 1447 Fam.
1122 1416 1220 1447 XIV.
1245 1417 1271 1453 l,
1295 1418 1323 1446 4.
1347 1416 1439 1447 Brut.
1463 1415 1523 1447 272
1546 1420 1577 1445 et
1599 1413 1736 1453 saepius.

857 1598 921 1650 (A.
966 1597 1010 1636 U.
1050 1598 1091 1637 0.
1130 1599 1248 1650 sss.)

165 1711 203 1750 1.
245 1708 412 1751 Crebras
437 1708 754 1764 exspectationes
774 1707 890 1749 nobis
909 1708 971 1749 tui
995 1723 1231 1749 commoves.
1267 1708 1408 1763 Nuper
1432 1706 1611 1762 quidem,
1636 1721 1762 1761 quum
1785 1706 1864 1746 iam

99 1788 138 1823 te
173 1782 385 1824 adventare
419 1782 714 1832 arbitraremur,
750 1785 911 1837 repente
947 1781 1016 1821 abs
1049 1786 1088 1822 te
1121 1782 1162 1822 in
1193 1796 1370 1822 mensem
1393 1779 1617 1832 Quintilem
1640 1778 1778 1819 reiecti
1803 1793 1867 1819 su-

100 1871 203 1897 mus.
237 1856 360 1896 Nunc
393 1870 485 1896 vero
519 1870 659 1896 censeo
695 1880 752 1884 —-
787 1854 894 1909 quod
929 1854 1136 1895 commodo
1158 1859 1229 1895 tuo
1254 1854 1381 1895 facere
1401 1853 1549 1909 poteris
1575 1877 1632 1881 —
1658 1851 1794 1892 venias
1818 1850 1867 1891 ad

100 1929 142 1970 id
174 1934 347 1988 tempus,
383 1928 489 1982 quod
524 1927 677 1977 scribis,
725 1927 870 1968 obieris
912 1927 1057 1979 Quinti
1091 1927 1223 1968 fratris
1258 1926 1433 1977 comitia,
1476 1941 1549 1967 nos
1592 1925 1712 1979 longo
1745 1924 1868 1965 inter-

101 2002 204 2043 vallo
237 2002 387 2052 viseris,
422 2001 694 2042 Acutilianam
730 2000 1039 2042 controversiam
1072 2001 1327 2055 transegeris.
1363 2000 1452 2041 Hoc
1486 2014 1549 2040 me
1583 1998 1702 2039 etiam
1737 1996 1869 2038 Pedu-

103 2091 233 2126 canS,
267 2079 314 2116 ut
347 2074 397 2115 ad
419 2080 459 2115 te
484 2073 710 2124 scriberem,
736 2073 967 2124 admonuit3
1001 2078 1190 2128 putamus
1213 2073 1318 2114 enim
1344 2073 1443 2114 utile
1469 2087 1553 2113 esse
1581 2076 1620 2112 te
1653 2067 1868 2124 aliquando

102 2163 189 2188 eam
220 2163 303 2188 rem
336 2147 568 2200 transigere.
603 2147 696 2187 Mea
729 2146 960 2187 intercessio
993 2150 1132 2201 parata
1165 2151 1205 2187 et
1239 2151 1298 2187 est
1331 2150 1372 2187 et
1405 2146 1496 2186 fuit.
1541 2148 1581 2186 2.
1616 2144 1703 2185 Nos
1724 2142 1790 2183 hic
1809 2141 1869 2182 in-

149 2288 166 2319 7
191 2286 363 2328 aliquando
385 2285 446 2315 iam
471 2294 532 2314 rem

150 2398 168 2436 ξ
191 2397 218 2426 1.
245 2394 366 2426 Εεὶεσίὶ
380 2403 483 2424 sumus
504 2402 537 2422 o:
560 2392 737 2422 adventum
758 2394 850 2420 tuum
865 2390 962 2421 distu-
989 2395 991 2412 ¹

106 2451 182 2482 listi.
205 2449 365 2481 Similiter
380 2447 552 2488 leqationes
572 2450 602 2477 et
618 2444 744 2476 comitia
754 2444 843 2475 rejici
854 2445 963 2476 dicun·
988 2465 990 2476 .

106 2511 158 2536 tur
180 2504 214 2535 in
237 2504 325 2534 aliud
348 2507 483 2542 tempus.
507 2500 548 2539 Q.
571 2500 608 2530 fr.
632 2500 677 2530 ΙΙ.
701 2500 728 2535 3,
754 2499 769 2528 1
795 2504 825 2529 et
848 2499 896 2536 16,
921 2500 948 2529 3.

151 2556 271 2588 obieris
300 2574 342 2578 —
369 2554 481 2585 viseris
510 2573 552 2577 —
571 2552 776 2593 transeqeris,
807 2552 964 2583 nimirum

107 2611 135 2642 si
157 2609 290 2641 veneris.
312 2608 472 2639 Futurum
499 2611 650 2638 exactum
672 2605 811 2646 ponitur,
835 2605 890 2636 ubi
914 2615 964 2636 res

108 2670 330 2698 memorantur
363 2665 479 2695 eodem
520 2662 674 2703 temporis
709 2666 876 2692 momento
912 2662 963 2692 ab·

109 2720 294 2752 solvendae.
317 2717 357 2748 cf.
381 2716 539 2748 Matthiae
569 2716 650 2755 disp.
672 2715 705 2745 in
727 2714 844 2755 opusc.
868 2725 897 2755 p.
925 2714 962 2746 71

109 2784 198 2814 seqq.
223 2778 253 2804 et
276 2773 317 2803 ad
338 2772 440 2812 Epist.
464 2770 530 2802 Sel.
553 2781 582 2811 p.
607 2770 676 2800 146.

155 2826 265 2868 Quinti
278 2825 401 2866 framis
425 2824 560 2856 comitia.
594 2838 606 2848 υ
618 2824 735 2863 quibus
764 2823 963 2854 aedilitatem
986 2859 988 2866 Ι

111 2882 152 2921 Q.
175 2881 336 2922 petebat.''
359 2879 449 2910 Man.

152 2933 256 2974 Lonyo
270 2931 449 2962 intervallo.
463 2930 518 2961 Sic
534 2936 619 2961 recte
633 2930 698 2959 dici
714 2931 754 2960 de
769 2930 873 2969 spatio
888 2934 966 2960 tem·
988 2927 990 2934 ’

111 2987 198 3027 poris
220 2990 351 3026 apparet
381 2994 423 3016 ex
452 2994 500 3024 ep.
531 2983 558 3020 7,
584 2983 611 3013 1.
634 2982 726 3012 Fam.
749 2983 775 3012 I.
815 2982 964 3023 Quoniam
989 2979 990 2982 ’

111 3039 281 3070 intervallo
304 3039 440 3070 locorum
463 3039 493 3067 et
516 3039 681 3076 temporum
704 3035 839 3066 diiuncti
863 3046 967 3066 sumus
990 3068 991 3074 ἵ

113 3097 205 3127 etde
234 3096 364 3126 Invent.
394 3094 421 3125 Ι.
454 3095 493 3124 43
522 3091 686 3132 confestim
717 3093 773 3121 aut
803 3101 841 3121 en·
871 3091 966 3121 inter·
990 3134 991 3171 1

112 3149 206 3180 vallo.

1056 2393 1273 2424 Acutilianam
1296 2394 1536 2424 controversiam
1560 2393 1599 2423 cf.
1623 2403 1672 2434 ep.
1696 2395 1724 2430 5,
1747 2394 1776 2424 4.

1060 2447 1100 2477 Te
1128 2445 1299 2487 aliquando
1329 2456 1393 2476 eum
1425 2456 1489 2476 rem
1519 2446 1705 2487 ίναηδῑῖρενθ.
1750 2446 1873 2487 Scripsi

1014 2510 1088 2531 cum
1110 2499 1289 2539 Hervagio.
1313 2498 1493 2540 Aliquando
1516 2503 1563 2529 est
1586 2499 1672 2529 idem
1695 2499 1782 2538 quod
1805 2501 1873 2528 tan-

1014 2554 1079 2584 dem
1104 2553 1284 2594 aliquando,
1299 2563 1358 2593 pro
1373 2562 1438 2593 quo
1454 2563 1520 2583 non
1544 2558 1591 2583 est
1619 2552 1797 2583 verisimile
1811 2553 1873 2583 hoc

1014 2618 1080 2638 uno
1103 2607 1174 2637 loco
1190 2606 1313 2636 dictum
1333 2604 1432 2636 fuisse
1447 2604 1619 2645 aliqnando
1637 2605 1707 2641 iam,
1724 2609 1759 2635 ut
1773 2605 1874 2644 vulgo

1015 2671 1032 2692 e
1055 2661 1146 2691 codd.
1170 2659 1286 2690 editur.
1310 2658 1358 2689 Cf.
1382 2658 1508 2688 Handii
1531 2659 1624 2688 Turs.
1648 2659 1674 2688 Ι.
1698 2668 1727 2698 p.
1750 2659 1811 2689 250
1826 2666 1873 2697 sq.

1058 2717 1075 2755 ξ
1100 2717 1127 2746 2.
1150 2715 1199 2745 De
1224 2715 1254 2745 C.
1278 2714 1389 2745 Macro
1412 2714 1632 2755 trans-effluam.
1658 2714 1706 2744 De
1728 2714 1759 2744 h.
1783 2714 1803 2744 l.
1827 2718 1875 2745 est

986 2781 988 2791 ⁴
1014 2768 1096 2810 quod
1129 2768 1245 2798 attinet
1281 2767 1332 2804 ad,
1370 2772 1405 2797 ut
1442 2767 1474 2797 in
1499 2767 1571 2797 loco
1593 2767 1763 2797 simillimo
1785 2766 1875 2796 Livii

986 2820 988 2827 '
1015 2821 1168 2852 XXXII.
1192 2821 1241 2857 28,
1265 2821 1293 2850 2.
1328 2819 1423 2850 Prius
1448 2820 1487 2850 de
1503 2819 1704 2859 praetoribus
1734 2821 1875 2849 transac-

988 2913 989 2918 ,
1016 2877 1049 2905 {a
1073 2884 1133 2904 reS.
1162 2872 1348 2913 Tra2zsi9e7·e
1370 2878 1417 2903 est
1438 2872 1595 2902 iudiciuin
1618 2873 1658 2902 ad
1685 2873 1787 2902 finem
1807 2881 1875 2911 per-

1016 2929 1142 2964 ducere,
1185 2927 1345 2958 sententia
1378 2927 1452 2956 lata.
1496 2926 1576 2956 Erat
1605 2932 1713 2956 autem
1750 2924 1785 2956 C.
1822 2926 1875 2955 Li-

1017 2982 1122 3012 cinius
1152 2981 1265 3011 Macer
1292 2980 1466 3011 historicus
1503 2985 1533 3010 et
1570 2984 1686 3016 orator,
1728 2984 1876 3020 repetun-

1017 3035 1131 3064 darum
1176 3043 1258 3070 reus,
1300 3033 1389 3063 Plut.
1435 3033 1468 3062 in
1506 3032 1573 3063 Cic.
1605 3033 1633 3062 9.
1672 3032 1748 3062 Val.
1784 3032 1876 3063 Max.

1018 3088 1080 3118 IX.
1104 3088 1152 3124 12,
1178 3086 1212 3123 73
1237 3096 1336 3127 quam
1359 3086 1585 3126 quaestionem
1608 3085 1759 3117 Ciceroni
1790 3095 1877 3126 prae-

1017 3141 1080 3173 tori
1103 3140 1259 3182 obtigisse
1282 3140 1434 3172 novimus
1457 3149 1499 3171 ex
1515 3144 1593 3171 orat.
1610 3150 1638 3181 p.
1655 3139 1764 3171 Rabir.
1788 3139 1876 3170 Post.
