2117 3533
698 119 791 160 LIB
825 119 859 160 Ι.
894 118 978 159 ΕΡ.
1014 120 1055 158 6.
1095 117 1132 158 7.
1170 120 1210 157 8.

78 256 155 308 loci
188 256 269 296 sint
301 255 399 305 eius,
435 269 553 309 quem
584 257 630 294 tu
662 267 744 293 11011
777 252 950 306 ignoras,

1788 113 1839 153 17

986 268 1034 292 ne
1068 250 1375 306 praetermittas.
1411 249 1497 289 Nos
1530 247 1759 288 Tusculano
1787 245 1845 286 ita

79 329 335 378 delectamur,
369 332 416 368 ut
448 326 647 368 nobismet
678 325 776 380 ipsis
808 330 895 365 tum
930 324 1116 379 denique,
1151 338 1275 378 quum
1294 322 1363 362 illo
1384 321 1580 371 venimus,
1602 319 1844 376 placeamus.

78 400 188 452 Quid
221 415 314 454 agas
348 399 533 441 omnibus
567 398 616 439 de
649 397 767 438 rebus
801 402 841 438 et
875 397 972 451 quid
1006 401 1167 438 acturus
1202 395 1269 445 sis,
1305 395 1366 436 fac
1400 409 1472 435 nos
1510 408 1630 448 quam
1674 391 1846 444 diligen-

79 473 231 514 tissime
265 472 469 513 certiores.

695 594 793 635 VII.

860 594 924 647 (Α.
967 593 1012 634 [s.
1051 594 1092 634 C.
1129 594 1247 646 ese.)

143 713 265 770 Apud
304 717 470 754 matrem
510 718 615 754 recte
650 718 710 753 est
743 727 865 767 eaque
899 712 1015 753 nobis
1050 728 1167 753 curae
1202 717 1276 753 est.
1317 711 1366 752 L.
1401 711 1543 752 Cincio
1589 710 1674 751 HS.
1710 702 1846 751 ffel).

82 787 273 828 constitui
307 802 368 827 me
403 790 635 827 curaturum
668 785 810 827 Idibus
844 785 1088 826 Februariis.
1129 786 1191 826 Tu
1215 785 1335 826 velim
1367 799 1426 835 ea,
1450 799 1549 838 quae
1570 782 1687 824 nobis
1709 782 1849 823 emisse

83 865 123 901 et
164 875 321 915 parasse
363 859 516 909 scribiS,
562 859 631 900 des
666 874 825 914 operam
859 863 906 898 ut
940 874 1059 912 quain
1092 858 1267 913 primum
1300 857 1520 898 habeamus
1563 860 1602 897 et
1635 855 1755 896 velim
1790 870 1851 895 co-

83 934 198 988 gites,
231 932 274 973 id
308 931 414 987 quod
446 932 547 972 mihi
580 932 782 987 pollicitus
817 947 870 979 es,
908 931 1246 986 quemadmodum
1280 930 1567 971 bibliothecam
1600 928 1718 970 nobis
1762 943 1853 968 con·
1887 931 1900 957 ⁵

83 1006 197 1046 ficere
241 1004 383 1060 possis.

450 1004 619 1045 Omnem
665 1019 774 1059 spem
808 1003 1084 1045 delectationis
1118 1009 1291 1054 nostrae,
1328 1018 1460 1058 quam,
1497 1017 1621 1057 quum
1654 1001 1699 1042 in
1726 1001 1855 1042 otium

84 1078 323 1129 venerimus,
357 1077 501 1119 habere
535 1078 733 1129 volumus,
767 1078 811 1118 in
843 1082 914 1118 tua
948 1077 1198 1118 humanitate
1232 1078 1404 1133 positam
1438 1075 1646 1117 habemus.

127 1240 222 1271 Recte
259 1242 304 1271 est
339 1249 371 1271 o:
403 1240 514 1270 omnia
550 1244 636 1272 recte
667 1250 701 1271 se
728 1240 859 1271 habent..
892 1239 942 1271 Cf.

87 1292 127 1331 Q.
151 1292 188 1323 fr.
212 1293 274 1323 III.
301 1293 327 1330 l,
352 1293 368 1323 1
392 1293 487 1333 Apud
508 1292 627 1323 Herum
656 1295 741 1323 recte
768 1295 848 1323 erat.
881 1292 944 1322 111.

87 1347 115 1383 9,
145 1347 172 1377 2.
210 1348 320 1376 Cetera
349 1348 434 1376 recle
463 1347 535 1376 smil
590 1347 639 1376 lta.
674 1347 706 1377 in
744 1346 946 1377 occurrendo

88 1399 304 1440 quaerebant:
328 1399 462 1429 Rectene
484 1399 616 1430 omnia?
639 1399 754 1438 Quint.
779 1400 805 1430 1.
830 1398 866 1430 O.
886 1399 945 1428 Vi.
970 1434 971 1439 ¹

87 1454 115 1490 3,
139 1454 187 1483 84.
233 1453 282 1484 De
305 1454 451 1484 adverbii
478 1454 710 1484 coniunctione
741 1464 817 1484 011111
846 1453 946 1484 verbo

87 1506 291 1537 substantivo
313 1506 352 1536 cf.
376 1506 513 1545 Reisigii
537 1505 676 1537 Scholae
701 1507 807 1546 §2:21
831 1505 946 1536 Graeci
971 1500 972 1535 Ῑ

86 1558 200 1589 dicunt
220 1557 411 1603 γίγνεσθαι
440 1556 563 1598 καλῶς,
594 1556 709 1603 ὀρθῶς
737 1553 825 1591 εἶναι
849 1564 879 1588 et
905 1557 944 1587 si-

85 1616 187 1653 milia,
211 1617 250 1647 de
274 1616 394 1656 quibus
416 1617 480 1647 vid.
505 1616 606 1646 Stalb.
624 1617 664 1646 ad
680 1616 764 1646 Plat.
782 1616 945 1656 Eutyphr.

86 1678 115 1709 p.
140 1669 187 1699 10.

128 1722 163 1752 L.
189 1721 296 1753 Cincio
319 1722 382 1752 HS
407 1715 502 1752 Her)
527 1720 677 1752 conslitlci
693 1732 737 1751 me
753 1722 945 1753 emulorum,
971 1740 972 1744 ,

85 1776 163 1807 letis
191 1778 391 1807 constilulum
423 1783 470 1807 est
498 1781 639 1817 pactum,
672 1785 738 1815 quo
769 1774 945 1815 pecuniam

85 1832 229 1863 debitam
251 1833 285 1863 in
308 1838 429 1863 certain
451 1833 539 1863 diem
567 1832 714 1862 solutum
742 1831 781 1861 iri
810 1831 945 1871 sponde-
972 1858 973 1866 ,

84 1896 167 1917 nius.
191 1887 308 1917 Multis
331 1886 492 1927 exemplis
514 1885 665 1916 vocabuli
688 1885 756 1915 vini
785 1884 945 1924 explicuit

84 1936 227 1969 Gronov.
258 1937 334 1971 Obs.
368 1939 392 1969 1.
425 1939 451 1975 1,
482 1949 510 1978 p.
542 1938 579 1968 12
603 1948 649 1978 sq.
696 1937 744 1968 Cf.
768 1937 862 1973 Rein,
886 1936 943 1966 <las

682 2044 806 2085 Vm.
872 2043 936 2094 (A.

994 1240 1088 1271 Rom.
1113 1239 1326 1277 Privatrecffl,
1350 1250 1379 1280 p.
1405 1240 1464 1270 340
1494 1243 1525 1270 ct
1552 1238 1688 1269 Ellendt
1717 1238 1758 1268 ad
1788 1235 1856 1269 Cic.

992 1294 1032 1324 de
1063 1293 1150 1324 Orat.
1183 1294 1207 1324 I.
1237 1294 1306 1324 265.
1330 1312 1371 1316 ——
1395 1293 1512 1323 Clo-are
1541 1292 1576 1323 111
1607 1302 1641 1323 re
1669 1291 1859 1333 pecuniaria

992 1346 1055 1376 dici
1078 1356 1137 1386 pro
1159 1346 1336 1375 solz-medam
1362 1355 1485 1381 curare,
1510 1345 1629 1375 solvere
1652 1349 1769 1375 notum
1800 1348 1858 1374 est.

995 1399 1045 1428 Ex
1076 1399 1104 1433 8,
1136 1399 1163 1434 2,
1196 1398 1252 1428 ubi
1282 1399 1321 1428 de
1345 1398 1460 1428 codem
1483 1397 1617 1437 negotio
1641 1396 1759 1436 agitur,
1784 1406 1859 1426 con-

994 1457 1055 1482 stat
1077 1461 1233 1482 numeros
1254 1451 1286 1481 h.
1312 1452 1330 1481 l.
1356 1461 1422 1481 non
1447 1460 1515 1481 csse
1538 1451 1741 1491 depravatos.

1036 1505 1131 1535 Nobis
1165 1506 1315 1545 conficere
1357 1515 1389 1535 o:
1430 1504 1596 1543 colligere,
1638 1513 1760 1544 parare.
1807 1503 1857 1535 Cf.

972 1557 973 1566 ¹
996 1560 1077 1590 ΧΗ.
1103 1560 1151 1596 37,
1175 1561 1202 1590 2.
1235 1559 1354 1590 Hortos
1377 1559 1451 1589 mihi?
1475 1559 1622 1599 conficias
1652 1567 1777 1589 necesse
1800 1561 1858 1590 est.

995 1613 1149 1650 XHfflS,
1168 1615 1183 1644 1
1208 1613 1272 1644 Nos
1295 1624 1365 1643 vcro
1388 1612 1585 1653 cofgsiez'ccmus
1609 1612 1726 1643 hortos.
1742 1611 1855 1642 Plane.

994 1668 1043 1703 45,
1068 1666 1217 1706 coqficere
1248 1666 1434 1696 necessarias*
1463 1664 1530 1695 suis
1561 1675 1647 1695 Suam
1670 1665 1792 1695 [ribam.
1817 1664 1858 1703 Q.

995 1722 1062 1752 (10.
1101 1722 1140 1752 (10
1171 1721 1266 1752 Petit.
1296 1730 1383 1751 cons.
1423 1721 1471 1757 is,
1502 1720 1652 1758 conficere
1688 1719 1858 1750 centurias.

994 1775 1107 1813 Quum
1129 1775 1260 1805 Atticus
1282 1775 1367 1804 hanc
1390 1773 1486 1803 amici
1505 1773 1717 1813 cupiditatem
1740 1783 1858 1813 cogno-

970 1828 1102 1864 1visset,
1140 1827 1271 1858 videtur
1300 1826 1460 1865 cogitasse
1492 1826 1532 1856 de
1564 1826 1762 1856 bibliotheca
1799 1836 1858 1856 sua

970 1902 971 1905 η
994 1880 1174 1916 vendenda,
1199 1884 1235 1909 ut
1257 1879 1462 1919 suspicamur
1492 1887 1534 1909 ex
1565 1878 1603 1909 iis
1628 1887 1712 1918 quae
1735 1887 1783 1918 ep.
1809 1879 1856 1915 10,

968 1924 970 1974 ᾗ
993 1935 1021 1964 4.
1046 1934 1094 1970 11,
1119 1934 1136 1963 3
1160 1933 1325 1973 leguntur.

981 2041 1025 2081 U.
1065 2041 1105 2080 C.
1142 2040 1261 2093 687.)

149 2161 188 2199 1.
233 2159 353 2214 Apud
386 2164 425 2200 te
460 2166 532 2208 est,
566 2167 613 2199 ut
646 2157 843 2198 volumus.
879 2157 1009 2197 Mater
1042 2160 1112 2195 tua
1146 2159 1186 2195 et
1219 2169 1327 2195 soror
1361 2168 1382 2193 a
1418 2168 1478 2193 1110
1515 2153 1750 2208 Quintoque
1777 2153 1852 2194 fra-

80 2237 139 2273 tre
174 2232 368 2286 diligitur.
404 2233 506 2273 Cum
540 2231 717 2272 Acutilio
753 2246 839 2271 sum
873 2230 1045 2270 locutus.
1093 2228 1133 2268 Is
1168 2227 1245 2268 sibi
1278 2232 1398 2281 negat·
1432 2242 1454 2267 a
1489 2242 1559 2267 suo
1593 2231 1851 2281 procuratore

83 2304 301 2359 quidquam
336 2305 527 2359 scriptum
561 2318 644 2344 esse
679 2308 718 2344 et
753 2303 917 2343 miratur
950 2302 1068 2341 istam
1102 2300 1411 2340 controversiam
1445 2300 1581 2349 fuisse,
1629 2300 1735 2354 quod
1780 2300 1849 2341 ille

82 2382 280 2418 recusaret
314 2377 502 2418 satisdare
538 2376 707 2431 amplius
742 2375 811 2416 abs
844 2380 882 2415 te
917 2389 997 2414 non
1030 2373 1128 2427 pet-i.
1163 2372 1282 2423 Quod
1314 2378 1354 2412 te
1389 2371 1437 2412 de
1471 2371 1652 2413 Tadiano
1686 2374 1848 2427 negotio

82 2448 276 2491 decidisse
311 2449 463 2501 scribis,
498 2450 539 2491 id
574 2465 646 2504 ego
680 2449 804 2490 Tadio
838 2454 878 2489 et
910 2452 1069 2502 gratum
1113 2461 1195 2486 esse
1239 2446 1420 2487 intellexi
1461 2450 1501 2486 et
1541 2459 1686 2499 magno
1731 2461 1847 2501 opere

124 2624 141 2663 ξ
158 2624 184 2653 l.
209 2622 351 2654 Miratur
366 2624 458 2654 istam
477 2624 843 2665 controversiamfnisse,
857 2623 941 2665 quod

80 2674 136 2705 ille
158 2677 318 2705 recusaret
340 2685 372 2706 o:
397 2677 535 2707 miratur
557 2686 594 2707 ea
622 2678 662 2708 (10
691 2686 725 2708 re
754 2681 938 2707 controver-

80 2727 162 2758 siam
183 2728 269 2758 inter
290 2738 349 2759 vos
372 2728 481 2765 fuisse,
512 2729 601 2769 quod
630 2734 820 2769 procurator
850 2738 938 2759 reeu-

79 2786 164 2812 saret
184 2782 348 2813 satisdare.
384 2783 516 2820 Moneo,
540 2793 582 2814 ne
605 2783 678 2823 quis
701 2793 777 2814 cum
799 2783 936 2824 Malasp.

78 2834 178 2865 verba
198 2834 281 2875 quod
301 2854 342 2858 —
363 2838 523 2866 recusaret
554 2846 572 2866 a
593 2837 694 2867 verbo
716 2836 848 2866 miraiur
862 2844 938 2876 pen-

78 2887 154 2918 dere
173 2893 301 2919 statuat.
530 2886 535 2890 ⁷

118 2941 261 2981 Amplius
284 2941 338 2972 abs
362 2944 392 2972 te
414 2952 474 2973 72012v
490 2943 571 2983 peti.
604 2942 737 2974 Similes
759 2943 937 2974 satisdatio-

79 3003 159 3025 nmn
197 2994 355 3027 formulas
385 3005 427 3027 ex
456 2996 547 3037 epist.
576 2996 668 3027 Fam.
698 2996 796 3027 XIII.
828 2997 876 3033 28,
907 2997 934 3027 2.

79 3048 172 3078 Brut.
197 3048 244 3079 18.
274 3049 368 3080 Rosc.
395 3049 486 3082 Com.
511 3051 548 3081 35
579 3050 752 3082 Manutius
782 3051 822 3081 ad
851 3051 881 3081 h.
914 3051 934 3082 1.

78 3100 239 3131 excitavit.

139 3165 175 3206 I.

1028 2620 1202 2657 Deeidisse,
1236 2631 1269 2650 o:
1309 2621 1515 2661 transegisse,
1551 2621 1640 2661 quod
1666 2620 1765 2650 fiebat
1792 2629 1845 2651 cx·

986 2680 1035 2704 tra
1057 2675 1226 2705 iudicium.
1260 2674 1308 2705 Cf.
1333 2675 1426 2705 11050.
1451 2675 1564 2705 Α11101·.
1590 2674 1658 2704 114.
1690 2673 1785 2704 Verr.
1818 2674 1843 2705 Ι.

986 2730 1043 2759 125
1068 2734 1099 2759 et
1121 2729 1202 2759 alios
1230 2729 1328 2765 locos,
1361 2739 1443 2769 quos
1473 2729 1607 2768 collegit
1636 2727 1735 2758 Gron.
1767 2727 1843 2759 Obs.

987 2784 1029 2814 11.
1055 2784 1081 2820 6,
1105 2794 1134 2824 p.
1160 2784 1219 2814 198
1236 2793 1282 2824 sq.
1307 2784 1482 2824 'I'ransegit
1496 2789 1605 2814 autem
1620 2783 1752 2814 Atticus
1769 2793 1844 2814 cuin

983 2836 1145 2867 tutoribus
1168 2836 1307 2877 puellae,
1331 2842 1366 2867 ut
1389 2841 1519 2877 apparet
1542 2845 1584 2866 ex
1607 2836 1696 2877 epist.
1721 2837 1748 2873 5,
1773 2836 1800 2865 6.

1026 2889 1067 2919 Et
1078 2891 1203 2929 ysaiam
1218 2908 1260 2912 -—
1273 2892 1302 2920 eff
1326 2890 1501 2920 iucundum.
1521 2889 1738 2921 Casaubonus
1754 2890 1794 2920 ad
1810 2890 1841 2921 11.

982 2945 1002 2974 l.
1027 2944 1153 2975 notavit
1175 2945 1214 2975 de
1237 2945 1425 2975 discrimine
1455 2945 1575 2974 horum
1604 2944 1842 2974 vocabulorum

981 2997 1119 3029 Gratum
1135 3003 1191 3034 est,
1215 2999 1257 3029 ob
1280 2999 1369 3039 quod
1393 2998 1516 3038 gratiae
1532 2998 1710 3034 debentur3
1728 2997 1842 3028 iucun-

981 3053 1070 3089 dum,
1095 3053 1183 3092 quod
1206 3052 1297 3083 iuvat
1319 3057 1351 3083 et
1373 3052 1576 3092 voluptatem
1605 3051 1706 3082 affert.
1751 3052 1842 3082 Hinc

981 3106 1180 3146 intelligitur
1201 3117 1268 3138 non
1292 3116 1389 3138 omne
1413 3106 1501 3147 quod
1523 3110 1655 3146 gratum
1670 3109 1726 3143 est,
1744 3106 1843 3137 etiam

1690 3176 1710 3201 s)

1690 3202 1713 3214 Η

1881 2385 1893 2409 5
