2117 3533
728 172 836 213 LIB.
869 171 945 214 IV.
978 173 1064 214 ΕΡ.
1100 174 1142 213 3.
1180 174 1220 213 4.
1769 172 1853 212 171

99 309 260 351 comitia
291 309 372 350 fore
406 324 486 350 11011
521 307 710 358 arbitror,
755 321 867 347 reum
900 306 1106 356 Publium,
1140 305 1219 347 11151
1253 309 1345 346 ante
1385 305 1539 347 occisus
1584 306 1673 357 erit,
1719 305 1801 346 fore
1837 322 1859 346 a

99 382 252 423 Milone
284 385 397 437 puto.
432 381 474 422 Si
507 381 533 424 †
566 381 737 421 sentitur
769 380 898 421 veiam
932 380 1137 430 obtulerit,
1180 379 1355 420 occisum
1399 379 1449 420 iri
1493 379 1543 420 ab
1581 379 1668 434 ipso
1707 379 1860 420 Milone

99 454 225 495 video.
270 454 365 494 Non
399 453 559 495 dubitat
590 453 732 504 facere,
766 469 859 508 prae
894 469 934 494 56
967 454 1057 504 fert,
1092 468 1228 495 casum
1260 452 1377 493 11111111
1409 457 1591 493 nostrum
1635 467 1717 493 11011
1761 452 1860 492 exti-

99 528 252 569 mescit.
286 527 508 581 Nunquam
541 526 647 567 enim
681 526 918 579 cuiusquam
951 526 1079 567 invidi
1113 530 1153 566 et
1184 525 1326 580 perfidi
1359 525 1525 566 consilio
1558 530 1619 566 est
1650 540 1761 576 usus,
1787 540 1860 566 1166

98 601 218 643 inerti
250 600 379 642 nobili
411 600 649 641 crediturus.
696 602 738 640 6.
772 600 858 641 Nos
903 601 1035 641 animo
1083 600 1294 641 dumtaxat
1333 599 1529 654 vigemus,
1572 598 1692 639 etiam
1733 598 1860 653 magis

98 690 219 729 quam
253 689 377 728 quum
408 672 646 714 florebamus
659 690 670 723 3
705 687 746 713 re
779 672 965 713 familiari
999 672 1237 713 comminuti
1266 687 1418 713 sumus.
1459 670 1605 723 Quinti
1638 670 1770 711 fratris
1802 675 1861 711 ta-

98 763 189 790 men
221 745 454 788 liberalitati
487 760 557 800 pro
591 744 852 786 facultatibus
885 745 1049 795 11051115,
1083 760 1134 785 116
1168 744 1331 785 0111111110
1365 743 1584 784 exhaustus
1618 757 1758 793 essem,
1791 743 1861 783 1110

97 824 304 862 recusante
339 817 529 860 subsidiis
563 818 781 859 amicorum
814 818 1107 873 respondimus.
1153 817 1263 869 Quid
1298 816 1454 858 consilii
1489 815 1537 856 de
1571 816 1680 857 omni
1725 820 1861 857 nostro

98 897 206 934 statu
239 893 442 948 capiamus
474 896 514 932 te
548 889 710 931 absente
743 891 958 932 nescimus.

1001 890 1135 942 Quare
1170 904 1403 945 appropera.

141 1059 160 1089 2
181 1059 198 1093 †
223 1055 257 1087 Sa·
279 1065 312 1087 se
334 1057 369 1086 ut
393 1055 420 1086 it
442 1055 539 1086 urbae
561 1054 624 1085 iam
647 1053 795 1084 obtulerit
817 1070 859 1076 -—
880 1053 898 1087 7
922 1053 1040 1085 nostris
1063 1071 1105 1077 ——-
1126 1063 1165 1084 ne
1195 1053 1317 1084 omnino
1350 1053 1524 1085 exhaustus
1552 1062 1661 1091 essem,
1690 1053 1748 1085 illo
1776 1063 1864 1084 reeu-

96 1112 187 1141 sante
209 1128 250 1132 —-
270 1108 419 1139 subsidiis
441 1126 482 1130 —
509 1109 527 1138 S
550 1107 768 1148 respondemus
790 1125 831 1128 —

140 1255 233 1285 Reum
262 1254 300 1285 P.
328 1273 369 1278 ——
381 1255 458 1295 fore
487 1266 507 1285 a
537 1253 657 1285 Milone
679 1254 768 1293 puto.
803 1253 885 1284 Rem
914 1252 951 1283 ab

98 1309 203 1350 aliquo
232 1309 379 1340 insolens
409 1310 493 1340 foret
528 1308 660 1344 locutio,
696 1317 803 1348 neque
840 1307 952 1338 Tullio

97 1362 311 1399 obtrudenda,
335 1363 394 1393 etsi
416 1362 554 1392 Plautus
577 1361 750 1401 aliquoties
772 1361 834 1391 hoc
853 1361 952 1391 modo

98 1415 227 1445 loeutus
251 1420 308 1446 est.
345 1415 411 1446 Sed
431 1414 510 1455 fore
540 1414 625 1444 nihil
655 1414 744 1444 aliud
774 1418 821 1444 est
853 1423 952 1453 quam

87 1467 213 1508 factum
237 1466 289 1497 iri.
313 1467 361 1498 Cf.
385 1467 471 1497 infra
494 1466 542 1505 17,
566 1467 594 1497 5.
618 1466 692 1496 Tres
706 1465 870 1496 candidati
875 1465 953 1505 fore

98 1520 146 1551 rei
159 1520 368 1561 putabantur,
390 1519 548 1550 Domitius
577 1530 597 1549 (ι
626 1518 779 1555 Blesamio,
810 1517 953 1549 Messala

97 1585 117 1604 (ι
144 1573 178 1614 Q.
201 1573 342 1614 Pompeio
364 1574 456 1614 Rufo,
480 1573 616 1604 Scaurus
645 1584 665 1604 a
696 1573 819 1604 Triario
849 1574 904 1603 aut
934 1584 953 1603 (ι

100 1627 134 1658 L.
159 1627 302 1658 Caesare.

141 1680 173 1710 Sa·
195 1683 211 1715 †
231 1681 367 1711 sentitur
390 1681 489 1711 veiam
511 1679 670 1711 obsederit.
692 1680 768 1711 Non
792 1685 897 1721 potest
912 1690 955 1711 ex

99 1733 159 1763 hac
182 1733 416 1773 depravatione
438 1737 526 1764 certo
541 1733 620 1770 erui,
637 1733 716 1773 quid
730 1732 844 1764 Cicero
859 1733 955 1773 scrip-

100 1787 187 1824 serit,
210 1788 267 1818 sed
289 1787 480 1827 eligendum
503 1787 563 1818 erit
585 1787 671 1818 inter
692 1787 788 1818 hace:
812 1786 846 1817 Sl
868 1796 901 1817 se
922 1787 957 1817 in.

100 1839 174 1870 urbe
196 1839 276 1870 ei...
293 1839 450 1877 obtulerit,
474 1845 520 1870 et:
537 1839 565 1869 si
579 1849 612 1869 se
625 1838 656 1868 in
674 1839 763 1870 turba
781 1839 855 1870 ei...
869 1840 955 1870 obtu-

99 1893 183 1924 leril.
217 1893 349 1924 Literae
372 1898 484 1924 autem
506 1904 554 1923 am
577 1893 713 1924 fortasse
736 1898 911 1934 supersunt
940 1903 957 1925 6

100 1946 296 1987 compendio
332 1946 476 1977 nominis
515 1949 647 1977 armato.
674 1964 716 1969 —
744 1946 827 1977 inler
865 1946 956 1984 viam,

100 2002 189 2042 quod
218 2000 378 2032 Graevius
408 2001 532 2041 probat,
563 2011 604 2032 ne
632 2001 793 2032 Latinum
823 2002 957 2042 quidem

101 2061 160 2087 est.
182 2055 368 2086 Dicendum
391 2060 476 2087 certe
498 2055 582 2086 inter
604 2055 682 2086 vias.
717 2055 817 2094 Quod
846 2056 958 2087 Victo-

101 2109 169 2139 rius
192 2108 350 2139 coniecit:
375 2107 408 2137 Si
435 2118 469 2139 se
497 2108 621 2138 iuterim
653 2107 769 2138 obviam
800 2108 959 2145 obtulerit,
984 2107 986 2138 i

101 2162 261 2192 Latinum
284 2166 341 2198 est,
364 2163 420 2193 sed
442 2173 509 2193 non
534 2162 726 2192 Tullianum
748 2162 889 2193 videtur.
920 2162 960 2192 In

102 2215 237 2255 apodosi
259 2214 401 2245 libenter
424 2215 577 2245 abiiciam
599 2224 721 2245 nomen
745 2214 874 2245 Milone.
986 2251 987 2263 χ

141 2267 197 2297 Est
220 2277 303 2297 ηεαδ.
333 2267 488 2298 Klotzius
512 2268 583 2298 sine
613 2278 710 2298 causa
736 2268 881 2308 scripsit:
914 2270 960 2298 est
986 2282 987 2295 1

101 2329 224 2351 murm.
253 2321 341 2351 Nam
364 2320 479 2352 Cicero
502 2321 708 2362 Pompeium,
731 2321 959 2358 Hortensium,
985 2331 987 2341 ³

101 2374 282 2405 Lucullum
305 2374 396 2412 alios,
421 2385 438 2404 a
469 2375 588 2415 quibus
617 2375 685 2416 ipse
714 2376 862 2407 desertus
891 2374 961 2407 fue-

101 2430 160 2464 rat,
182 2427 234 2457 his
256 2427 365 2458 verbis
387 2427 589 2467 perstringit.

679 2546 763 2588 IV.

799 2561 835 2587 a.

901 2546 967 2599 (A.

163 2659 443 2700 Periucundus
476 2660 576 2701 mihi
609 2660 774 2702 Cincius
808 2660 886 2702 fuit
920 2666 1012 2702 ante
1048 2661 1154 2703 diem
1186 2662 1351 2704 tertium
1383 2665 1560 2707 Kalend.
1607 2666 1725 2708 Febr.

1048 1253 1066 1292 ξ
1089 1252 1118 1282 6.
1148 1252 1259 1283 Animo
1283 1252 1460 1283 dumtaxat.
1489 1252 1563 1283 Hoc
1586 1253 1742 1284 adverbio
1770 1253 1866 1293 vigor

1005 1307 1046 1336 ad
1068 1306 1218 1336 animum
1248 1306 1357 1336 solum
1386 1306 1606 1346 restringitur,
1638 1307 1731 1347 quasi
1761 1307 1864 1338 dieat:

1007 1363 1169 1399 qua-ntum
1200 1359 1241 1388 ad
1269 1358 1419 1388 animum
1446 1358 1597 1398 pertinet,
1620 1359 1780 1399 vigemus.
1817 1359 1865 1391 Cf.

1004 1413 1116 1444 Hand.
1139 1413 1235 1443 Turs.
1258 1413 1306 1443 II.
1328 1423 1358 1453 p.
1383 1414 1444 1444 332
1467 1424 1514 1454 sq.

1048 1466 1093 1497 Re
1106 1465 1273 1506 familiari
1295 1466 1475 1497 comminuti
1497 1475 1611 1497 summ.
1646 1467 1799 1499 Ablativi
1820 1478 1867 1498 ra-

1007 1519 1132 1550 tionem
1155 1519 1258 1559 aperit
1280 1519 1469 1550 Ellendtius
1493 1520 1534 1550 ad
1557 1518 1647 1551 Orat.
1670 1520 1717 1551 II.
1740 1531 1769 1561 p.
1794 1520 1864 1553 370.

1049 1571 1232 1602 Ea-lzaustus
1255 1580 1360 1608 essem,
1382 1571 1439 1602 illo
1462 1573 1637 1602 recusante.
1659 1572 1757 1603 Hane
1771 1574 1864 1604 codd.

1007 1624 1185 1655 lectionem
1208 1625 1254 1656 sic
1277 1624 1420 1665 explicat
1443 1624 1608 1657 Orellius:
1634 1639 1648 1651 υ
1660 1625 1787 1664 Quinto
1805 1636 1864 1666 pro

1006 1678 1088 1709 meis
1132 1678 1342 1709 facultatibus
1378 1679 1576 1719 respondere
1609 1683 1751 1719 paratus,
1788 1679 1864 1718 iam,

1006 1734 1065 1765 illo
1088 1734 1162 1764 ideo
1184 1740 1367 1772 recusante,
1391 1744 1433 1765 116
1456 1734 1483 1765 51
1506 1734 1539 1765 id
1561 1734 1705 1766 facerem
1727 1735 1865 1766 omnino

1007 1787 1187 1817 exhaustus
1211 1796 1326 1824 essem,
1350 1787 1506 1817 subsidiis
1529 1787 1710 1818 amicorum
1732 1797 1864 1828 respon-

1006 1840 1100 1870 deo.'¹³
1140 1838 1206 1870 Sed
1234 1839 1337 1870 malui
1366 1850 1418 1870 vv.
1449 1839 1506 1870 ilco
1535 1842 1701 1871 recusante
1729 1841 1866 1871 coniun-

1007 1902 1083 1933 gere
1117 1903 1193 1924 cum
1225 1903 1326 1934 seqq„
1356 1894 1390 1924 in
1421 1894 1538 1935 quibus
1567 1895 1684 1925 merito
1713 1895 1866 1926 Klotzius

1005 1948 1086 1989 perf.
1109 1947 1324 1988 respondz'mvs
1346 1949 1501 1989 reposuit.
1525 1948 1580 1980 Sic
1596 1949 1711 1980 Cicero
1727 1951 1867 1981 affirmat

983 2020 984 2031 1
1006 2010 1049 2037 56,
1074 2004 1109 2031 ut
1133 2000 1226 2032 fratri
1248 2001 1399 2039 solveret,
1417 2012 1519 2042 quum
1534 2011 1611 2032 suae
1628 2002 1798 2034 facultates
1814 2004 1866 2034 de-

1005 2055 1148 2092 ficerent,
1170 2065 1269 2086 usum
1292 2065 1361 2087 esse
1388 2056 1526 2096 pecunia
1548 2056 1739 2093 amicorum,
1755 2067 1866 2097 quam-

1007 2109 1056 2140 vis
1075 2109 1220 2147 Quintus
1242 2110 1305 2141 hoc
1329 2110 1553 2141 recusavisset.
1576 2110 1639 2141 Pro
1649 2111 1867 2151 facultalibus

1006 2162 1124 2192 nostris
1146 2163 1235 2202 quod
1258 2163 1346 2200 dicit,
1370 2174 1437 2194 non
1460 2168 1586 2203 pugnat
1608 2174 1684 2195 cum
1703 2175 1755 2195 vv.
1771 2165 1868 2195 subsi-

986 2247 987 2250 ,
1007 2215 1071 2245 diis
1093 2215 1272 2253 amicorum,
1298 2217 1323 2247 si
1338 2222 1448 2248 teneas
1459 2227 1519 2257 pro
1533 2218 1729 2258 respondere
1744 2217 1868 2250 Graeco

1008 2264 1100 2298 ἀντί.
1126 2267 1218 2307 Ergo
1240 2268 1373 2299 Marcus
1396 2279 1462 2299 non
1487 2269 1554 2299 suis
1573 2269 1795 2308 facultatibus,
1813 2272 1869 2302 sed

1008 2324 1162 2355 subsidiis
1172 2325 1289 2356 alienis
1302 2325 1430 2364 Quinto
1441 2326 1551 2357 solvit.
1563 2326 1786 2358 Facultatibus
1801 2328 1869 2359 suis

1008 2385 1139 2416 parcere
1162 2378 1285 2415 debuit,
1308 2387 1351 2410 ne
1373 2379 1511 2410 omnino
1534 2380 1716 2412 exhaustus
1739 2385 1833 2412 esset.

1009 2547 1054 2587 U.
1093 2548 1134 2588 O.
1171 2549 1291 2603 698.)

1776 2673 1868 2710 ante

102 2733 247 2773 lucem.
281 2733 396 2773 Dixit
429 2734 537 2774 enim
569 2734 669 2774 mihi
701 2739 740 2774 te
774 2750 859 2775 esse
892 2734 935 2774 in
969 2734 1088 2775 Italia
1129 2750 1291 2790 seseque
1333 2737 1383 2778 ad
1426 2742 1466 2779 te
1507 2753 1651 2793 pueros
1694 2741 1867 2792 mittere,

104 2820 202 2860 quos
237 2804 321 2846 sine
355 2806 453 2846 meis
486 2805 611 2847 literis
645 2807 701 2847 ire
734 2807 861 2858 nolui,
895 2822 977 2848 non
1012 2822 1090 2862 quo
1130 2807 1318 2850 haberem
1363 2811 1470 2864 quod
1515 2811 1591 2852 tibi
1634 2814 1868 2867 praesertim

102 2878 182 2918 iam
215 2893 336 2932 prope
370 2879 570 2933 praesenti
603 2879 831 2930 scriberem,
866 2880 935 2921 sed
969 2885 1016 2921 ut
1050 2880 1125 2921 1106
1159 2881 1292 2936 ipsum
1325 2883 1590 2938 significarem
1629 2885 1729 2927 mihi
1751 2891 1868 2928 tuum

104 2949 322 2991 adventum
357 2951 638 2993 suavissimum
671 2953 1139 3008 exspectatissimumque
1174 2969 1272 2996 esse.
1307 2955 1441 3007 Quare
1476 2957 1617 2999 advola
1649 2958 1699 2999 ad
1728 2973 1800 3001 nos
1824 2975 1870 3002 eo

147 3113 321 3154 Epistolas,
344 3125 425 3155 quas
446 3113 562 3146 Cicero
576 3125 619 3146 cx
633 3116 714 3147 urbe
728 3116 812 3147 intra
831 3117 862 3147 d.
879 3117 968 3148 VIII
988 3141 989 3146 ,
1012 3118 1051 3148 ad
1088 3117 1238 3150 Atticum
1280 3120 1313 3151 in
1354 3121 1457 3161 Epiro
1499 3122 1601 3160 dedit,
1637 3123 1872 3155 desideramus.

110 3167 187 3198 Kal.
210 3167 288 3198 Dee
313 3179 339 3199 a.
363 3168 423 3201 697
446 3175 475 3199 et
499 3170 530 3199 d.
554 3170 609 3200 111
632 3170 708 3201 Kal.
731 3170 827 3200 Febr.
853 3180 880 3201 3,
904 3171 966 3201 698
986 3152 989 3201 1
1012 3171 1111 3202 Brevi
1135 3178 1207 3214 post
1229 3173 1287 3204 has
1311 3173 1458 3204 litei-alas
1481 3173 1573 3205 datas
1596 3175 1729 3208 Atticus
1753 3177 1786 3207 in
1821 3187 1871 3207 ur-
