2117 3533
718 165 827 207 LIB.
862 166 914 206 V.
949 166 1032 207 ΕΡ.
1070 168 1140 207 21.
1726 168 1802 207 25]

48 303 110 357 gis
143 317 261 356 quam
297 301 445 341 stultus
479 300 703 341 videbatur.
758 301 863 341 Nam
899 306 969 342 aut
1002 301 1107 342 bono
1140 302 1302 342 1101111116
1337 302 1568 342 centesimis
1601 306 1815 342 contentus

49 375 74 419 †
107 378 204 424 erat,
239 377 322 424 aut,
356 388 437 413 non
474 372 593 424 bono,
629 378 842 427 quaternas
877 374 1114 415 centesimas
1148 374 1348 430 sperabat.
1408 376 1480 415 13.
1515 374 1654 416 Habes
1687 390 1815 415 meam

49 462 222 497 causam,
274 461 376 501 quae
417 447 451 487 si
484 447 611 487 Bruto
653 461 734 487 11011
779 446 989 501 probatur,
1029 448 1179 498 nescio,
1225 463 1295 488 cur
1341 448 1455 489 illum
1501 463 1701 499 amemus3
1748 448 1816 488 sed

49 519 247 561 avunculo
280 518 366 559 eius
399 524 504 559 certe
539 517 788 573 probabitur,
823 520 1057 573 praesertim
1090 535 1216 574 quum
1250 524 1412 561 senatus
1446 521 1673 561 consultum
1699 521 1817 562 modo

50 592 198 634 factum
233 592 298 642 sit,
333 596 446 646 puto,
480 596 691 647 postquam
727 596 774 632 tu
807 607 847 632 es
881 592 1100 647 profectus,
1134 594 1177 633 in
1212 593 1453 634 creditorum
1489 609 1620 645 causa,
1656 599 1701 634 ut
1727 610 1817 635 cen-

46 666 211 707 tesimae
245 670 439 720 perpetuo
473 665 606 706 fenore
651 665 904 708 ducerentur.
955 667 1044 707 Hoc
1091 667 1188 721 quid
1233 668 1406 718 intersit,
1454 667 1487 707 si
1533 672 1624 707 tuos
1669 667 1817 721 digitos

48 740 154 782 novi,
190 743 294 780 certe
328 737 450 778 habes
485 737 744 779 subductum.
780 738 829 779 In
864 754 942 792 quo
976 739 1153 793 quidem,
1191 734 1309 783 ὁδοῦ
1333 737 1594 798 πάρεργον,
1619 740 1817 780 Lucceius

49 813 109 854 M.
143 813 190 853 F.
225 810 407 866 queritur
441 810 547 865 apud
581 825 644 851 me
678 826 747 865 per
779 811 915 852 literas
950 827 1151 852 summum
1193 827 1276 853 esse
1321 813 1558 867 periculum,
1604 828 1654 853 ne
1699 813 1817 867 culpa

49 890 211 928 senatus
244 885 308 925 his
342 884 513 925 decretis
546 899 607 925 res
642 884 691 925 ad
736 884 894 925 tabulas
938 900 1061 926 novas
1103 885 1323 940 perveniat.
1370 885 1677 936 Commemorat,
1720 885 1816 939 quid

49 958 144 1000 olim
177 956 272 999 mali
306 957 351 998 C.
387 957 518 998 Iulius
551 957 703 1008 fecerit,
729 973 853 1012 quum
879 958 1077 1000 dieculam
1102 959 1284 1011 duxerit,
1319 973 1529 1013 nunquam
1551 959 1609 1000 rei
1631 958 1816 1014 publicae

48 1031 152 1087 plus.
199 1030 277 1071 Sed
311 1030 361 1070 ad
394 1045 477 1070 rem
511 1029 644 1070 redeo.
700 1030 899 1071 Meditare
945 1031 1134 1072 adversus
1176 1032 1348 1072 Brutum
1394 1047 1555 1072 causam
1598 1047 1741 1083 meam,
1785 1032 1819 1072 si

48 1103 146 1144 haec
181 1116 300 1143 causa
334 1107 408 1153 est,
447 1106 585 1143 contra
620 1117 739 1156 quam
771 1102 874 1143 nihil
908 1102 1074 1144 honeste
1109 1103 1191 1144 dici
1224 1108 1371 1159 potest,
1416 1105 1648 1159 praesertim
1693 1120 1817 1159 quum

49 1175 247 1230 integram
292 1190 374 1215 rem
418 1179 457 1216 et
503 1190 663 1216 causam
707 1175 950 1231 reliquerim.
1010 1179 1080 1218 M.
1124 1178 1295 1231 Reliqua
1339 1183 1434 1220 sunt
1478 1178 1710 1219 domestica.
1757 1179 1818 1219 De

50 1241 333 1306 ἐνδομύχῳ,
370 1247 495 1303 probo
527 1247 648 1299 idem,
684 1248 791 1302 quod
825 1254 884 1300 tu,
921 1250 1152 1292 Postumiae
1186 1251 1281 1302 filio,
1318 1252 1504 1306 quoniam
1530 1252 1720 1293 Pontidia
1742 1267 1817 1293 nu-

48 1324 179 1375 gatur.
222 1321 299 1363 Sed
332 1323 474 1365 vellem
510 1323 682 1364 adesses.
725 1325 760 1364 A
795 1323 950 1376 Quinto
984 1324 1104 1365 fratre
1138 1324 1201 1365 his
1235 1324 1441 1366 mensibus
1475 1324 1578 1366 nihil
1612 1330 1816 1381 exspecta-

92 1497 132 1527 14
153 1496 321 1528 Pontidiae
342 1516 384 1521 —

50 1670 149 1703 ratur,
173 1677 276 1707 quum
298 1676 340 1698 ex
363 1668 527 1699 sententia
548 1669 664 1700 iudicis
687 1679 759 1700 eam
779 1670 812 1700 in
831 1670 908 1701 fano

49 1720 207 1760 deposuit.
233 1719 283 1751 Cf.
307 1720 400 1752 Fam.
424 1722 466 1752 V.
490 1723 538 1759 20,
564 1724 592 1753 5.
616 1722 718 1753 XIII.
741 1724 790 1760 56,
815 1725 844 1754 3.

91 1772 171 1803 Nam
193 1790 235 1795 —-
255 1773 413 1812 sperabat.
451 1773 601 1814 Scaptius
625 1776 670 1806 ita
693 1776 907 1807 ratiocinaba-

49 1830 116 1856 tur:
140 1827 212 1858 Aut
245 1827 419 1858 Salaminii
450 1828 575 1858 bonum
605 1839 725 1860 nomen
756 1834 841 1866 sunt,
872 1835 910 1860 ut

49 1880 90 1911 de
112 1885 198 1912 sorte
221 1891 354 1913 securus
378 1890 447 1912 esse
469 1883 601 1922 possim,
633 1888 663 1913 et
694 1889 771 1913 tunc
801 1888 908 1914 cente-

49 1931 140 1962 simis
176 1937 351 1964 contentus
387 1941 459 1969 ero,
499 1938 554 1963 aut
589 1933 616 1964 si
645 1934 805 1965 solvendo
842 1944 909 1964 11011

24 1993 28 1997 ’
49 1990 156 2022 erunt,
179 1986 338 2016 minando
360 1995 413 2017 me
444 1991 565 2017 sortem
595 1992 798 2024 exacturum,
829 1998 909 2028 qua-

51 2045 159 2070 ternas
182 2040 377 2071 centesimas
406 2040 600 2081 exprimam.
642 2041 844 2079 Accedebat,
874 2047 910 2072 ut

51 2092 69 2132 ξ
101 2091 119 2124 7
150 2092 243 2133 epist.
273 2102 339 2133 seq.
367 2103 435 2123 non
465 2093 603 2124 obscure
633 2094 806 2131 indicatur,
837 2103 910 2134 spes

49 2147 118 2178 fore
141 2152 176 2178 ut
197 2157 254 2188 per
277 2148 380 2178 alium
402 2148 633 2188 proconsulem
666 2148 849 2179 faciliorem
878 2154 911 2180 61

51 2202 244 2234 Salaminiis
268 2203 474 2244 iniquiorem,
498 2205 584 2244 quod
607 2204 716 2241 vellet,
738 2204 911 2235 obtineret.

51 2257 123 2287 Hac
146 2257 273 2288 ratione
296 2257 322 2288 si
353 2257 453 2287 verba
481 2267 555 2287 cum
585 2257 745 2297 Savignio
776 2258 797 2288 1.
828 2258 848 2288 l.
880 2269 910 2298 p.

51 2312 112 2342 182
134 2311 352 2351 explicantur,
377 2320 485 2352 neque
515 2310 653 2349 Orelli0‚
681 2311 738 2352 qui
767 2321 828 2342 non
858 2312 910 2342 im—

44 2365 169 2404 pudens
191 2364 289 2404 mayis
310 2375 399 2405 quam
422 2365 549 2402 stultus,
570 2375 678 2405 116006
693 2365 834 2396 Ernesto
849 2376 910 2396 non

51 2423 127 2448 ante
151 2419 316 2448 contentus
339 2418 498 2448 inserenti
522 2418 817 2458 obtemperandum
841 2427 911 2449 6556

51 2475 147 2512 patet.
184 2470 249 2502 Sed
274 2481 332 2511 pro
355 2473 520 2502 contentus
542 2473 613 2501 ercet
635 2472 819 2502 necessario
841 2482 910 2502 con-

51 2526 156 2554 tentus
179 2523 240 2554 erit
263 2524 485 2555 scribendum.
507 2524 616 2555 Nimis
640 2535 658 2555 a
678 2525 772 2555 codd.
786 2526 908 2556 recedit

51 2578 130 2609 haec
154 2579 180 2608 I.
197 2578 235 2608 F.
250 2577 410 2609 Gronovii
427 2579 630 2610 coniectura:
654 2578 733 2609 Nam
749 2579 825 2610 bono
840 2580 910 2611 inre

50 2633 235 2664 centesimas
259 2636 496 2674 contempserat,
519 2633 571 2675 qui
593 2644 654 2665 nou
683 2635 758 2665 bono
787 2638 909 2676 quater-

51 2695 110 2715 nas
131 2686 288 2725 sperabat.

93 2741 112 2780 ξ
135 2740 185 2770 13.
201 2739 351 2780 Perpetuo
351 2739 510 2780 fenoreo:
525 2741 595 2772 sine
619 2742 831 2773 anatocismo.
847 2742 908 2783 Op-

54 2794 187 2834 ponitur
200 2793 301 2833 fenus
314 2793 482 2834 quotannis
492 2797 683 2825 renovatum.
693 2795 753 2826 VI.
766 2796 793 2832 2,
804 2795 831 2828 7.
842 2798 869 2833 3,
880 2798 908 2827 5.

96 2846 133 2877 ,δι’
164 2848 233 2876 tuos
263 2845 379 2887 diffitos
408 2846 489 2877 novi.
512 2848 652 2885 Atticus,
675 2848 732 2888 qui
756 2849 823 2889 ipse
853 2860 909 2879 nu-

51 2910 122 2931 mos
152 2900 185 2931 in
228 2900 339 2932 fenore
369 2911 490 2941 ponere
525 2902 660 2938 solebat,
695 2902 761 2933 suis
797 2903 909 2942 digitis

52 2958 240 2993 computare
261 2958 396 2994 poterat,
419 2960 542 2994 quanto
558 2955 666 2984 minus
684 2964 725 2985 ex
740 2955 802 2985 hoc
818 2954 908 2986 SCto

54 3007 176 3037 Brutus
200 3007 368 3047 acciperet,
391 3007 592 3037 anatocismo
614 3007 764 3038 deducto.

97 3059 245 3090 Lueeems
275 3059 320 3090 M.
351 3060 387 3090 F.
417 3060 624 3091 Praenomcn
655 3061 693 3090 L.
724 3061 911 3091 addendum

53 3123 132 3151 esse,
156 3115 255 3155 patris
278 3115 412 3146 nomine
437 3116 484 3146 M.
515 3115 634 3152 addito,
663 3115 745 3146 vidit
774 3116 910 3146 Ellendt

55 3169 95 3198 ad
119 3168 186 3199 Cic.
209 3171 249 3200 de
273 3169 361 3202 Orat.
386 3171 432 3201 ΙΙ.
456 3171 525 3201 346.

1001 1670 1085 1711 Quid
1098 1670 1170 1701 olim
1187 1671 1262 1701 mali
1279 1671 1308 1703 C.
1324 1671 1563 1711 Iuliusfeeeril.
1579 1673 1678 1704 Recte
1692 1673 1817 1714 Popma

956 1724 1089 1763 negavit
1111 1724 1164 1755 hic
1187 1724 1240 1764 agi
1263 1725 1303 1755 de
1327 1724 1465 1756 Caesare
1488 1726 1662 1763 dictatore;
1687 1728 1727 1758 de
1751 1736 1816 1767 quo

956 1777 1011 1817 qui
1035 1777 1182 1817 cogitant
1204 1787 1308 1817 paene
1331 1784 1504 1818 coguntur,
1528 1784 1564 1808 ut
1586 1789 1661 1809 cum
1692 1779 1816 1811 Grono-

956 1829 1010 1859 vio
1033 1835 1065 1860 et
1087 1828 1228 1860 Graevio
1252 1831 1350 1860 verba
1373 1830 1446 1861 olim
1470 1849 1511 1853 —
1522 1831 1644 1871 feeerit
1668 1837 1700 1863 et
1721 1833 1817 1863 duxe-

956 1882 999 1912 rz'b
1022 1883 1062 1913 ad
1084 1892 1153 1914 rem
1177 1883 1321 1914 futuram
1343 1884 1482 1921 trahant,
1507 1896 1609 1926 quum
1632 1886 1717 1916 nihil
1736 1886 1818 1917 eius-

958 1935 1045 1965 modi
1069 1936 1110 1965 ab
1133 1945 1171 1966 eo
1193 1936 1316 1966 factum
1339 1936 1438 1968 fuisse
1461 1938 1502 1968 ad
1518 1938 1581 1969 1106
1597 1942 1725 1979 tempus
1743 1949 1818 1970 6011-

957 1992 1029 2018 stet.
1060 1987 1126 2019 Sed
1148 1989 1242 2019 nulla-
1263 1999 1360 2020 causa
1390 1995 1446 2027 est,
1476 2000 1533 2020 cur
1567 1990 1692 2028 Cicero,
1722 1991 1749 2022 si
1786 1992 1819 2022 id

958 2043 1124 2080 voluisset,
1148 2054 1215 2074 non
1238 2044 1356 2075 usitate
1379 2045 1577 2085 scripsisset:
1594 2045 1819 2087 aliquando——

952 2095 1101 2134 facturus
1130 2095 1182 2126 sil.
1211 2096 1350 2127 Accedit
1385 2099 1473 2138 quod
1495 2099 1585 2129 hunc
1608 2108 1703 2139 saepe
1725 2104 1820 2130 vocat

963 2149 993 2179 C.
1026 2149 1203 2186 Caesarem,
1227 2160 1399 2190 nunquam
1426 2151 1458 2182 C.
1493 2151 1620 2182 Iulium.
1665 2153 1737 2183 Etsi
1768 2162 1819 2184 res

959 2203 1075 2242 ignota
1113 2209 1162 2234 est
1201 2204 1235 2234 in
1272 2204 1407 2235 historia
1446 2205 1581 2236 illorum
1624 2211 1818 2247 temporum,

958 2255 1137 2286 verisimile
1160 2262 1208 2287 est
1229 2256 1283 2287 1116
1306 2257 1359 2297 agi
1389 2258 1429 2288 de
1461 2258 1546 2288 facto
1577 2259 1720 2298 quodam
1749 2259 1819 2290 eius

959 2308 995 2340 C.
1020 2309 1109 2346 Iulii,
1132 2310 1190 2350 qui
1213 2320 1313 2350 quum
1344 2311 1467 2352 rempb.
1500 2312 1648 2343 turbaret
1677 2323 1696 2342 a
1725 2313 1819 2344 satel-

958 2362 1072 2393 litibus
1094 2363 1193 2393 Marii
1207 2364 1332 2394 occisus
1356 2370 1413 2395 est.
1432 2365 1510 2395 Vid.
1525 2365 1648 2396 Ascon.
1665 2367 1705 2397 ad
1721 2365 1818 2397 Scau-

958 2416 1085 2446 rianam
1107 2427 1137 2457 p.
1162 2417 1202 2447 24
1224 2427 1272 2457 sq.

1003 2469 1099 2509 Quum
1113 2469 1268 2500 dieculam
1283 2469 1411 2500 duxerit
1425 2480 1458 2501 o:
1475 2481 1579 2511 quum
1593 2476 1720 2513 tempus
1734 2473 1818 2503 solu-

959 2523 1058 2554 tionis
1082 2524 1276 2555 brevissimo
1300 2524 1404 2565 spatio
1435 2526 1637 2565 produxerit,
1667 2536 1818 2567 proroga-

958 2579 1010 2609 rit.
1042 2578 1178 2608 Dua-erit
1202 2579 1301 2616 enim,
1324 2589 1391 2609 non
1422 2589 1439 2610 e
1467 2580 1556 2611 Med.
1585 2580 1713 2618 dia‘erd,
1744 2582 1819 2612 scri-

959 2633 1104 2663 bendum
1127 2638 1175 2663 est
1199 2642 1215 2664 e
1238 2633 1322 2663 coni.
1354 2634 1510 2665 Manutii.
1546 2635 1633 2665 Nam
1663 2635 1817 2666 dieculam

958 2688 1078 2718 dixerit
1095 2693 1126 2719 et
1147 2689 1312 2720 locutione
1327 2689 1484 2720 vitiosum
1499 2695 1531 2721 et
1546 2700 1580 2721 re
1597 2690 1744 2731 ineptum
1760 2697 1817 2722 est.

1000 2740 1164 2781 Nunquam
1187 2740 1235 2771 rei
1249 2741 1397 2781 publicae
1413 2742 1491 2782 plus
1515 2752 1558 2772 sc.
1588 2743 1667 2772 mali
1697 2742 1819 2774 factum

959 2802 1038 2824 6556.
1072 2793 1177 2833 Turpi
1200 2803 1308 2825 errore
1339 2794 1373 2824 in
1398 2795 1486 2825 Med.
1510 2795 1667 2835 scriptum
1690 2800 1738 2826 est
1767 2806 1818 2825 res

950 2848 1089 2888 publiea.
1126 2849 1360 2880 Nominativus
1390 2854 1474 2881 stare
1502 2850 1616 2890 nequit
1645 2850 1678 2881 in
1711 2851 1819 2882 verbis

958 2902 1093 2933 Lucccii
1116 2913 1134 2932 a
1158 2902 1318 2934 Cicerone
1336 2903 1453 2934 citatis.
1478 2903 1668 2944 Scripsisset
1683 2904 1817 2935 saltem:

958 2966 1113 2996 nunquam
1133 2957 1310 2996 remp.plus
1327 2967 1371 2987 56.
1385 2957 1466 2987 mali
1481 2967 1609 2997 passam
1626 2967 1707 2988 esse.
1728 2957 1818 2988 Tun—

957 3010 1072 3040 stallus
1096 3020 1178 3050 quac
1200 3011 1240 3041 de
1262 3010 1294 3040 h.
1320 3011 1340 3041 l.
1364 3016 1570 3041 commentus
1593 3011 1644 3047 sit,
1668 3021 1718 3051 op.
1743 3011 1767 3042 l.
1788 3022 1816 3052 p.

962 3063 1031 3099 157,
1056 3063 1175 3094 referre
1198 3063 1297 3103 piget.

1002 3117 1019 3154 ς’
1044 3116 1092 3145 14.
1117 3115 1165 3145 De
1188 3112 1382 3160 ἐνδομύχῳ.
1416 3116 1466 3147 Cf.
1490 3117 1529 3146 ad
1553 3126 1601 3156 ep.
1628 3117 1674 3152 14,
1699 3118 1717 3146 3
1740 3117 1772 3147 h.
1797 3118 1817 3147 1.

957 3178 988 3203 et
1012 3173 1072 3203 VI.
1099 3174 1125 3209 1,
1160 3174 1206 3203 10.
1243 3172 1423 3213 Sequentia
1456 3174 1678 3214 explicatione
1709 3179 1816 3213 egent,

1841 974 1872 1000 10

1839 1334 1870 1360 15
