2117 3533
180 954 215 979 10

233 158 318 197 1314
629 155 712 196 ΕΡ.
747 154 822 194 ΑΒ
854 154 900 194 Τ.
935 152 1282 194 POMPONIUM
1316 152 1578 195 A'I'TICUM.

231 305 375 347 speres,
409 289 523 330 facile
556 288 768 343 perspicio.
802 287 914 339 Quae
949 287 1111 342 quidem
1142 292 1276 328 tamen
1310 288 1461 342 aliquid
1494 287 1697 330 habebant
1735 289 1866 331 solatii
1893 295 1985 330 ante

232 379 351 419 quam
384 378 429 403 eo
462 362 608 403 venisti
641 377 663 402 a
695 361 907 416 Pompeio:
949 361 1104 411 'sNunc
1134 361 1397 402 Hortensium
1420 361 1533 402 allice
1556 366 1596 402 et
1617 361 1813 403 eiusmodi
1835 360 1985 402 viros.''

233 437 422 486 Obsecro,
458 435 511 475 mi
544 434 754 489 Pomponi,
790 433 969 474 nondum
1002 433 1206 488 perspicis,
1241 449 1410 488 quorum
1445 449 1576 488 opera,
1611 450 1779 490 quorum
1811 433 1984 483 insidiis,

234 523 402 563 quorum
436 506 581 547 scelere
613 506 873 561 perierimus?
907 505 984 546 Sed
1017 510 1150 545 tecum
1184 505 1281 546 haec
1314 521 1445 546 coram
1474 521 1651 560 agemus.
1684 507 1858 548 Tantum
1882 506 1985 556 dico,

234 581 341 636 quod
375 580 474 621 scire
506 585 546 621 te
579 584 697 635 puto:
732 594 805 620 nos
837 594 919 619 non
951 578 1106 619 inimici
1139 578 1208 618 sed
1241 578 1369 619 invidi
1401 578 1675 633 perdiderunt.
1710 580 1832 620 Nunc
1856 579 1889 619 si
1910 578 1988 619 ista

234 658 342 704 sunt,
378 668 477 707 quae
512 667 658 708 speras,
694 650 981 692 sustinebimus
1014 665 1087 691 nos
1120 655 1160 690 et
1193 665 1274 704 spe,
1309 665 1387 704 qua
1420 650 1548 700 iubes,
1582 651 1772 692 nitemur.
1822 651 1907 700 Sin,
1941 656 1988 691 ut

235 726 335 767 mihi
367 725 569 775 videntur,
602 726 759 766 infirma
793 729 901 775 sunt,
947 723 1052 778 quod
1087 723 1237 778 optimo
1271 728 1446 779 tempore
1481 724 1608 764 facere
1640 739 1720 764 non
1754 723 1882 773 licuit,
1916 723 1989 763 1111-

232 815 309 840 11115
340 799 484 840 11101160
517 800 598 839 fiet.
635 800 675 838 3.
708 798 894 838 Terentia
925 796 1002 837 tibi
1036 812 1150 851 saepe
1185 796 1268 850 agit
1300 797 1462 849 gratias.
1497 796 1602 837 Mihi
1636 797 1757 837 etiam
1788 811 1915 837 unum
1939 795 1988 836 dc

234 872 348 913 malis
381 872 423 912 in
456 876 566 912 metu
600 876 671 922 est,
707 871 840 911 fratris
873 870 1005 911 miseri
1040 869 1247 924 negotium
1257 888 1268 920 3
1305 869 1408 922 quod
1444 870 1475 909 si
1510 870 1631 910 sciam
1666 869 1891 910 cuiusmodi
1924 870 1989 919 sit,

236 945 358 986 sciam
392 944 489 998 quid
522 944 721 998 agendum
754 943 854 984 mihi
889 943 954 983 sit.
989 943 1057 983 Me
1090 943 1321 983 etiamnunc
1354 943 1523 983 istorum
1557 942 1840 983 beneficiorum
1874 947 1913 983 et
1944 942 1990 982 11-

235 1022 409 1058 terarum
444 1017 700 1071 exspectatio,
735 1022 781 1057 ut
812 1016 890 1056 tibi
922 1015 1066 1071 placet,
1100 1014 1403 1055 Thessalonicae
1438 1020 1561 1055 tenet.
1596 1015 1637 1055 Si
1670 1015 1767 1069 quid
1801 1015 1876 1055 erit
1898 1015 1990 1056 novi

237 1090 415 1139 allatum,
451 1089 573 1130 sciam
606 1089 654 1130 de
687 1090 840 1144 reliquo
875 1089 971 1143 quid
1005 1088 1203 1143 agendum
1239 1088 1304 1128 sit.
1338 1088 1399 1128 Tu
1434 1088 1480 1138 si,
1515 1093 1561 1128 ut
1601 1087 1755 1137 scribis,
1780 1088 1873 1128 Kal.
1897 1089 1990 1129 Iun.

238 1163 364 1203 Roma
396 1162 597 1217 profectus
630 1178 685 1213 es,
720 1162 950 1218 propediem
982 1178 1055 1203 1105
1098 1160 1267 1201 videbis.
1318 1161 1486 1211 Literas,
1529 1176 1627 1216 quas
1667 1161 1716 1202 ad
1758 1161 1992 1216 Pompeium

238 1236 392 1291 scripsi,
426 1235 503 1276 tibi
535 1236 640 1277 misi.
675 1237 768 1277 Dat.
802 1236 867 1277 Id.
902 1237 994 1277 Iun.
1028 1234 1346 1276 Thessalonicae.

238 1402 304 1432 tive
336 1401 478 1441 ponitur.
509 1399 559 1431 Cf.
589 1400 679 1440 epist.
711 1400 827 1440 Pomp.
857 1400 958 1431 VIII.
992 1400 1030 1430 12
1052 1399 1093 1429 D.
1114 1411 1115 1417 ¹
1140 1408 1200 1429 11115
1222 1398 1283 1428 sibi
1307 1398 1507 1430 inferendae.
1547 1399 1664 1429 Mortis
1687 1399 1888 1439 oppetendae
1916 1403 1994 1428 tem-

240 1460 324 1486 extr.
346 1453 410 1484 XI.
434 1454 482 1490 13,
507 1453 534 1483 1.
558 1453 655 1483 Τ1156.
679 1453 721 1483 V.
746 1452 814 1485 107.
845 1452 911 1483 Iam
937 1462 1007 1483 vero
1031 1452 1093 1482 emi·
1115 1487 1116 1500 ¹
1139 1462 1197 1491 pus
1220 1451 1488 1482 honestissimum
1516 1452 1779 1492 praetermiserat
1811 1453 1876 1491 (ep.
1906 1451 1933 1487 7,
1965 1451 1992 1487 2,

239 1508 314 1538 lium
337 1509 482 1548 qmmlum
506 1506 625 1536 demum
648 1505 1095 1547 apeqmtmzpereqrimcfiwze
1115 1502 1117 1530 ἶ
1140 1506 1179 1535 ad
1204 1504 1244 1542 Q.
1268 1505 1306 1535 fr.
1336 1505 1364 1535 I.
1395 1506 1422 1541 3,
1455 1506 1497 1545 ὅ),
1528 1516 1629 1545 quum
1657 1505 1763 1535 adhuc
1797 1506 1830 1536 in
1861 1505 1993 1536 civitate

239 1560 357 1602 dcffcrl.
381 1560 430 1591 De
453 1560 555 1590 simili
575 1569 636 1590 usu
659 1570 690 1590 v.
713 1562 821 1590 tantus
838 1560 902 1590 vid.
919 1559 1037 1590 Matth.
1055 1560 1095 1589 ad
1116 1550 1118 1591 l
1141 1563 1239 1594 esset;
1264 1568 1351 1588 nunc
1374 1558 1438 1588 tale
1462 1558 1589 1588 facinus
1612 1558 1764 1598 ignaviae
1786 1558 1993 1589 tribueretur.

238 1614 355 1645 Manil.
380 1614 407 1650 6,
432 1614 481 1644 14.
1116 1627 1118 1658 1
1140 1610 1240 1649 Quod
1262 1611 1351 1641 Med.
1373 1611 1427 1640 dat
1448 1610 1560 1650 optimo
1579 1620 1693 1648 qenere
1721 1620 1788 1640 non
1817 1610 1913 1641 debet
1943 1611 1998 1640 de-

280 1668 308 1697 A
331 1667 475 1707 Pompeio
498 1677 533 1698 o:
557 1672 730 1707 postquam
752 1669 791 1698 de
815 1667 974 1706 Pompeio
999 1667 1095 1706 scrip·
1117 1663 1118 1683 l
1140 1664 1241 1695 fendi.
1264 1664 1362 1695 Recte
1384 1665 1596 1695 emendatum
1619 1669 1666 1695 est
1682 1666 1826 1704 tempore.
1849 1663 1900 1695 Cf.
1916 1663 1996 1694 San-

239 1731 336 1752 seras.
373 1721 502 1751 Iudicat
525 1721 685 1757 ordinem,
708 1731 774 1761 quo
797 1721 830 1751 in
855 1721 992 1760 epistola
1016 1720 1092 1750 alte·
1117 1701 1118 1772 1
1142 1718 1249 1748 tenius
1274 1718 1312 1747 ad
1337 1717 1459 1748 Catulli
1480 1717 1563 1756 eleg.
1586 1717 1625 1746 ad
1649 1716 1815 1747 Manlium
1838 1726 1867 1747 v.
1893 1717 1942 1746 52.

240 1784 313 1804 rum
337 1773 479 1813 excipiat
501 1773 650 1810 alterum,
674 1773 707 1803 in
724 1783 787 1813 qua
802 1783 835 1804 re
853 1773 1011 1803 solemnis
1028 1778 1096 1803 erat
1117 1782 1119 1814 2
1185 1771 1202 1809 ξ
1226 1772 1254 1800 3.
1280 1770 1413 1801 istm-2012
1436 1770 1660 1807 beueficiormn.
1697 1784 1708 1794 υ
1721 1770 1841 1809 Ignota
1864 1770 1921 1800 illa
1945 1770 1996 1800 be-

241 1837 319 1857 usus
342 1835 449 1866 praep.
472 1825 519 1855 (ab.
1118 1832 1119 1857 1
1142 1825 1267 1861 neficia,
1292 1834 1351 1855 1166
1374 1825 1548 1864 quisquam
1572 1824 1787 1864 interpretum
1810 1823 1997 1854 offenditur.

282 1878 337 1908 Sin.
360 1897 392 1900 ——
422 1878 545 1918 infirma
567 1880 650 1908 sunt.
672 1878 732 1918 Ep.
756 1887 821 1917 seq.
846 1879 873 1908 1.
895 1878 949 1907 Sin
972 1878 1035 1907 ista
1058 1896 1098 1900 —-
1118 1872 1120 1894 ¹¹
1143 1877 1228 1908 Puto
1251 1878 1347 1907 scrib.
1371 1877 1560 1907 eomz'lz'orwn
1584 1887 1617 1907 o:
1643 1885 1679 1907 nt
1702 1877 1812 1913 sciam,
1847 1877 1903 1917 qui
1933 1887 1998 1907 ma-

242 1931 437 1963 evanuerinl.
463 1931 562 1968 Quod
579 1931 673 1961 codd.
697 1931 766 1961 noti
781 1932 858 1960 dant
874 1931 922 1960 sin
947 1932 1098 1971 ——nfirma
1120 1916 1121 1934 l
1143 1930 1297 1969 gistratus
1320 1930 1353 1960 in
1378 1930 1567 1969 proximum
1589 1939 1715 1959 annum
1737 1929 1901 1969 designati
1922 1929 1997 1960 sint.

241 1987 325 2022 sant,
348 1989 417 2015 tum
439 1985 573 2015 (1611111111
595 1985 724 2024 probari
747 1990 864 2024 posset,
896 1985 922 2014 si
952 1985 1099 2015 additum
1143 1983 1217 2013 Hoc
1240 1983 1452 2013 confirmatur
1474 1992 1522 2023 ep.
1547 1983 1595 2018 12,
1622 1983 1649 2012 1.
1683 1981 1770 2021 Spem
1793 1982 1934 2013 ostendis
1954 1992 1998 2012 se-

244 2044 328 2069 essct
351 2039 445 2075 mala,
468 2043 505 2068 ut
527 2037 620 2068 Fam.
644 2037 742 2068 XIV.
766 2039 794 2075 3,
820 2038 834 2068 1
859 2038 908 2067 sin
922 2038 999 2068 llaec
1016 2038 1099 2068 mala
1122 2025 1123 2039 ¹
1145 2035 1275 2066 cundum
1301 2036 1435 2073 comitia,
1463 2042 1494 2067 et
1517 2045 1566 2076 ep.
1591 2037 1638 2073 13,
1664 2036 1714 2065 1.”
1752 2036 1779 2066 I.
1808 2035 1845 2066 F.
1876 2035 1999 2067 Grono-

241 2091 307 2128 lz'xa
329 2093 411 2121 smel.
1123 2090 1228 2120 :vius
1257 2090 1333 2120 Non
1364 2090 1524 2121 assentior
1552 2090 1622 2120 viro
1651 2100 1790 2120 5111111110.
1835 2090 2000 2121 Beneficia

289 2144 378 2185 Quod
400 2163 441 2166 —
451 2143 523 2184 fiet.
561 2144 662 2176 Tecte
685 2144 809 2175 indicat
832 2143 1009 2175 consilium
1038 2153 1104 2174 ma-
1122 2134 1125 2177 l,
1147 2144 1243 2180 nobis
1265 2144 1380 2183 ignota
1402 2144 1443 2174 ab
1464 2143 1577 2175 Attico
1599 2143 1727 2174 ostendi
1748 2148 1907 2184 poterant.

874 2251 924 2291 1.
991 2252 1055 2304 (A.
1099 2249 1143 2289 U.
1182 2250 1223 2289 C.
1258 2250 1377 2303 696.)

311 2368 350 2406 1.
385 2367 488 2406 Acta
521 2379 621 2419 quae
655 2369 787 2405 essent
819 2379 945 2419 usque
980 2380 1015 2406 a.
1051 2365 1090 2405 d.
1126 2377 1226 2405 VIII.
1268 2362 1442 2404 Kalend.
1487 2363 1579 2404 Iun.
1625 2364 1792 2418 cognovi
1832 2378 1879 2404 ex
1920 2363 2001 2403 tuis

246 2439 386 2479 literis.
421 2437 590 2491 Reliqua
624 2436 916 2491 exspectabam,
950 2442 997 2478 ut
1030 2436 1106 2477 tibi
1138 2435 1335 2490 placebat,
1368 2434 1693 2493 Thessalonicae3
1729 2433 1875 2489 quibus
1909 2434 2002 2476 alla-

246 2511 299 2551 tis
332 2510 489 2551 facilius
523 2515 696 2551 statuere
730 2515 881 2565 potero,
916 2510 987 2551 ubi
1022 2510 1110 2551 sim.
1153 2510 1193 2550 N
1198 2524 1273 2558 am,
1308 2509 1341 2548 si
1375 2508 1449 2548 erit
1483 2523 1614 2558 causa,
1650 2508 1683 2548 si
1717 2507 1814 2562 quid
1848 2512 2000 2562 agetur,

247 2586 281 2626 si
315 2600 423 2640 spem
457 2584 607 2635 videro,
643 2589 712 2625 aut
744 2583 895 2624 ibidem
929 2584 1110 2638 opperiar
1143 2586 1213 2623 aut
1244 2596 1306 2622 me
1341 2580 1390 2621 ad
1423 2585 1461 2621 te
1496 2580 1717 2631 conferam,
1763 2580 1838 2630 sin,
1880 2584 1925 2620 ut
1956 2584 2003 2620 tu

247 2657 402 2708 scribis,
436 2658 513 2698 ista
546 2657 796 2707 evanuerint,
832 2655 985 2711 aliquid
1020 2654 1128 2696 aliud
1152 2653 1390 2694 videbimus.
1426 2653 1602 2693 Omnino
1626 2652 1757 2693 adhuc
1778 2651 1880 2693 nihil
1903 2652 2002 2692 mihi

246 2731 480 2786 significatis
513 2731 591 2771 nisi
627 2730 866 2771 discordiam
900 2730 1067 2770 istorum
1082 2746 1092 2779 3
1128 2742 1228 2782 quae
1261 2732 1393 2767 tamen
1428 2727 1531 2767 inter
1564 2742 1630 2767 eos
1654 2726 1702 2766 de
1725 2724 1912 2766 omnibus
1934 2740 2002 2780 po-

245 2804 327 2845 tius
360 2802 479 2844 rebus
513 2807 573 2843 est
606 2818 726 2857 quam
760 2802 807 2842 de
852 2817 928 2842 me.
973 2801 1129 2854 Itaque,
1175 2798 1272 2853 quid
1317 2813 1362 2838 ea
1405 2798 1504 2839 mihi
1547 2798 1686 2852 prosit,
1730 2797 1878 2838 nescio.
1925 2796 2002 2837 Sed

245 2882 393 2927 tamen,
429 2875 559 2930 quoad
593 2890 656 2916 me
690 2890 759 2915 vos
793 2889 947 2929 sperare
990 2873 1123 2922 vultis,
1166 2870 1278 2911 vobis
1320 2870 1616 2926 obtemperabO.
1663 2873 1702 2910 2.
1748 2871 1853 2910 Nam
1895 2869 2001 2923 quod

288 3029 306 3067 ξ
330 3029 356 3058 1.
380 3027 584 3067 Siymssfieccfit'.
618 3027 751 3058 Atticus
782 3033 812 3058 et
843 3027 908 3063 alii,
937 3026 992 3066 qni
1026 3034 1100 3056 eum
1123 3036 1125 3070 1
1191 3024 1208 3062 ἓ
1234 3024 1262 3054 ἑὲ.
1289 3023 1363 3053 Tam
1385 3034 1424 3053 ac
1446 3024 1548 3063 amplo
1562 3025 1660 3059 statu,
1677 3026 1739 3053 tam
1754 3023 1785 3052 in
1803 3022 1882 3052 bona
1900 3033 1999 3053 causa

246 3081 286 3111 de
309 3081 415 3117 rebus,
439 3090 522 3121 quae
546 3081 579 3111 in
603 3081 683 3112 urbe
715 3086 899 3121 agerentur,
929 3079 1102 3110 certiorem
1148 3077 1192 3107 H.
1217 3078 1236 3107 1.
1261 3077 1421 3117 scriptura
1450 3078 1543 3107 codd.
1571 3076 1770 3106 deteriorum
1798 3075 1941 3106 He1mst.
1971 3082 2003 3106 et

247 3133 418 3165 faciebant.
1149 3131 1234 3160 Bau.
1259 3140 1274 3159 a
1298 3129 1438 3160 Graevio
1461 3130 1558 3160 allata
1583 3135 1745 3168 praestare
1770 3128 1898 3159 videtur
1928 3129 2002 3160 libri
