2117 3533
237 164 288 202 26

820 370 947 410 XIII.
1014 370 1078 422 (Α.

638 163 722 203 ΕΡ.
756 163 833 203 AD
865 163 911 203 T.
946 162 1295 203 POMPONIUM
1328 163 1590 204 ATTICUM.

1121 369 1164 410 U.
1203 371 1244 410 C.
1280 371 1398 424 693.)

300 499 337 536 1.
381 496 531 550 Accepi
571 501 662 536 tuas
694 495 767 536 tris
800 496 879 536 iam
913 494 1120 550 epistolas:
1156 511 1279 537 unam
1312 512 1334 537 a
1368 497 1428 537 M.
1463 496 1661 548 Cornelio,
1697 513 1815 552 quam
1847 498 1993 540 Tribus

232 568 438 619 Tabernis,
473 573 520 609 ut
552 569 705 624 opinor,
740 568 776 609 ei
811 567 971 617 dedisti,
1015 569 1191 620 alteram,
1228 585 1347 624 quam
1380 570 1480 610 mihi
1514 570 1742 612 Canusinus
1775 577 1871 613 tuus
1903 573 1993 613 hos-

231 657 299 696 pes
332 641 521 692 reddidit,
563 641 736 691 tertiam,
772 655 904 699 quam,
941 645 984 681 ut
1018 641 1171 692 scribis,
1207 657 1351 683 ancora
1385 642 1514 683 soluta
1548 642 1595 682 de
1636 643 1796 698 phaselo
1832 644 1992 686 dedisti.

187 729 201 754 5
232 714 344 765 Quae
379 713 541 755 fuerunt
575 729 709 755 01111105
740 715 765 757 †
797 713 1002 754 rhetorum
1024 730 1122 769 pure
1144 715 1378 770 loquuntur,
1404 730 1528 770 quum
1550 715 1813 757 humanitatis
1836 732 1993 772 sparsae

233 787 326 837 sale,
360 791 448 828 tum
481 787 658 842 insignes
693 788 836 828 amoris
869 788 990 828 notis.
1025 787 1184 840 Quibus
1218 788 1397 843 epistolis
1431 804 1520 829 sum
1553 789 1737 843 equidem
1773 789 1843 830 abs
1875 794 1914 830 te
1938 790 1994 830 la-

233 861 399 902 cessitus
433 860 482 902 ad
517 860 786 912 scribendum,
830 861 898 902 sed
932 861 1081 902 idcirco
1115 877 1204 903 sum
1236 862 1400 912 tardior,
1436 861 1542 917 quod
1575 877 1657 902 non
1696 862 1856 904 invenio
1900 863 1994 904 fide-

232 934 309 975 lem
341 933 608 975 tabellarium.
643 934 801 986 Quotus
835 934 941 975 enim
976 934 1143 989 quisque
1178 939 1251 985 est,
1287 935 1355 989 qui
1385 934 1593 990 epistolam
1616 935 1750 990 paullo
1774 935 1994 990 graviorem

232 1007 330 1048 ferre
364 1007 502 1062 possit,
536 1007 614 1048 nisi
648 1022 735 1048 eam
767 1007 1002 1063 pellectione
1035 1008 1246 1049 relevarit?
1287 1007 1455 1049 Accedit
1488 1023 1547 1058 eo,
1584 1007 1689 1062 quod
1722 1008 1823 1049 mihi
1854 1023 1935 1049 non
1969 1010 1994 1052 †

185 1093 220 1118 10
232 1084 304 1130 est,
339 1084 385 1120 ut
419 1080 585 1134 quisque
618 1080 661 1121 in
694 1081 864 1137 Epirum
896 1081 1175 1136 proficiscitur.
1211 1082 1297 1136 Ego
1332 1081 1440 1122 enim
1472 1085 1511 1122 te
1544 1080 1713 1122 arbitror
1737 1082 1860 1123 caesis
1887 1081 1994 1137 apud

273 1270 290 1298 5
314 1268 479 1298 rhetorum.
503 1266 584 1297 Pure
607 1288 647 1291 —
670 1269 688 1299 9
711 1279 771 1299 ποι-1
789 1267 923 1308 perinde
946 1270 992 1298 est
1016 1287 1056 1290 —

274 1442 292 1481 ξ
315 1442 342 1471 l.
366 1439 480 1480 Accepi
509 1442 581 1470 tuas
603 1457 643 1461 —-
669 1438 828 1479 epistolas.
864 1439 943 1469 Post
964 1439 1089 1479 longio-
1113 1452 1114 1467 1
1135 1439 1280 1470 sublatae
1300 1443 1374 1471 sant
1395 1450 1541 1478 casecorae,
1562 1441 1709 1472 solvimus
1737 1452 1832 1478 oram,
1855 1441 1994 1481 profecti

232 1506 299 1527 rem
319 1496 610 1527 commorationem
633 1495 666 1525 in
684 1494 764 1525 urbe
780 1494 911 1525 Atticus
926 1504 1013 1525 anno
1030 1494 1089 1525 692

231 1553 373 1580 exeunte
398 1547 452 1588 (cf.
476 1548 670 1588 subscriptio
694 1548 783 1587 epist.
800 1547 920 1588 praec.)
936 1547 1088 1578 discesse-

231 1608 279 1634 rat
295 1609 326 1634 et
340 1612 452 1634 mense
468 1602 622 1633 Ianuario
636 1601 669 1632 in
685 1600 856 1632 Graeciam
864 1601 968 1632 rediit.
984 1602 1088 1632 Brun-

232 1658 324 1695 disio,
349 1667 453 1698 quum
474 1666 564 1687 mare
586 1656 777 1686 traiecturus
800 1660 876 1691 erat,
900 1654 938 1685 de
954 1655 1088 1695 phaselo

232 1712 402 1752 epistolam
426 1710 577 1742 Ciceroni
600 1710 688 1740 misit
703 1714 733 1740 et
749 1709 798 1740 bis
813 1710 847 1740 in
863 1709 980 1740 itinere
995 1709 1088 1740 dede-

231 1770 288 1797 rat.
312 1766 388 1796 Non
411 1764 624 1804 adscripscrat
644 1763 696 1794 his
710 1763 847 1793 nomina
861 1763 1016 1799 locorum,
1032 1763 1088 1793 sed

231 1819 345 1851 Cicero
368 1817 594 1858 suspicabatur
606 1816 759 1857 scriptam
775 1825 843 1847 esse
859 1816 999 1856 primam
1022 1815 1087 1845 Tri-

230 1876 285 1906 bus
311 1872 468 1910 Tabernis,
500 1882 582 1913 quae
612 1876 679 1903 erat
708 1871 803 1902 statio
831 1871 865 1901 in
896 1871 950 1901 via
978 1871 1089 1911 Appia

230 1929 315 1960 inter
337 1927 485 1958 Ariciam
508 1930 540 1957 et
561 1926 669 1956 forum
692 1925 804 1965 Appii,
827 1929 903 1955 nota
934 1934 951 1955 e
980 1934 1087 1954 narra-

230 1982 319 2012 tione
342 1979 467 2010 itineris
491 1979 633 2015 Paulini,
656 1978 731 2009 Act.
759 1978 876 2018 Apost.
907 1978 954 2014 28,
987 1977 1024 2007 15
1056 1982 1087 2007 et

230 2046 272 2066 ex
303 2033 476 2064 Itinerario
506 2032 688 2068 Antonini3
727 2032 863 2062 alteram
894 2030 1023 2061 C'azzusii
1052 2031 1085 2061 in

229 2087 363 2127 Apulia,
386 2086 442 2116 ubi
465 2085 639 2116 Horatium
662 2089 792 2125 poetam
815 2093 947 2124 quoque
977 2084 1086 2114 dever-

229 2141 305 2171 tisse
329 2139 449 2170 scimus
473 2148 489 2169 e
512 2138 629 2169 festiva
650 2137 708 2168 illa
736 2136 862 2167 itineris
892 2136 1087 2167 Brundisini

229 2192 454 2232 descriptione,
479 2190 544 2221 Sat.
569 2191 594 2220 I.
619 2192 646 2227 5,
670 2190 719 2220 91.

271 2247 396 2276 Ancora
419 2245 524 2275 soluta
544 2243 585 2274 >de
600 2243 742 2283 phaselo.
781 2242 895 2274 Cicero
917 2243 1025 2274 verbis
1054 2244 1088 2271 ut

229 2300 339 2331 scribis
361 2300 482 2330 indicat
505 2308 573 2329 esse
594 2298 674 2328 haec
696 2297 810 2328 Attici.
855 2296 920 2328 Sed
948 2297 1008 2327 vix
1035 2307 1088 2337 po-

230 2359 311 2385 terat
333 2354 432 2384 homo
460 2353 636 2388 Romanus,
667 2351 765 2381 etiam
794 2350 986 2381 festinanter
1014 2350 1088 2381 scri-

233 2408 321 2443 bens,
346 2407 426 2437 adeo
449 2415 555 2437 errare
577 2410 611 2435 ut
634 2414 692 2445 pro
716 2414 835 2434 ancora
857 2403 983 2433 sublata
1014 2403 1088 2433 scri-

231 2461 321 2491 beret
342 2460 456 2495 soluta',
481 2458 530 2495 (in
550 2457 672 2488 Lucilii
687 2457 775 2488 enim
798 2456 982 2496 fragmento
1004 2456 1090 2496 apud

231 2514 379 2544 Nonium
407 2523 436 2553 p.
468 2512 528 2542 536
556 2521 615 2551 pro
643 2510 782 2540 anchora
811 2509 958 2540 solam'st
997 2509 1089 2539 aliud

233 2577 353 2598 nomen
377 2565 501 2606 requiri
524 2570 555 2596 et
576 2564 800 2604 interpretatio
823 2563 1027 2603 grammatici
1058 2567 1089 2593 et

232 2626 373 2652 metmm
406 2621 508 2650 docet.
552 2618 602 2649 De
639 2618 785 2648 Turnebi
823 2618 1010 2648 coniectura
1044 2616 1088 2647 ibi

233 2675 456 2706 scribendum:
482 2672 581 2702 Funis
610 2671 689 2702 enim
715 2671 874 2710 praecisa*
905 2670 967 2700 cito
997 2672 1090 2711 atque

234 2737 367 2759 ANGINA
400 2726 574 2766 soluta’st.)
612 2735 671 2756 nec
703 2723 817 2755 Cicero
846 2729 913 2754 tam
941 2724 1090 2754 inhuma-

234 2792 294 2813 nus
324 2786 400 2818 erat,
430 2785 464 2810 ut
493 2784 641 2820 apertum
670 2778 787 2809 calami
823 2778 950 2818 lapsum
986 2778 1090 2807 amico

235 2846 294 2867 suo
317 2835 480 2865 obiiceret.
505 2833 753 2872 Peerlkampius
776 2832 889 2872 pulcre
912 2832 994 2862 vidit
1016 2831 1090 2862 scri-

234 2889 378 2919 bendum
401 2896 470 2918 esse
492 2896 609 2917 ancora
633 2885 768 2922 sublata,
797 2896 853 2915 ora
882 2885 996 2920 soluta,
1027 2893 1091 2915 me-

235 2941 353 2981 diaque
376 2941 495 2971 omissa
517 2949 585 2971 esse
609 2949 626 2969 a
648 2939 790 2969 librario.
817 2937 909 2967 Orant
924 2937 1043 2967 solz-ere
1058 2937 1090 2967 in

236 3004 385 3025 sermone
407 2994 537 3024 nautico
559 2993 711 3023 dicebant
734 3002 791 3032 pro
814 2992 940 3022 solvere
970 2991 1090 3027 funem,

237 3056 303 3087 quo
333 3046 425 3076 navis
455 3045 608 3085 alligatur
637 3054 720 3075 orae.
759 3043 806 3075 Cf.
837 3044 968 3081 Quinct.
992 3042 1090 3084 praef.

238 3101 256 3140 ξ
279 3101 297 3130 3
313 3099 530 3139 permittamus
552 3098 621 3128 vela
642 3097 744 3128 ventis
774 3099 804 3128 et
833 3107 919 3127 oram
948 3096 1092 3127 solventi-

237 3152 292 3183 bus
314 3151 388 3183 bene
411 3160 581 3192 precemur.
613 3155 645 3182 et
674 3151 736 3182 iv.
768 3151 797 3187 2,
827 3150 883 3181 412
917 3148 1091 3185 conscendi,

1136 1502 1249 1524 sumus.
1294 1494 1470 1525 Phaselum
1493 1494 1592 1526 fuisse
1617 1495 1787 1535 navigium
1813 1495 1994 1535 Aegyptio·

1136 1555 1210 1576 rum
1233 1546 1334 1586 vulgo
1358 1551 1472 1576 notum
1506 1552 1562 1577 est.
1607 1547 1673 1578 Sed
1700 1548 1829 1578 Nonius
1859 1547 1993 1587 interpr.

1136 1598 1294 1639 naz-z'yiunz
1319 1598 1501 1638 Campanam
1526 1605 1556 1631 et
1580 1600 1671 1631 affert
1694 1610 1711 1631 e
1734 1600 1870 1631 Salustii
1893 1605 1924 1631 et
1947 1599 1995 1631 Si-

1135 1662 1256 1683 sennae
1279 1652 1435 1683 Historiis
1456 1653 1652 1690 testimonia,
1676 1664 1709 1693 p.
1731 1655 1800 1684 534.

1180 1704 1266 1745 Quae
1279 1705 1417 1745 suerunt
1439 1716 1541 1736 omnes
1563 1709 1579 1742 ’1-
1601 1707 1756 1737 rhetorum
1774 1717 1857 1747 pure
1868 1706 1994 1747 loquun-

1137 1760 1198 1795 tur,
1229 1763 1287 1789 eet.
1323 1758 1451 1789 Locum
1480 1764 1668 1799 corruptum
1697 1760 1753 1790 alii
1784 1759 1878 1790 aliter
1906 1759 1995 1790 resti-

1134 1817 1223 1843 tuere
1247 1812 1355 1843 conati
1384 1816 1468 1842 sunt.
1512 1813 1602 1843 Ante
1633 1812 1798 1844 Orellium
1827 1812 1993 1844 ferebant:

1132 1876 1211 1907 quae
1224 1865 1362 1906 fuerunt
1386 1876 1488 1897 omnes
1511 1867 1678 1897 rhetorum.
1722 1867 1807 1897 Pure
1829 1867 1997 1908 loquuntur

1137 1923 1196 1949 cet.
1242 1918 1307 1949 Sed
1330 1928 1389 1949 1100
1404 1918 1543 1957 fuerunt
1567 1919 1734 1956 rhetorum,
1763 1929 1824 1950 nec
1846 1930 1928 1960 pure
1955 1919 1997 1950 Zo-

1136 1973 1274 2012 qauntur
1304 1972 1459 2012 epistolae
1490 1972 1523 2003 in
1556 1972 1713 2004 Cicerone
1746 1973 1920 2004 ferendum
1942 1976 1998 2003 est.

1135 2025 1233 2056 Mitto
1263 2026 1464 2056 coniecturas
1494 2036 1512 2056 a
1540 2036 1594 2057 me
1631 2027 1711 2057 olim
1747 2026 1927 2067 propositas
1961 2026 1994 2056 in

1136 2078 1229 2109 Misc.
1254 2078 1376 2109 Philol.
1399 2078 1540 2109 Amstel.
1564 2079 1627 2109 III.
1657 2090 1687 2119 p.
1723 2080 1791 2115 108,
1823 2084 1859 2110 ut
1887 2078 1996 2110 Peerl-

1132 2130 1342 2170 kampianam
1364 2140 1559 2161 memorem:
1584 2141 1661 2171 quae
1674 2130 1812 2171 fuerunt
1835 2141 1938 2162 omnes
1961 2141 1994 2162 οε

1133 2189 1260 2225 praeter
1281 2184 1357 2215 illas
1378 2188 1442 2215 tres
1460 2185 1569 2215 nullas
1587 2185 1703 2225 accepi.
1728 2184 1895 2215 Rhetorecm
1910 2194 1994 2215 more

1134 2237 1312 2277 loquuntur.
1337 2236 1444 2267 Amor
1466 2236 1633 2268 Ciceronis
1648 2237 1831 2268 reddiderat
1845 2237 1994 2268 Atticum

1135 2286 1356 2333 φιλορήτορα.
1402 2289 1511 2329 Magis
1534 2299 1621 2319 nunc
1644 2294 1753 2320 tamen
1777 2290 1882 2329 placet
1903 2290 1994 2320 Mad-

1134 2345 1216 2385 vigii
1237 2345 1394 2376 correctio
1418 2346 1451 2376 in
1476 2345 1721 2377 Schneidewini
1744 2346 1864 2376 Philol.
1891 2346 1935 2376 H.
1961 2347 1988 2383 1,

1134 2409 1163 2438 p.
1188 2399 1248 2428 142
1269 2398 1449 2438 proposita:
1477 2398 1564 2438 Quae
1577 2399 1714 2439 fuerant
1737 2409 1848 2435 omnes,
1871 2401 1906 2429 ut
1920 2399 1990 2430 rhe-

1133 2453 1231 2481 torum
1258 2451 1353 2491 pueri
1389 2452 1570 2492 loquuntur,
1607 2453 1640 2482 in
1677 2452 1794 2492 quibus
1832 2453 1992 2483 rhetorum

1127 2504 1220 2544 pueri
1241 2509 1350 2534 tamen
1374 2504 1494 2535 invecti
1516 2509 1593 2535 sunt
1627 2505 1667 2534 ab
1691 2505 1820 2535 indocto
1851 2505 1993 2535 libra-rio.

1135 2556 1249 2588 Cicero
1270 2556 1391 2587 Graece
1409 2558 1594 2598 scripserat:
1619 2555 1772 2603 ῥητόρων
1803 2552 1934 2595 παῖδες.
1949 2558 1990 2590 cf.

1136 2616 1175 2646 B.
1198 2620 1253 2645 ten
1277 2614 1384 2645 Brink
1407 2614 1440 2644 in
1464 2615 1584 2646 Philol.
1609 2615 1687 2645 VII.
1710 2626 1740 2655 p.
1765 2616 1834 2645 589.
1873 2614 1996 2645 Simili-

1137 2674 1185 2700 ter
1207 2669 1250 2699 V.
1274 2669 1321 2705 10,
1346 2670 1373 2705 ἴ),
1400 2678 1458 2708 pro
1482 2664 1551 2700 ἅνω
1581 2665 1670 2701 κάτω
1694 2668 1819 2698 librarii
1837 2668 1993 2708 interpre-

1139 2726 1297 2756 tationem
1319 2735 1440 2755 sccrsum
1465 2726 1607 2756 deorsum
1630 2726 1797 2755 dederunt.

1180 2777 1242 2807 Sed
1263 2777 1380 2808 idcireo
1403 2788 1466 2808 sum
1491 2777 1623 2813 tardior,
1646 2782 1704 2807 cet.
1739 2777 1787 2807 De
1817 2777 1931 2806 eadem
1960 2784 1994 2805 re

1140 2830 1285 2869 queritur
1306 2830 1396 2861 Fam.
1421 2831 1446 2860 Ι.
1472 2830 1499 2867 7,
1524 2831 1550 2866 l,
1568 2829 1638 2869 (ubi
1654 2829 1737 2859 inter
1753 2827 1939 2858 committere
1953 2844 1994 2849 —

1144 2881 1269 2922 Quoties
1298 2882 1500 2913 intercidisse
1529 2882 1657 2912 videtur
1684 2880 1781 2911 cnivis
1803 2890 1826 2910 s.
1850 2878 1995 2920 quoivis.)

1140 2936 1200 2966 IV.
1223 2937 1252 2972 4,
1277 2936 1304 2966 l.
1328 2936 1396 2966 Att.
1420 2935 1499 2966 XV.
1522 2937 1550 2971 4,
1575 2936 1603 2965 4.

1186 2986 1302 3027 Quotus
1326 2987 1403 3017 em'm
1433 2986 1559 3027 quisque
1587 3005 1628 3008 —
1657 2985 1833 3016 relevat-it?
1869 2985 1997 3014 [ocatur

1141 3041 1175 3072 in
1198 3041 1305 3072 verbis
1324 3040 1501 3082 yrariorem
1515 3040 1608 3080 serre
1631 3045 1661 3070 ct
1683 3038 1844 3070 relevat-it.
1868 3037 1998 3069 Similia.

1141 3105 1183 3127 ex
1205 3096 1427 3137 Aristophane
1441 3100 1473 3127 et
1487 3095 1635 3126 Luciano
1644 3090 1783 3134 'collegit
1797 3092 1997 3124 Fritzsehius

1141 3150 1181 3184 ad
1202 3150 1370 3192 Aristoph.
1394 3149 1592 3191 Thesmoph.
1615 3159 1645 3191 p.
1678 3149 1746 3181 588.
1770 3166 1811 3174 -ῳ
1831 3145 1997 3178 Peucetio-
