2117 3533
442 163 551 206 LIB.
585 163 659 204 VI.
693 162 777 204 ΕΡ.
815 163 854 202 9.
891 186 947 191 -
981 160 1089 202 LIB.
1124 160 1222 202 VII.
1256 159 1340 200 ΕΡ.
1378 160 1417 199 1.
1723 154 1807 195 287

55 301 264 344 Piraeeum
296 305 386 340 tuas
420 298 470 339 ab
503 300 652 339 Acasto
686 301 821 337 nostro
854 296 990 337 literas
1024 294 1237 349 accepisse,
1267 291 1565 341 conturbatum,
1591 288 1697 345 quod
1722 303 1813 329 cum

56 374 156 415 febri
198 374 365 414 Romam
399 371 588 422 venisses,
623 369 728 410 bono
772 374 907 410 tamen
951 368 1084 409 animo
1128 382 1212 408 esse
1257 365 1447 421 coepisse,
1493 362 1601 419 quod
1642 364 1814 404 Acastus

55 463 115 497 ea,
151 461 251 500 quae
284 444 439 495 vellem,
474 443 522 484 (16
557 443 726 484 allevato
760 456 922 496 corpore
955 446 1026 482 tuo
1059 439 1280 489 nuntiaret,
1305 437 1554 479 cohorruisse
1579 441 1712 478 autem
1736 450 1814 485 1116,

57 518 163 573 quod
195 523 288 559 tuae
322 517 459 558 literae
493 517 542 557 de
594 515 822 570 legionibus
863 515 1044 556 Caesaris
1088 514 1287 563 afferrent,
1330 517 1371 553 et
1411 512 1536 566 egisse
1578 515 1727 560 tecum,
1772 516 1818 549 ut

56 591 225 641 videres,
259 607 309 632 ne
342 590 440 645 quid
473 586 742 647 φιλοτιμία
778 589 878 639 eius,
914 603 1032 643 quem
1066 587 1188 637 nosti,
1223 585 1340 627 nobis
1373 588 1556 635 noceret3
1598 588 1638 624 et
1671 582 1817 635 dequo
1858 603 1871 627 ς.

57 665 136 706 iam
170 664 323 719 pridem
357 663 407 705 ad
440 668 480 704 te
515 663 763 717 scripseram,
797 661 1018 703 Turranius
1053 666 1187 702 autem
1221 674 1335 701 secus
1368 657 1445 699 tibi
1478 656 1686 698 Brundisii
1710 655 1818 696 dixe-

57 743 119 779 rat
141 763 196 768 -
223 737 329 793 quod
365 753 412 778 ex
445 738 494 779 iis
528 737 654 778 literis
688 736 872 791 cognovi,
908 751 1006 790 quas
1040 750 1062 776 a
1086 735 1269 785 Xenone,
1293 732 1445 788 optimo
1468 731 1567 782 viro,
1592 730 1727 784 accepi
1746 753 1818 779 —,

58 826 128 852 cur
162 811 322 852 fratrem
356 810 584 866 provinciae
616 825 699 850 non
733 808 1025 864 praefecissem,
1060 807 1227 863 exposui
1260 806 1447 847 breviter.
1482 805 1595 846 Haec
1623 803 1703 844 fere
1727 807 1821 844 sunt

58 884 101 925 in
133 884 202 925 illa
235 883 417 939 epistola.
465 886 505 923 2.
540 883 662 924 Ν11110
697 881 793 922 audi
826 881 993 935 reliqua.
1028 880 1105 922 Per
1138 880 1338 921 fortunas!
1375 892 1533 919 omnem
1565 881 1683 918 tuum
1716 890 1822 917 amo-

59 972 155 1007 rem,
192 972 270 1010 quo
303 972 365 998 me
400 972 441 998 es
474 955 695 1011 amplexus,
731 970 969 1009 omnemque
1002 958 1114 995 tuam
1148 952 1419 1009 prudentiam,
1455 966 1573 1005 quam
1596 949 1822 991 mehercule

59 1030 101 1071 in
135 1030 244 1071 omni
276 1044 420 1084 genere
461 1028 597 1070 iudico
639 1027 896 1083 singularem,
940 1026 1075 1068 confer
1116 1025 1166 1067 ad
1210 1040 1296 1067 eam
1337 1039 1487 1075 curam,
1534 1029 1581 1064 ut
1625 1022 1673 1063 de
1715 1022 1823 1063 omni

60 1108 168 1144 statu
200 1119 287 1144 meo
321 1102 487 1157 cogites.
523 1101 670 1142 Videre
715 1101 823 1142 enim
867 1100 968 1141 mihi
1008 1099 1146 1141 videor
1193 1099 1384 1153 [tantam]
1431 1096 1731 1138 dimicationem
1766 1120 1823 1125 -

59 1176 137 1217 nisi
170 1176 277 1217 idem
311 1175 423 1227 deus,
459 1175 529 1230 qui
562 1189 634 1215 nos
668 1174 825 1224 melius,
861 1188 980 1227 quam
1014 1177 1151 1228 optare
1186 1171 1439 1221 auderemus,
1485 1169 1674 1211 Parthico
1718 1168 1823 1209 bello

60 1248 258 1300 liberavit,
292 1249 510 1304 respexerit
543 1263 623 1289 rem
658 1247 862 1303 publicam
897 1274 953 1278 —
990 1246 1058 1288 sed
1092 1250 1261 1296 tantam,
1297 1249 1448 1300 quanta
1481 1258 1689 1297 nunquam
1733 1242 1824 1284 fuit.

61 1324 161 1376 Age,
197 1322 271 1363 hoc
305 1322 454 1363 malum
487 1321 587 1362 mihi
621 1335 831 1361 commune
865 1324 926 1361 est
959 1334 1050 1360 cum
1085 1317 1288 1360 omnibus.
1323 1317 1441 1358 Nihil
1473 1315 1550 1357 tibi
1584 1317 1744 1367 mando,
1780 1321 1825 1357 ut

61 1394 109 1436 de
143 1410 189 1435 eo
223 1395 387 1450 cogites.
422 1394 530 1436 Illud
558 1409 692 1435 meum
715 1394 922 1448 proprium
943 1388 1232 1451 πρόβλημα,
1258 1406 1418 1446 quaeso,
1444 1391 1615 1445 suscipe.
1651 1391 1826 1432 Videsne

61 1473 106 1509 ut
140 1472 178 1509 te
213 1473 374 1510 auctore
408 1469 483 1509 sim
516 1472 732 1522 utrumque
766 1467 1023 1523 complexus?
1058 1468 1118 1507 Ac
1152 1465 1294 1507 vellem
1329 1481 1350 1506 a
1383 1464 1582 1520 principio
1605 1469 1644 1505 te
1669 1464 1826 1505 audisse

62 1541 301 1583 amicissime
335 1547 587 1583 monentem:

253 1634 380 1680 Ἀλλ’
418 1635 543 1696 ἐμὸν
575 1635 749 1680 οὔποτε
784 1634 957 1693 θυμὸν
991 1632 1067 1681 ἐνὶ
1102 1635 1377 1688 στήθεσσιν
1411 1629 1617 1686 ἔπειθες.

252 1704 555 1770 [Πατρίδος]
573 1743 582 1752 .
606 1743 613 1751 .
636 1743 644 1751 .
666 1743 675 1752 .

63 1811 140 1853 Sed
175 1809 391 1866 aliquando
424 1816 559 1851 tamen
604 1809 851 1865 persuasisti,
897 1814 944 1850 ut
986 1808 1154 1850 alterum
1196 1808 1493 1863 complecterer,
1536 1808 1631 1863 quia
1674 1808 1723 1849 de
1768 1823 1829 1849 1116

63 1888 147 1924 erat
180 1884 328 1939 optime
378 1884 558 1935 meritus,
602 1883 785 1933 alterum,
831 1882 926 1937 quia
969 1887 1129 1923 tantum
1173 1881 1345 1922 valebat.
1392 1882 1486 1922 Feci
1528 1881 1667 1936 igitur,
1708 1881 1829 1936 idque

64 1957 176 1997 effeci
211 1956 320 1997 omni
353 1955 559 2011 obsequio,
594 1960 640 1996 ut
672 1955 807 1996 neutri
840 1955 1000 1997 illorum
1035 1954 1249 2010 quisquam
1273 1959 1378 1996 esset
1400 1969 1463 1996 me
1481 1954 1623 1996 carior.
1658 1955 1697 1997 3.
1718 1955 1830 1995 Haec

108 2139 127 2171 2
138 2137 233 2180 febre
256 2157 298 2163 —-
320 2139 359 2171 12
381 2141 503 2171 tantam
525 2136 761 2170 dimicationem
781 2155 823 2161 —
845 2138 886 2170 20
907 2135 1082 2186 Πατρίδος
1109 2158 1151 2165 -
1172 2140 1213 2172 22
1234 2139 1310 2172 Feci
1332 2139 1443 2181 iyitur.
1464 2140 1577 2183 Itaque
1598 2158 1640 2165 -

65 2309 137 2332 cere
157 2300 275 2332 solent.
295 2300 464 2332 Ambulare
481 2301 596 2333 eadem
615 2301 648 2332 vi
662 2301 746 2334 redit
762 2301 826 2332 IX.
843 2303 872 2340 4,
895 2303 924 2333 3.
970 2303 1112 2335 Ernesto
1147 2303 1183 2334 in
1218 2304 1321 2343 atque,
1358 2306 1413 2333 aut
1445 2312 1522 2334 cum
1557 2303 1699 2341 Mosei-0,
1736 2303 1830 2345 Sym-

107 2354 135 2384 A
157 2354 294 2386 Xenone.
318 2354 369 2386 Cf.
392 2356 432 2385 ad
454 2355 498 2385 V.
522 2355 571 2392 10,
595 2357 624 2386 5.
974 2356 1037 2387 bol.
1068 2355 1148 2388 Crit.
1177 2356 1221 2388 V.
1256 2366 1287 2396 p.
1323 2356 1341 2386 8
1373 2355 1407 2386 in
1443 2355 1532 2397 atqui
1560 2357 1757 2388 mutandum
1785 2358 1830 2389 vi-

110 2409 128 2449 §
151 2410 180 2440 2.
211 2408 322 2440 Videre
337 2428 379 2432 —
391 2409 508 2441 videor.
523 2410 573 2441 De
586 2410 648 2441 hac
664 2410 814 2448 formula,
827 2420 927 2451 quam
969 2412 1075 2442 detur.

68 2465 157 2492 amat
193 2462 334 2500 Tullius,
371 2463 529 2494 dixerunt
565 2463 739 2494 Bentleius
774 2463 815 2493 ad
843 2462 926 2493 Hor.

68 2514 176 2547 Carm.
199 2515 246 2546 ΙΙ.
271 2516 298 2552 1,
322 2515 359 2546 21
396 2520 427 2546 61
456 2514 637 2556 Seyffertus
666 2516 707 2546 ad
737 2514 804 2546 Cic.
834 2514 927 2546 Lael.

66 2571 117 2608 41,
147 2580 178 2610 p.
207 2569 267 2602 279
297 2580 345 2610 sq.
378 2570 552 2610 Exemplis
582 2570 690 2602 citatis
723 2570 796 2601 add.
833 2569 926 2600 Fam.

68 2623 130 2654 IV.
153 2624 182 2659 4«,
207 2624 235 2653 3.
259 2622 322 2653 IX.
347 2623 396 2660 15,
420 2623 450 2654 2.
472 2622 572 2654 XIV.
597 2624 626 2660 3,
651 2624 679 2653 5.

111 2676 281 2717 [Tantam]
305 2676 536 2707 dimicationem
553 2676 663 2707 -sed
675 2678 808 2707 tantam.
831 2676 927 2707 Prius

66 2732 189 2761 tantam
212 2731 253 2761 ab
276 2730 435 2771 imperitis
457 2731 703 2762 consuetudinis
719 2731 858 2762 Latinae
874 2732 926 2761 ad-

66 2784 172 2815 ditum
203 2784 333 2815 monuit
365 2784 393 2814 I.
425 2783 464 2814 F.
497 2782 695 2822 Gronovius,
732 2794 924 2825 comparans

66 2839 175 2872 Plaut.
199 2840 285 2871 Rud.
308 2840 373 2870 III.
398 2841 425 2877 5,
449 2840 489 2870 20
510 2840 592 2881 affer
615 2839 694 2870 duas
723 2840 840 2877 clavas,
870 2839 927 2870 sed

63 2894 185 2935 probem,
210 2893 350 2925 Phaedr.
373 2893 435 2924 IV.
451 2894 499 2930 18,
519 2894 557 2924 19
572 2893 666 2924 odore
679 2893 807 2924 canibus
821 2904 923 2931 anum,

65 2948 123 2978 sed
150 2947 247 2978 multo
275 2947 408 2987 replent.
443 2947 542 2978 Mart.
574 2947 639 2978 ΙΙΙ.
670 2947 719 2984 24,
749 2948 765 2977 5
796 2949 831 2978 ut
863 2947 924 2978 cito

67 3000 239 3038 testiculos,
262 3000 319 3031 sed
340 3002 445 3038 acuta,
459 3000 553 3041 falce
574 3002 704 3031 secaret.

110 3054 185 3096 Aqe,
208 3055 265 3086 hoc
286 3055 400 3085 malam
422 3059 483 3086 cet.
506 3054 694 3085 Particulae
716 3065 774 3096 aye
794 3055 923 3095 elegan-

68 3106 149 3141 tiam
171 3107 292 3140 frustra
313 3108 523 3139 commendat
543 3107 698 3139 Handius
719 3107 754 3138 in
777 3107 872 3139 Turs.
894 3108 920 3138 I.

69 3170 102 3203 p.
123 3161 194 3194 208.
216 3161 378 3194 Alienum
401 3166 449 3194 est
471 3161 513 3193 ab
534 3161 595 3193 hac
617 3161 764 3194 oratione
786 3166 819 3193 et
846 3170 921 3192 cum

1016 2464 1190 2506 Utrumque.
1228 2463 1424 2504 Pompeium
1461 2469 1494 2496 et
1527 2464 1709 2502 Caesarem,
1746 2475 1829 2506 quae

970 2518 1107 2548 nomina
1129 2517 1163 2548 in
1194 2517 1283 2549 Med.
1313 2522 1345 2548 et
1372 2517 1469 2558 Hisp.
1499 2527 1518 2548 a
1546 2517 1728 2558 glossatore
1756 2524 1830 2559 post

969 2572 1146 2612 complexus
1168 2571 1278 2602 addita
1299 2576 1386 2602 sunt.

1016 2617 1090 2656 ἀλλ’
1120 2620 1197 2669 ἐμὸν
1225 2639 1274 2643 --
1302 2619 1454 2661 ἕπειθες.
1477 2623 1619 2664 Legitur
1631 2624 1665 2654 in
1682 2623 1828 2664 Odyssea

971 2677 1033 2715 IX,
1054 2679 1103 2714 33,
1126 2677 1185 2708 ubi
1203 2682 1386 2718 sequuntur
1398 2677 1494 2709 haec:
1510 2674 1554 2714 ὡς
1573 2672 1671 2709 οὐδὲν
1688 2674 1827 2721 ’γλύκιον

970 2724 1008 2767 ἧς
1044 2725 1212 2772 πάτρίὸος
1248 2725 1328 2762 οὐδὲ
1369 2729 1502 2766 τοκήων
1541 2728 1714 2775 γίγνεται,
1743 2740 1826 2770 quae

971 2792 1075 2823 usque
1098 2783 1139 2813 ad
1160 2779 1340 2828 πατρίδος,
1364 2784 1453 2823 quod
1475 2782 1583 2814 solum
1606 2783 1640 2814 in
1663 2783 1744 2814 Mss.
1772 2783 1826 2814 hic

971 2842 1070 2878 adest,
1103 2841 1286 2881 supplenda
1312 2846 1513 2872 censuerunt
1543 2841 1721 2878 Victorius,
1757 2841 1826 2872 alii-

971 2904 1045 2934 que,
1068 2894 1103 2925 in
1127 2894 1247 2934 quibus
1268 2904 1398 2935 quoque
1411 2894 1671 2934 Wesenbergius
1685 2895 1826 2925 Eniend.

971 2954 1001 2984 p.
1020 2946 1054 2980 3.
1076 2944 1149 2985 Ego
1177 2949 1292 2975 contra
1319 2940 1487 2987 πατρίδος
1513 2943 1642 2981 seclusi,
1670 2944 1827 2985 quoniam

972 3000 1071 3032 totius
1093 3000 1159 3031 loci
1180 3000 1264 3031 ratio
1286 2999 1346 3030 illa
1367 3000 1468 3031 verba
1490 2999 1606 3032 reiicit.

1011 3052 1085 3083 Feci
1106 3052 1214 3094 issaar,
1237 3051 1327 3094 idque
1355 3052 1446 3094 effeci
1473 3058 1533 3084 cet.
1578 3052 1692 3093 Vulgo
1720 3052 1827 3094 itaque

970 3105 1071 3147 effeci.
1095 3104 1232 3136 Cor-rexi
1256 3114 1273 3137 e
1287 3104 1420 3137 Graevii
1434 3105 1633 3138 coniectura.
1655 3105 1826 3137 Manutius

970 3159 1084 3192 scribit
1106 3160 1207 3200 alque.

1846 969 1877 994 111

1850 1329 1879 1354 15

1850 1721 1885 1747 20
