2117 3533
723 152 832 195 LIB.
866 152 942 193 IV.

975 152 1060 193 ΕΡ.
1097 153 1165 193 16.
1740 149 1825 188 199

64 288 402 343 gloriosissimam.
457 289 599 343 [Nam]
635 289 678 329 in
712 289 862 342 Campo
895 287 1044 329 Martio
1089 292 1224 342 saepta
1257 286 1420 328 tributis
1454 285 1627 327 comitiis
1661 299 1828 325 marmo-

66 377 131 404 rea
164 376 300 402 sumus
334 365 374 401 et
406 365 512 402 tecta
545 361 691 402 facturi
725 376 849 415 eaque
884 360 1091 415 cingemus
1125 360 1280 401 excelsa
1314 359 1485 414 porticu,
1520 364 1566 400 ut
1598 358 1706 399 mille
1739 373 1828 413 pas-

66 450 182 476 suum
215 433 448 475 conficiatur
457 453 468 485 3
504 434 624 475 simul
657 434 899 488 adiungetur
932 433 1027 475 111116
1060 434 1170 488 operi
1203 432 1296 473 villa
1330 433 1450 473 etiam
1473 431 1649 487 publica.
1684 432 1825 473 Dices:

67 507 175 559 Quid
215 505 315 547 mihi
362 505 438 547 hoc
488 510 794 547 monumentum
842 506 1044 561 proderit?
1085 505 1209 557 Quid,
1255 504 1391 545 celabo
1425 509 1463 545 te
1508 520 1568 546 res
1602 506 1828 547 Romanas?

65 581 160 622 Non
193 580 299 621 enim
331 584 371 621 te
402 584 501 635 puto
536 579 584 621 de
616 580 756 630 lustro,
791 580 900 634 quod
932 580 1013 620 iam
1047 579 1301 634 desperatum
1335 582 1408 627 651,
1455 583 1524 619 aut
1557 578 1605 619 de
1648 579 1826 630 iudiciis,
1867 590 1881 615 5

65 668 165 709 quae
197 652 284 707 lege
317 652 343 696 †
377 652 516 694 Coctia
548 653 665 705 fiunt,
701 668 903 707 quaerere.
941 656 979 693 9.
1014 653 1138 694 Nunc
1172 656 1212 693 te
1246 651 1450 706 obiurgari
1482 656 1632 707 patere,
1668 652 1701 692 si
1726 652 1827 692 iure.

66 724 215 768 Scribis
248 725 355 766 enim
387 726 431 767 in
464 741 509 767 ea
542 726 724 782 epistola,
771 741 889 780 quam
931 726 977 767 C.
1010 725 1218 766 Decimius
1262 724 1363 766 mihi
1406 725 1584 766 reddidit
1628 724 1829 765 Buthroto

67 799 214 850 datam,
247 798 290 839 in
324 799 462 840 Asiam
494 797 571 840 tibi
604 798 783 840 eundum
817 814 901 840 esse
934 803 974 839 te
1008 797 1204 839 arbitrari.
1238 797 1345 838 Mihi
1378 797 1605 838 mehercule
1639 797 1742 838 nihil
1775 797 1830 838 vi-

66 871 235 913 debatur
267 886 365 922 esse,
410 872 453 912 in
487 887 564 926 quo
596 872 800 913 tantulum
833 872 1046 913 interesset
1079 875 1215 912 utrum
1255 886 1325 926 per
1369 876 1647 926 procuratores
1694 885 1830 924 ageres

67 961 117 987 an
149 959 218 1000 per
249 949 289 985 te
320 944 453 999 ipsum
462 962 473 996 3
509 944 534 988 †
567 950 613 986 ut
645 944 731 986 abis
764 945 883 986 toties
917 950 957 986 et
989 948 1073 985 tam
1106 944 1223 998 longe
1258 943 1431 985 abesses.
1483 943 1560 985 Sed
1594 944 1692 984 haec
1732 942 1830 984 mal-
1852 958 1886 983 10

65 1019 143 1059 lem
174 1018 331 1072 integra
362 1032 404 1058 re
436 1021 571 1058 tecum
603 1018 744 1072 egisse.
779 1017 964 1059 Profecto
998 1017 1105 1058 enim
1140 1016 1293 1072 aliquid
1327 1017 1507 1072 egissem.
1549 1017 1672 1058 Nunc
1706 1017 1829 1072 repri-

67 1107 173 1133 mam
206 1095 432 1146 susceptam
465 1090 799 1146 obiurgationem.
835 1092 1003 1133 Utinam
1038 1091 1168 1132 valeat
1202 1090 1252 1132 ad
1286 1090 1531 1131 celeritatem
1565 1089 1720 1131 reditus
1742 1090 1825 1131 tui!

69 1166 155 1219 Ego
188 1163 238 1206 ad
269 1168 309 1206 te
341 1168 550 1220 propterea
583 1165 716 1206 minus
750 1180 867 1220 saepe
908 1164 1053 1216 scribo,
1100 1165 1208 1219 quod
1253 1169 1403 1205 6611311111
1451 1179 1532 1205 11011
1575 1162 1718 1214 habeo,
1760 1163 1832 1204 ubi

70 1238 123 1280 515
156 1242 226 1279 6111
258 1237 330 1279 ubi
362 1237 522 1279 futurus
557 1237 621 1280 sis.
655 1239 765 1280 Huic
794 1242 930 1279 tamen
962 1237 1097 1278 neseio
1132 1238 1212 1288 6111,
1248 1236 1355 1291 quod
1389 1236 1600 1278 videbatur
1633 1237 1667 1278 is
1700 1241 1739 1278 te
1774 1238 1832 1278 vi-

69 1325 185 1352 surus
219 1325 317 1362 esse,
350 1311 491 1366 putavi
528 1310 681 1353 dandas
716 1327 800 1353 esse
832 1311 982 1352 literas.
1034 1310 1109 1361 Tu,
1146 1310 1335 1365 quoniam
1368 1311 1521 1351 iturum
1554 1314 1593 1351 te
1626 1310 1669 1351 in
1693 1310 1832 1351 Asiam
1852 1329 1886 1355 15

68 1398 152 1424 esse
184 1387 316 1438 putas,
352 1383 402 1424 ad
437 1398 536 1437 quae
570 1387 749 1438 tempora
782 1387 821 1425 te
854 1386 1143 1439 exspectemuS,
1186 1381 1308 1423 facias
1351 1397 1414 1424 me
1455 1383 1663 1424 certiorem
1708 1383 1827 1424 velim

68 1460 109 1496 et
141 1454 190 1497 (16
223 1455 450 1511 Eutychide
485 1455 581 1509 quid
615 1456 757 1511 egeris.

111 1585 128 1616 1
152 1584 236 1616 Nam
258 1584 293 1615 in
320 1585 433 1626 Campo
455 1604 496 1609 ——
519 1586 637 1627 6fiant
672 1605 700 1610 -
723 1587 762 1618 10
785 1587 857 1619 abes
882 1608 920 1611 —

69 1711 145 1732 cum
170 1700 306 1742 privatis
329 1710 396 1731 non
420 1700 535 1731 fuisset
552 1705 764 1738 transactum,
780 1701 928 1733 Caesa-ris

69 1755 167 1785 amici
196 1763 238 1786 ne
266 1763 372 1784 unum
402 1753 535 1794 quidem
565 1764 705 1785 numum
744 1755 778 1785 in
808 1755 866 1786 illa
895 1765 930 1787 re
953 1763 954 1782 ἰ

70 1812 273 1849 erogassent.

112 1860 153 1891 In
182 1869 287 1900 campo
313 1859 430 1890 Martio
452 1861 563 1899 saepta
592 1864 653 1890 cet.
687 1860 864 1892 Bunsenus
893 1862 928 1893 in

69 1915 181 1947 Descr.
203 1914 305 1945 Urbis
328 1915 392 1945 ΙΙΙ.
416 1915 444 1951 2,
468 1925 499 1955 p.
523 1914 561 1947 75
585 1924 674 1955 seqq.
691 1915 929 1947 demonstravit

69 1969 205 2001 comitia
227 1969 349 2000 tributa
371 1970 411 2000 ad
433 1969 517 1999 illud
539 1973 669 2009 tempus
692 1969 725 2000 in
744 1969 815 2000 foro
829 1970 928 2002 fnisse

69 2023 190 2055 habita.
214 2022 334 2053 Caesar
355 2022 396 2053 iis
419 2022 530 2053 locum
553 2022 586 2053 in
602 2032 718 2063 eampo
732 2023 928 2054 destinabat.

70 2077 136 2110 Sed
159 2077 279 2117 Saepta
301 2077 343 2106 ab
366 2075 518 2116 Agrippa
539 2076 676 2106 demum
695 2076 839 2117 perfecta
853 2081 929 2107 sunt
952 2116 954 2118 Ι

69 2143 96 2163 6.
121 2131 193 2164 728.
215 2131 281 2161 vid.
305 2130 370 2161 Dio
393 2131 488 2161 LIII.
512 2131 561 2167 23,
587 2137 619 2162 et
636 2130 723 2161 Iulia
739 2138 816 2163 sunt
831 2132 928 2162 dicta.

77 2184 161 2215 Villa
177 2182 318 2224 publiea,
341 2183 376 2213 in
399 2193 464 2223 qua
486 2183 594 2213 Varro
617 2193 651 2214 se
674 2193 762 2214 anno
786 2184 846 2214 699
865 2194 928 2215 ser·
952 2181 953 2185 ¹

70 2247 204 2269 monem
226 2236 380 2267 habuisse
403 2240 513 2266 narrat
536 2236 569 2266 in
593 2236 762 2276 prooemio
778 2236 854 2267 libri
871 2237 928 2267 ΙΙΙ

68 2290 175 2331 operis
205 2290 245 2320 de
274 2298 309 2319 re
338 2288 468 2325 rustica,
500 2294 612 2328 postea
647 2289 761 2319 censui
798 2290 927 2328 agendo

70 2397 209 2428 videtur.
241 2395 290 2426 Cf.
315 2395 482 2426 Beckerus
505 2405 555 2435 op.
580 2395 602 2425 1.
626 2395 653 2425 I.
676 2405 706 2435 p.
737 2395 796 2426 623
826 2405 926 2436 seqq„

71 2449 118 2480 ΙΙ.
140 2459 171 2489 1).
194 2448 254 2479 216
278 2448 311 2478 111
335 2448 445 2478 adnot.
467 2446 585 2487 Saepta
607 2457 684 2477 cum
707 2448 786 2478 villa
799 2449 926 2489 conspi-

70 2501 203 2532 ciuntur
224 2501 259 2531 in
273 2500 460 2539 fragmento
476 2499 734 2540 ichnographiae
749 2501 926 2538 Romanae,

70 2555 160 2594 qnod
181 2554 216 2584 in
246 2553 407 2594 Capitolio
436 2558 594 2584 servatur.
630 2554 680 2584 De
710 2564 749 2585 eo
776 2555 858 2595 disp.
887 2556 927 2586 L.

72 2667 160 2698 seqq.
184 2676 223 2679 —
250 2660 334 2687 tecla
356 2658 390 2688 h.
414 2658 434 2688 l.
458 2667 528 2688 6556
550 2658 759 2699 participium
782 2660 927 2691 tironum

70 2719 167 2740 causa
189 2719 372 2740 monemus.

117 2761 155 2791 Ut
188 2761 273 2792 mille
305 2771 457 2801 passuum
486 2762 670 2802 eorffl'cz'atur
699 2772 732 2794 οι
763 2769 799 2794 nt
832 2765 929 2795 totius

72 2815 179 2856 operis
201 2814 345 2846 ambitus
367 2815 487 2846 habeat
514 2816 606 2846 mille
629 2826 754 2856 passus.

73 2933 140 2954 non
162 2923 336 2954 certiorem
358 2922 476 2953 faciam
498 2931 610 2953 earum
633 2933 751 2961 rerum,
770 2934 852 2964 quae
868 2926 930 2956 Ro·
953 2917 954 2940 l

73 2986 145 3008 mae
175 2981 344 3017 geruntur.
386 2976 493 3007 Males
521 2981 555 3006 tu
585 2976 720 3016 quidem
750 2978 862 3010 audire
890 2980 930 3010 de

72 3029 161 3060 urbis
189 3029 403 3066 ornamentis,
438 3039 522 3069 quae
558 3034 714 3069 parantur
756 3035 787 3061 et
823 3031 955 3062 futura*

75 3087 160 3119 sunt,
192 3092 291 3122 quam
320 3083 361 3113 de
395 3083 499 3113 lustro
532 3092 598 3113 non
636 3083 770 3114 condito
807 3089 862 3115 aut
891 3085 931 3116 de

75 3135 212 3167 indiciis.
250 3137 289 3168 In
313 3136 421 3167 verbis
449 3137 533 3167 nihil
566 3142 623 3175 est,
656 3138 742 3178 quod
773 3138 926 3169 offendat.
954 3158 956 3171 ι,

978 1703 1088 1744 Spirat
1110 1709 1220 1736 autem
1243 1705 1277 1735 in
1301 1705 1340 1736 iis
1364 1706 1525 1746 quaedam
1541 1705 1647 1736 ironia
1666 1705 1836 1738 Ciceronis

977 1758 1088 1788 animo
1111 1759 1296 1799 aptissima3
1321 1760 1409 1799 qnod
1430 1770 1497 1790 non
1521 1759 1606 1799 fugit
1621 1760 1837 1792 lViclandnm

977 1811 1010 1842 in
1043 1812 1209 1852 praeclara
1241 1813 1350 1843 adnot.
1381 1814 1422 1844 ad
1455 1814 1487 1844 h.
1518 1814 1538 1844 l.
1570 1813 1731 1844 versionis
1760 1824 1836 1846 suae

974 1865 1051 1895 Vol.
1077 1866 1122 1896 Π.
1146 1876 1175 1906 p.
1200 1867 1258 1896 511
1283 1876 1372 1907 seqq.

1014 1917 1062 1948 De
1084 1919 1194 1950 lustro.
1220 1918 1268 1950 Cf.
1294 1929 1342 1960 ep.
1367 1920 1395 1957 9,
1414 1921 1441 1951 1.
1465 1920 1536 1951 Vix
1552 1925 1619 1952 erat
1635 1922 1835 1961 sperandum

952 1970 1040 2024 ¹'fore
1064 1977 1100 2002 ut
1123 1972 1157 2002 111
1181 1972 1315 2004 civitate
1339 1978 1406 2004 tam
1429 1974 1618 2014 perturbata
1641 1984 1758 2006 census
1781 1976 1835 2014 agi

972 2023 1179 2065 lustrumque
1202 2026 1298 2057 condi
1322 2032 1440 2066 posset.

1015 2076 1061 2107 De
1084 2077 1221 2115 iudiciis,
1243 2089 1322 2120 quae
1353 2080 1420 2120 leffe
1449 2081 1465 2118 †
1495 2079 1601 2111 Coctia
1625 2080 1725 2120 fiunt.
1762 2081 1836 2112 Lex

973 2130 1085 2162 Coctia
1108 2132 1200 2162 nulla
1223 2132 1300 2169 fuit3
1329 2133 1438 2164 Ginaia
1461 2139 1582 2171 autem,
1607 2145 1707 2175 quam
1729 2136 1836 2166 codex

971 2184 1091 2215 Faerni
1115 2190 1147 2215 et
1170 2186 1283 2217 Maffei
1308 2187 1335 2217 ei
1351 2187 1566 2224 substituunt,
1583 2198 1716 2228 prorsus
1728 2189 1836 2220 aliena

951 2237 1012 2275 ,ab
1033 2237 1064 2267 h.
1089 2238 1110 2268 l.
1133 2238 1267 2270 Rectius
1291 2240 1406 2280 ntique
1429 2240 1482 2270 lex
1504 2240 1613 2270 Plotia
1636 2242 1676 2272 dc
1699 2242 1741 2278 vi,
1771 2251 1837 2281 qua

951 2289 1044 2329 ¹lege
1068 2290 1179 2330 plures
1203 2301 1298 2332 saepe
1321 2292 1367 2323 rei
1401 2292 1479 2323 facti
1509 2298 1586 2323 sunt
1617 2293 1672 2333 (cf.
1702 2304 1732 2334 p.
1761 2294 1835 2324 Mil.

69 2343 231 2374 destinata
260 2341 442 2382 saeptisque
472 2341 664 2372 marmoreis
696 2341 824 2372 inclusa
857 2351 926 2373 esse
951 2339 952 2346 ¹

971 2344 1020 2380 35,
1044 2343 1138 2375 Fam.
1163 2345 1261 2375 VIII.
1286 2346 1314 2382 8,
1347 2346 1379 2384 1‘)
1412 2346 1465 2376 hic
1496 2347 1670 2377 memorari
1700 2351 1835 2387 poterat,

971 2405 1070 2436 quam
1100 2397 1211 2437 aliqua
1242 2397 1297 2429 lex
1328 2398 1500 2429 iudiciaria
1533 2399 1603 2430 sive
1641 2399 1760 2438 Plotia,
1795 2401 1835 2432 de

951 2461 953 2475 ι
972 2458 1035 2488 qua
1060 2448 1223 2480 Corradus
1246 2450 1422 2490 cogitabat,
1447 2451 1516 2482 sive
1538 2451 1678 2482 Aurelia
1715 2452 1834 2490 Cottae,

952 2513 1071 2543 ,qua-m
1094 2504 1174 2534 ΕΓΗ.
1205 2510 1237 2535 et
1265 2504 1464 2536 Wielandus
1496 2505 1634 2536 indicari
1664 2507 1833 2547 putabant,

952 2561 1047 2598 ;a11te
1071 2566 1152 2596 quos
1176 2557 1201 2587 I.
1233 2557 1271 2587 F.
1300 2556 1489 2589 Gronovius
1520 2558 1592 2590 ideo
1623 2560 1834 2590 scribendum

71 2606 205 2636 Urlichs
227 2606 261 2636 in
287 2616 375 2636 nova
397 2605 480 2636 serie
502 2606 590 2636 Mus.
612 2606 719 2637 Rhen.
750 2607 777 2637 1.
807 2618 837 2648 p.
867 2609 928 2639 402
952 2599 954 2634 ἶ

973 2608 1113 2639 coniecit
1148 2608 1263 2639 eoum.
1293 2610 1366 2649 Ego
1389 2610 1474 2641 nihil
1497 2611 1628 2642 definio.
1666 2612 1731 2643 Pro
1743 2613 1833 2651 siaul

953 2677 954 2691 1
973 2660 1086 2700 scripsi
1098 2660 1196 2700 fiunt,
1213 2661 1371 2701 quoniam
1386 2663 1551 2702 praecedit
1566 2663 1760 2703 desperatum
1776 2666 1832 2701 ess,

974 2725 1080 2755 neque
1104 2715 1173 2746 ulla
1195 2717 1401 2748 coniunctivi
1425 2727 1522 2748 causa
1544 2719 1645 2749 adest.

1015 2769 1031 2808 ξ
1060 2769 1089 2798 9.
1117 2768 1151 2798 Si
1180 2769 1258 2800 iure.
1297 2769 1411 2811 Suppl.
1446 2771 1563 2809 fecero,
1594 2772 1621 2802 si
1651 2772 1685 2802 in
1715 2772 1833 2803 Asiani

952 2814 954 2841 1
973 2820 1135 2861 profectus
1158 2831 1200 2852 es.

116 2867 201 2908 Quid
220 2868 325 2897 celabo
354 2869 385 2897 te
414 2877 462 2897 res
491 2867 677 2898 Romanas?
706 2879 739 2899 o:
771 2880 869 2910 quare
898 2876 930 2901 te
953 2906 954 2916 1

1014 2876 1031 2909 -1-
1057 2874 1093 2904 Ut
1117 2874 1183 2904 abis
1206 2875 1298 2905 [oties
1321 2878 1351 2906 eb
1371 2878 1434 2906 tam
1457 2877 1548 2917 lonyae
1583 2877 1715 2908 abesses.
1741 2878 1830 2909 Med.

974 2933 1007 2958 ct
1029 2928 1124 2968 Hisp.
1148 2928 1291 2966 mutabis,
1315 2942 1342 2960 m
1366 2930 1451 2961 male
1466 2930 1642 2970 repetitum
1658 2937 1714 2961 est.
1732 2932 1834 2962 calcabis

974 2978 1027 3011 vel
1056 2990 1131 3011 cum
1162 2981 1303 3013 Ernesto
1333 2983 1366 3013 in
1398 2985 1432 3013 ut
1454 2983 1565 3020 abires,
1590 2984 1643 3014 vel
1674 2984 1772 3015 etiam
1797 2986 1831 3015 in

974 3034 1006 3062 ul
1031 3044 1051 3062 ιι
1074 3032 1137 3062 luis
1159 3038 1312 3064 mutetur.

1016 3085 1065 3116 De
1092 3085 1265 3127 Eutychide
1286 3087 1362 3127 quid
1381 3088 1492 3129 efferis.
1522 3088 1572 3120 Cf.
1597 3099 1646 3130 cp.
1671 3090 1717 3127 15,
1744 3092 1769 3122 l.
