2117 3533
263 160 346 199 146
663 162 746 202 ΕΡ.
780 161 856 201 AD
888 161 935 201 T.
969 161 1318 204 POMPONIUM
1351 164 1614 206 ATTIOUM.

859 347 974 387 XIX.
1039 347 1104 399 (A.
1147 347 1191 387 U.
1230 349 1272 388 0.
1306 350 1425 403 696.)

328 459 367 497 1.
402 456 545 508 Quoad
590 457 787 500 eiusmodi
830 460 930 500 mihi
963 460 1100 500 literae
1129 476 1151 501 a
1183 460 1295 502 vobis
1329 461 1609 514 afferebantur,
1643 467 1690 503 ut
1723 462 1873 517 aliquid
1899 478 1946 504 ex
1968 463 2018 503 iis

263 533 365 569 esset
397 530 723 584 exspectandum,
759 547 826 586 spe
861 537 901 572 et
936 532 1156 587 cupiditate
1190 533 1494 576 Thessalonicae
1528 540 1706 577 retentus
1740 551 1848 587 sum,
1882 541 2019 591 postea

263 616 381 654 quam
417 602 545 643 omnis
580 603 683 643 actio
718 604 837 644 huius
871 604 966 644 anni
1002 604 1181 645 confecta
1215 605 1331 646 nobis
1365 607 1589 658 videbatur,
1623 609 1666 648 in
1700 608 1838 648 Asiam
1870 608 1927 648 ire
1949 623 2018 648 no-

226 689 240 713 5
261 675 333 725 1111,
380 675 485 728 (1110(1
529 680 568 716 et
602 675 809 717 celebritas
843 677 942 717 mihi
976 677 1067 717 odio
1100 683 1160 717 est
1193 683 1246 727 et,
1283 679 1315 719 si
1346 681 1457 720 fieret
1491 680 1641 735 aliquid
1676 696 1698 721 a
1730 680 1844 721 novis
1876 681 2019 735 magis-

260 747 446 798 tratibus,
482 747 618 789 abesse
652 749 769 802 longe
802 747 1002 789 nolebam.
1056 750 1199 804 Itaque
1231 751 1273 791 111
1308 752 1475 806 Epirum
1510 752 1559 793 ad
1592 758 1631 793 te
1666 752 1789 794 statui
1822 767 1883 793 me
1927 767 2019 793 0011-

261 819 374 871 ferre,
409 835 491 860 11011
525 835 602 874 (1110
638 836 722 861 mea
768 821 978 861 interesset
1020 821 1097 861 loci
1142 826 1298 872 natura,
1344 823 1413 876 qui
1451 824 1581 864 lucem
1625 824 1786 865 0111111110
1827 825 2018 879 fugerem,

261 893 329 934 sed
364 898 403 933 et
436 893 485 933 ad
519 893 687 933 salutem
720 892 984 933 libentissime
1018 909 1066 933 ex
1098 898 1168 933 tuo
1202 899 1320 948 portu
1352 896 1578 949 proficiscar
1612 901 1664 946 et,
1701 897 1734 937 si
1765 912 1810 938 ea
1844 897 2019 952 praecisa

258 966 346 1017 erit,
380 980 579 1019 nusquam
612 965 768 1005 facilius
803 965 905 1005 hanc
938 965 1197 1006 miserrimam
1241 967 1363 1007 vitam
1408 968 1469 1009 vel
1510 968 1743 1009 sustenta-bo
1786 970 1863 1020 vel,
1907 970 2012 1024 quod

207 1051 240 1077 10
260 1039 387 1079 multo
422 1043 482 1079 est
513 1038 670 1088 melius,
707 1037 901 1078 abiecero.
938 1039 1017 1079 Ero
1051 1054 1141 1079 cum
1175 1040 1334 1094 paucis,
1368 1041 1670 1082 multitudinem
1704 1041 1919 1082 dimittam.
1978 1045 2018 1082 2.

207 1421 238 1446 15

261 1112 329 1152 Me
362 1116 454 1152 tuae
487 1111 624 1152 literae
659 1126 866 1165 nunquam
899 1111 941 1151 in
974 1115 1128 1151 tantam
1162 1127 1271 1166 spem
1306 1112 1571 1163 adduxerunt,
1615 1118 1803 1167 quantam
1838 1113 2019 1154 aliormn.

263 1186 452 1226 Attamen
485 1199 573 1224 mea.
609 1199 697 1238 spes
731 1184 851 1224 etiam
877 1183 1036 1227 tenuior
1055 1199 1207 1239 semper
1231 1184 1308 1225 fuit
1331 1201 1450 1240 quam
1472 1190 1565 1226 tuae
1588 1186 1740 1226 literae.
1775 1185 1852 1227 Sed
1874 1190 2023 1236 tamen,

264 1257 449 1311 quoniam
485 1260 670 1311 coeptum
705 1261 766 1297 est
800 1256 877 1310 agi,
923 1271 1082 1310 quoquo
1127 1256 1244 1297 modo
1289 1263 1473 1312 coeptmn
1513 1263 1573 1298 est
1615 1262 1655 1298 et
1698 1273 1934 1312 quacunque
1976 1257 2025 1298 de

262 1345 395 1381 causa,
431 1346 514 1371 non
549 1330 726 1371 deseram
759 1345 888 1383 neque
923 1330 1065 1384 optimi
1093 1335 1211 1384 atque
1246 1331 1355 1371 unici
1388 1331 1519 1372 fratris
1553 1331 1714 1372 miseras
1749 1346 1793 1372 ac
1824 1330 2026 1371 luctuosas

261 1420 399 1460 preces
432 1418 506 1444 1100
542 1404 660 1444 Sestii
695 1408 992 1456 ceterorumque
1026 1403 1219 1457 promissa
1254 1418 1326 1443 1100
1374 1419 1483 1458 spem
1528 1403 1897 1444 aerumnosissimae
1941 1418 2026 1443 mu—

262 1477 369 1518 lieris
407 1476 650 1531 [Terentiae]
687 1490 760 1516 nec
794 1475 1035 1515 miserrimae
1073 1475 1287 1529 [mulieris]
1314 1475 1507 1516 Tulliolae
1532 1475 1844 1516 obsecrationem
1868 1480 1908 1515 et
1930 1474 2023 1515 fide-

263 1551 321 1592 les
354 1550 492 1590 literas
529 1554 633 1590 tuas.
668 1549 774 1589 Mihi
807 1548 953 1602 Epirus
988 1553 1057 1588 aut
1089 1549 1164 1588 iter
1197 1549 1245 1588 ad
1281 1548 1449 1589 salutem
1483 1548 1595 1589 dabit
1628 1553 1697 1588 aut
1737 1546 1844 1602 quod
1886 1547 2025 1602 scripsi

265 1638 398 1677 supra.
437 1625 478 1662 3.
521 1623 576 1662 Το
611 1637 677 1662 010
711 1626 750 1661 et
783 1620 959 1670 01150010,
994 1621 1204 1675 Pomponi,
1240 1622 1272 1661 si
1305 1636 1366 1661 me
1401 1621 1587 1661 omnibus
1621 1619 1875 1675 amplissimis
1909 1619 2026 1659 caris-

264 1695 375 1736 simis
410 1695 794 1749 iucundissimisque
829 1693 947 1734 rebus
981 1693 1145 1749 perfidia
1178 1694 1386 1734 hominum
1421 1694 1648 1748 spoliatum,
1684 1693 1717 1734 si
1758 1708 1819 1733 me
1863 1708 1885 1734 a
1928 1693 2027 1733 meis

264 1768 501 1810 consiliariis
533 1767 738 1823 proditum
772 1772 811 1807 et
844 1766 1065 1821 proiectum
1098 1766 1223 1817 vides,
1268 1766 1301 1807 si
1334 1765 1526 1820 intelligis
1560 1781 1621 1806 me
1656 1770 1851 1816 coactum,
1879 1769 1926 1806 ut
1942 1765 2026 1820 ipse

264 1857 325 1882 me
358 1846 397 1882 et
430 1856 536 1882 meos
570 1840 787 1896 perderem,
820 1845 867 1879 ut
900 1855 961 1879 me
994 1844 1063 1879 tua
1096 1839 1369 1880 misericordia
1404 1839 1514 1879 iuves
1549 1844 1588 1879 et
1621 1838 1830 1896 Quintum,
1851 1838 2025 1888 fratrem,

262 1915 327 1969 (1111
364 1919 495 1969 potest
527 1929 609 1954 esse
645 1913 790 1962 salvus,
827 1916 1039 1961 sustentes,
1073 1912 1299 1952 Terentiam
1332 1911 1556 1966 liberosque
1600 1927 1706 1955 meos
1749 1917 1899 1962 tueare,
1941 1927 2018 1962 me,

263 1987 296 2027 si
328 1992 445 2041 putas
479 1991 517 2027 te
550 1986 641 2026 istic
671 1986 864 2034 visurum,
900 1988 1117 2038 exspectes,
1151 1985 1182 2024 si
1220 1985 1364 2033 minus,
1399 1984 1564 2034 invisas,
1601 1985 1633 2025 si
1668 1989 1794 2039 potes,
1842 1985 2021 2040 mihique

309 2176 345 2205 11
370 2175 402 2205 im
424 2176 571 2215 quantam
594 2193 635 2196 —
659 2174 696 2204 16
721 2172 886 2204 Terentiae
910 2177 940 2203 et
962 2171 1102 2202 mulieris
1125 2171 1194 2202 sine
1217 2171 1330 2202 obelis.
1354 2189 1395 2193 —
1417 2172 1456 2201 18
1483 2170 1515 2201 T.
1541 2170 1688 2209 Pomponi
1709 2189 1749 2192 —

311 2347 328 2385 ἓ
353 2347 379 2376 l.
403 2345 478 2376 lllea
500 2346 666 2376 inferes-sel
689 2345 750 2375 lom?
768 2347 895 2375 natm-a.
920 2345 1124 2384 Impersona-

269 2398 313 2428 lia
335 2398 434 2438 mfert
464 2404 495 2429 et
526 2398 658 2428 intere-5!
689 2397 861 2437 aliquoties
891 2401 1125 2426 construuntur

269 2461 343 2481 cum
366 2450 571 2480 nominativo
593 2450 648 2486 rei,
672 2450 764 2480 cuius
787 2449 885 2479 refert
910 2449 961 2479 rel
980 2449 1124 2478 interest.

270 2504 471 2544 Plerumque
492 2504 554 2534 hoc
577 2504 612 2533 fit
636 2504 670 2533 in
686 2502 936 2543 pronominibus
952 2502 1017 2537 hoc,
1034 2500 1123 2541 qnod,

271 2556 336 2586 vid.
358 2556 468 2586 Haase
491 2557 531 2586 ad
552 2556 676 2595 Reisig.
700 2555 810 2586 Schol.
834 2555 908 2585 adn.
932 2555 1001 2591 525,
1022 2553 1125 2583 rarius

272 2609 306 2639 iu
335 2608 535 2638 nominibus.
571 2609 677 2638 Kritz.
715 2608 755 2637 ad
786 2606 851 2637 Sal.
903 2607 977 2646 Iug.
1009 2606 1077 2642 111,
1108 2605 1124 2634 1

272 2668 399 2702 praeter
420 2662 452 2691 h.
476 2662 496 2691 l.
520 2662 596 2691 citat
618 2661 716 2691 verba
740 2660 852 2696 Plinii,
871 2659 916 2689 H.
930 2660 971 2690 N.
988 2658 1125 2689 XVIII.

272 2718 322 2748 21.
345 2717 513 2747 [Ἰωνήωηη
539 2716 635 2757 refesti
658 2716 719 2747 soli
741 2715 887 2756 cuiusque
910 2713 1004 2744 ratio.

314 2772 331 2810 ξ
355 2772 382 2801 2.
410 2769 562 2809 Quantam
579 2770 724 2800 aliorum.
746 2769 835 2800 Male
850 2768 1047 2799 recentiores
1063 2767 1127 2797 edi—

272 2830 356 2855 tores
379 2829 509 2854 auctore
543 2824 683 2855 Ernesto
712 2829 787 2854 ante
815 2822 990 2852 relativum
1018 2830 1126 2861 praep.

271 2878 304 2907 in
333 2878 544 2914 intruserunt,
574 2887 655 2917 quae
691 2877 864 2913 omittitur,
904 2885 1005 2915 quum
1038 2875 1126 2904 idem

271 2931 418 2967 verbum,
443 2930 530 2970 quod
552 2929 725 2969 praecedit,
755 2928 953 2967 cogitatione
983 2930 1126 2967 repeten-

271 2985 347 3014 dum
371 2984 420 3020 sit,
443 2984 483 3013 ad
507 2984 547 3020 Q.
580 2983 618 3013 fr.
642 2983 667 3013 Ι.
691 2984 720 3019 4,
744 2984 772 3019 4,
797 2981 939 3022 quoniam
956 2981 987 3011 in
1007 2982 1127 3010 saulum

270 3037 384 3066 luctum
408 3038 438 3065 el
461 3036 594 3065 laborem
617 3035 762 3065 detrusus
793 3044 834 3071 es,
864 3035 1011 3074 quasdam
1042 3042 1128 3062 memo

270 3099 413 3128 unquam.
436 3088 626 3127 Madvigius
649 3088 690 3117 ad
711 3087 785 3117 Fin.
808 3097 838 3127 p.
862 3088 901 3116 98
920 3086 1031 3116 laudat
1046 3094 1128 3125 quae

1170 2341 1335 2371 Kahntius
1357 2341 1390 2371 iu
1415 2339 1528 2380 Symb.
1551 2339 1622 2370 erit.
1644 2349 1674 2379 p.
1698 2341 1725 2370 5.
1763 2339 1818 2370 Fr.
1852 2339 2028 2371 Schneide-

1170 2406 1224 2425 rus
1246 2395 1280 2425 iu
1303 2395 1388 2425 Nov.
1412 2395 1503 2424 Anu.
1527 2393 1648 2424 Philol.
1672 2393 1720 2429 52,
1744 2394 1772 2430 3,
1797 2403 1827 2433 p.
1851 2394 1922 2424 284.

1211 2448 1276 2477 Nec
1298 2446 1488 2477 miserrimae
1512 2445 1684 2486 [mulieris]
1715 2446 1881 2477 Tulliolae.
1925 2446 2029 2477 Voca-

1171 2501 1286 2530 bulum
1309 2500 1394 2530 male
1418 2500 1569 2530 iteratum
1592 2508 1667 2528 cum
1690 2499 1880 2529 Bentivolio
1898 2499 2028 2530 seclusi.

1172 2554 1238 2585 Sed
1261 2554 1395 2584 fortasse
1425 2554 1505 2584 haee
1535 2553 1667 2592 gravius
1695 2558 1847 2593 corrupta
1875 2558 1961 2590 sunt,
1997 2560 2028 2583 et

1171 2607 1216 2637 510
1238 2606 1433 2646 legendum:
1458 2615 1513 2636 nee
1534 2615 1615 2645 spem
1644 2605 1935 2636 aerumnosissimae
1965 2615 2026 2635 mu-

1169 2658 1261 2689 lieris
1285 2668 1340 2689 vec
1363 2657 1556 2688 ssliSrrrisztcze
1570 2658 1701 2700 filiolae
1723 2658 1975 2689 obsecrationem.

1219 2712 1307 2752 Quod
1344 2712 1455 2751 scripsi
1482 2722 1587 2752 snpra.
1628 2713 1781 2744 Mortem.
1815 2713 1962 2753 Respicit
1990 2712 2030 2742 ad

1174 2770 1321 2795 extrema
1345 2765 1442 2795 verba
1467 2765 1485 2804 ἓ
1508 2765 1536 2801 1,
1559 2765 1642 2795 hanc
1664 2765 1865 2796 miserrimtmz
1888 2765 2029 2795 vita-m—

1173 2818 1323 2849 abiecero.
1347 2818 1396 2849 Cf.
1420 2818 1447 2855 7,
1472 2819 1499 2848 2.

1218 2872 1235 2911 ξ
1259 2873 1287 2901 3.
1310 2871 1468 2911 Pomponi.
1499 2870 1585 2902 Cuxn
1606 2872 1757 2903 Mediceo
1778 2871 1874 2902 omisi
1896 2881 2029 2911 praeno-

1176 2934 1261 2961 men,
1285 2924 1337 2954 cui
1360 2925 1450 2955 locus
1473 2934 1540 2955 non
1565 2930 1613 2955 est
1634 2925 1668 2954 in
1697 2934 1847 2955 sermone
1876 2924 2030 2954 familiari

1177 2982 1208 3007 et
1230 2977 1264 3006 iu
1288 2977 1423 3016 epistola
1446 2977 1486 3006 ad
1508 2977 1651 3007 amicum
1671 2976 1798 3016 scripta.
1821 2976 1891 3006 Nec
1904 2976 2028 3013 dubito,

1177 3029 1257 3068 quin
1280 3029 1457 3059 delendum
1479 3029 1519 3059 sit
1548 3028 1633 3059 infra
1659 3028 1720 3058 IV.
1750 3029 1778 3065 2,
1807 3029 1835 3058 5.
1873 3027 1960 3058 Fuse
1989 3028 2029 3058 de

1177 3083 1399 3123 praenominis
1427 3093 1489 3114 usu
1523 3082 1604 3123 disp.
1638 3082 1773 3114 Ellendt
1806 3082 1846 3112 ad
1884 3081 1951 3113 Cic.
1988 3082 2027 3112 de

271 3142 310 3171 ‹le
335 3141 393 3170 1111(Δ
424 3151 455 3170 re
485 3141 566 3180 disp.
597 3143 676 3171 Otto
705 3140 744 3169 ad
774 3139 847 3170 Fin.
878 3139 924 3169 11.
954 3139 1003 3168 40.
1040 3138 1127 3168 Add.
1178 3136 1267 3168 Orat.
1290 3136 1335 3166 ΙΙ.
1358 3146 1388 3176 p.
1411 3137 1470 3167 345
1494 3146 1582 3176 seqq.
