2117 3533
793 149 898 189 LIB.
934 150 991 189 ΙΙ.
1026 149 1110 190 ΕΡ.
1150 151 1186 190 7.
1816 153 1866 190 91

111 285 167 326 510
202 283 318 324 velim
353 282 569 332 existimes,
604 297 684 322 11011
718 296 779 322 1110
814 281 884 322 abs
917 287 956 323 te
990 281 1122 324 κατὰ,
1157 281 1211 326 τὸ
1234 281 1511 340 πρακτικὸν
1534 298 1735 337 quaerere,
1763 284 1868 337 quod

109 358 255 411 gestiat
287 356 444 397 3111111115
477 355 628 409 311(1111(1
673 369 787 409 agere
831 355 874 395 in
914 370 955 395 re
994 355 1168 410 publica.
1213 356 1300 396 Iam
1344 355 1496 410 pridem
1541 355 1762 410 gubernare
1807 371 1868 396 1110

110 428 310 478 taedebat,
345 428 464 468 etiam
499 443 621 481 quum
655 425 816 467 licebat.
850 427 972 467 Nune
1006 443 1096 468 vero
1131 443 1253 482 quum
1288 442 1406 481 cogar
1439 428 1544 468 exire
1579 428 1626 469 de
1649 428 1756 476 navi,
1789 444 1867 468 11011

110 500 275 542 abiectis
309 499 377 541 sed
411 500 556 554 ereptis
588 499 884 554 gubernaculis,
919 500 1036 555 cupio
1069 500 1237 541 istorum
1270 501 1478 554 naufragia
1508 516 1555 541 ex
1578 506 1682 542 terra
1705 501 1868 549 intueri,

110 572 240 627 cupio,
276 578 321 613 ut
355 573 410 613 ait
442 578 536 613 tuus
570 573 721 613 amicus
756 572 984 626 Sophocles,
1026 571 1124 617 κᾶν
1157 570 1250 617 ὑπὸ
1284 574 1430 632 στέγῃ

439 694 631 742 ῖῑυκνᾶς
664 689 864 736 ἀκούειν
899 688 1116 747 ψεκάδος
1149 688 1352 753 sedebo-112
1387 696 1541 753 φρενί.

111 818 150 856 5.
186 817 245 856 De
278 831 391 857 muro
425 816 522 870 quid
557 830 656 870 opus
691 816 741 856 sit
775 814 942 856 videbis.
977 815 1270 856 Castricianum
1298 815 1487 855 mendum
1511 830 1583 856 nos
1613 817 1872 870 corrigemus,

108 892 147 928 et
179 892 313 928 tamen
346 888 395 928 ad
429 903 491 928 me
525 887 702 938 Quintus
736 901 858 929 00100
893 901 976 929 100.
1012 888 1234 941 scripserat,
1269 903 1351 928 non
1385 889 1458 942 (ut)
1486 888 1535 929 ad
1561 904 1735 929 sororem
1759 893 1871 929 tuam

109 960 193 1000 HS.
227 969 316 1002 xffi.
350 959 533 1000 Terentia
567 959 643 1000 tibi
677 959 846 1000 salutem
879 959 992 1000 dicit.
1043 960 1181 1000 Cicero
1214 960 1291 1000 tibi
1325 960 1504 1010 mandat,
1539 966 1584 1001 ut
1618 960 1873 1001 Aristodemo

107 1032 214 1073 idem
247 1031 295 1072 de
329 1048 369 1073 se
402 1031 655 1087 respondeas,
691 1033 797 1086 quod
831 1032 878 1073 de
913 1032 1031 1073 fratre
1067 1048 1152 1084 suo,
1188 1034 1332 1074 sororis
1364 1038 1457 1074 tuae
1490 1034 1586 1084 filio,
1616 1033 1872 1088 respondisti.
1896 1045 1928 1070 1⁴»

108 1105 168 1145 De
202 1104 414 1145 Amalthea
448 1104 555 1159 quod
588 1120 649 1146 me
684 1105 887 1155 admones,
922 1120 1003 1146 non
1036 1105 1299 1160 negligemus.
1336 1107 1442 1147 Cura
1475 1110 1521 1147 ut
1554 1106 1699 1147 valeas.

150 1315 169 1344 8
195 1314 283 1354 [010]
307 1322 402 1347 ccmo
424 1322 500 1346 1000
521 1330 562 1335 —
584 1321 666 1343 mmc-
688 1312 732 1342 acl
752 1329 793 1334 —
817 1312 853 1342 11
877 1305 1073 1357 Ἀμαλθείᾳ
1100 1330 1141 1334 -

109 1501 164 1531 ubi
189 1500 305 1532 Cicero
327 1506 437 1530 narrat
460 1508 494 1529 se
517 1498 703 1538 repudiasse
739 1498 969 1538 quinquevira-

108 1561 179 1586 tum
207 1565 224 1584 a
256 1554 392 1585 Caesare
422 1553 484 1583 sibi
514 1553 669 1588 oblatum,
694 1552 837 1583 similem
859 1543 989 1583 emen-⁴³

106 1609 274 1639 dationem
307 1606 576 1642 commendantis,
612 1606 687 1636 coll.
725 1607 765 1636 ad
802 1606 871 1636 Att.
902 1580 990 1648 IX.l

111 1663 139 1699 2,
164 1663 191 1692 1.
231 1660 404 1701 Rejmdiari
432 1670 465 1690 se
494 1662 600 1696 tolum,
633 1659 730 1700 muyis
761 1659 852 1690 esiam
877 1671 966 1700 quam

109 1715 180 1745 olim
205 1714 236 1744 in
261 1713 323 1743 A]
341 1714 456 1750 viratu,
473 1713 609 1753 putabit.
632 1712 776 1743 Facilius
790 1713 879 1743 enim
900 1723 964 1744 cre-

109 1770 249 1800 diderim
264 1770 297 1800 in
314 1769 458 1799 numeris
474 1773 615 1798 eii-atum
631 1768 739 1804 fuisse,
752 1778 851 1808 quam
861 1768 962 1799 fuisse

111 1832 128 1853 0
150 1821 219 1852 XX
242 1822 321 1851 viris
344 1821 490 1861 quinque
511 1820 627 1850 maiori
643 1830 741 1860 quam
756 1820 899 1860 reliquos
914 1831 968 1861 po-

108 1879 232 1910 testate,
256 1873 316 1904 etsi
338 1873 584 1903 Mommsemun
605 1873 645 1902 de
670 1872 701 1901 V
725 1872 801 1902 viris
824 1882 866 1903 ex
894 1873 968 1912 lege

110 1927 197 1958 Iulia
220 1937 287 1957 11011
310 1926 460 1956 dubitare
482 1926 578 1956 video
600 1925 634 1955 111
659 1925 754 1966 Corp.
785 1925 882 1956 inscr-
912 1926 966 1956 lat.

110 1982 135 2012 Ι.
159 1991 188 2020 p.
213 1980 282 2013 279.

150 2034 248 2074 Loqui
278 2044 309 2064 o:
341 2033 419 2074 quid
447 2033 487 2063 (10
519 2032 570 2063 his
600 2032 696 2063 rebus
729 2033 873 2063 sentiant
896 2042 967 2063 ver-

112 2088 159 2118 bis
182 2088 357 2118 declarare.

150 2141 219 2171 Non.
242 2140 374 2171 abiectis
395 2140 452 2169 sed
473 2138 588 2180 ereptis
599 2138 830 2179 qwzbc’2·nczculis.
847 2148 879 2169 o:
898 2149 965 2169 non

108 2201 233 2235 sponte,
263 2195 320 2225 sed
348 2198 477 2224 coactus
506 2194 673 2233 deponens
704 2192 751 2223 rei
780 2202 810 2232 p.
841 2202 965 2222 curam.

108 2248 205 2287 Quod
227 2248 261 2278 in
284 2247 373 2278 Med.
396 2257 413 2276 a
436 2246 540 2286 prima
564 2256 663 2275 manu
686 2250 732 2276 est
749 2245 882 2284 receptis
899 2255 965 2275 11011

108 2311 201 2342 posse
224 2301 301 2331 ferri
324 2301 365 2330 ab
386 2300 525 2330 Ernesto
540 2299 616 2329 satis
633 2299 893 2329 demonstratum
908 2303 964 2329 est.

106 2355 207 2385 Recte
223 2354 257 2384 in
272 2353 421 2393 margine
434 2353 521 2382 Med.
535 2352 727 2382 emendatur
741 2350 865 2390 ereptis,
879 2351 966 2391 quod

107 2409 245 2449 Malasp.
269 2417 396 2448 quoque
418 2407 452 2437 in
482 2407 608 2437 duobus
638 2407 730 2436 codd.
762 2406 888 2446 seriptis
918 2405 965 2435 in-

108 2462 208 2492 venit.
252 2461 335 2492 Fere
363 2470 491 2500 semper
519 2466 645 2490 veteres
678 2458 797 2498 plurali
828 2467 964 2488 numero

103 2515 318 2556 (subm-nacula
346 2514 469 2549 dicunt,
507 2512 664 2552 quoniam
701 2510 836 2551 quaevis
870 2511 964 2541 navis

106 2567 171 2597 duo
192 2566 334 2597 habebat
354 2577 398 2599 πη
407 2561 526 2599 Γἳόιλισι.

150 2617 212 2653 κᾶν
247 2616 313 2654 ὑπὸ
352 2619 454 2667 στέγῃ
495 2631 528 2655 κ.
556 2631 590 2652 τ.
624 2616 658 2649 λ.
692 2629 725 2649 o:
755 2619 867 2659 utique
904 2619 964 2649 sub

107 2683 191 2710 tecto
220 2679 359 2709 densum
388 2677 499 2707 audire
528 2677 667 2706 imbrem
700 2684 811 2706 secura
841 2679 962 2705 mente.

107 2730 222 2770 Comp.
246 2730 370 2760 Tibull.
392 2730 418 2759 Ι.
443 2730 470 2765 l,
493 2729 632 2758 45—18:

110 2822 209 2862 Quam
237 2821 324 2851 iuvat
355 2820 485 2850 immites
514 2821 621 2849 ventos
652 2818 764 2848 audire
793 2818 986 2854 cubantemw

109 2876 175 2906 Aut
193 2875 319 2915 yeliclas
342 2873 487 2904 hibernus
498 2881 596 2913 aquas
608 2883 695 2913 quum
698 2870 823 2910 fuderit
838 2871 963 2908 Auster,

149 2926 292 2958 Securwn
315 2935 444 2962 somnos,
468 2925 563 2955 imbre
585 2925 721 2960 iuvante,
744 2923 839 2963 seqm'.

149 3020 195 3051 De
218 3030 303 3050 muro
326 3038 366 3041 —
388 3018 518 3048 videbis.
541 3018 582 3048 cf.
605 3018 645 3048 ad
668 3019 695 3054 4,
721 3016 737 3048 Τ
762 3017 794 3046 11.
819 3017 839 3046 1.

149 3116 167 3154 ἓ
191 3116 218 3145 5.
245 3113 471 3145 Castricianum
496 3112 633 3143 mendum
663 3111 815 3142 uvidetur
832 3119 902 3141 esse
911 3110 965 3140 ali·
988 3093 990 3136 l

1014 1501 1094 1541 quid
1108 1503 1231 1542 peceati
1256 1503 1307 1532 vel
1332 1502 1455 1532 fraudis
1473 1502 1506 1532 in
1527 1511 1561 1532 re
1570 1501 1759 1542 pecuniaria
1777 1506 1806 1532 ct
1823 1511 1875 1532 110-

1014 1556 1104 1595 gotio
1123 1566 1198 1586 011111
1222 1556 1262 1594 Q.
1287 1555 1311 1586 C
1317 1556 1480 1586 1001·0110.”
1501 1555 1580 1586 Ern.
1594 1555 1791 1586 Castricium
1805 1564 1875 1585 esse

1013 1610 1260 1649 negotiatorem,
1284 1610 1341 1650 qui
1364 1620 1474 1641 rursus
1495 1615 1695 1640 memoratur
1709 1610 1743 1640 in
1760 1609 1875 1649 episto-

1014 1663 1053 1693 lis
1077 1674 1105 1693 a.
1129 1663 1188 1695 709
1211 1664 1295 1694 datis
1328 1664 1410 1694 XII.
1434 1664 1483 1699 28,
1508 1665 1525 1693 3
1551 1668 1581 1694 et
1604 1664 1653 1699 30,
1677 1664 1705 1699 2,
1736 1663 1805 1693 veri
1836 1662 1875 1692 si-

1012 1716 1091 1746 mile
1122 1721 1178 1747 est.
1222 1717 1340 1757 Itaque
1369 1716 1517 1747 diversus
1546 1721 1594 1747 est
1631 1716 1673 1745 ab
1710 1715 1769 1746 illo
1800 1715 1874 1746 Cas-

1012 1770 1114 1807 tricio,
1139 1771 1178 1800 de
1202 1780 1266 1810 quo
1289 1770 1323 1800 in
1347 1774 1426 1800 orat.
1450 1780 1480 1810 p.
1503 1769 1633 1805 Flacco,
1659 1769 1707 1805 75,
1733 1778 1816 1808 quae
1845 1779 1873 1798 a.

1009 1823 1067 1853 695
1097 1823 1209 1853 habita
1239 1828 1295 1859 est,
1328 1827 1457 1853 mortuo
1487 1828 1519 1852 et
1548 1822 1633 1861 apud
1671 1821 1872 1861 Smyrnafflis

1008 1876 1136 1916 sepulto
1158 1876 1310 1915 legimus.
1342 1876 1529 1915 Vtrumque
1553 1874 1703 1904 confudit
1726 1873 1872 1906 Orellius

1010 1928 1128 1960 Ouom.
1151 1939 1180 1969 p.
1208 1929 1266 1958 138
1290 1938 1336 1969 sq.
1355 1928 1557 1968 Sequentem
1575 1936 1751 1957 numerum
1768 1927 1872 1966 posui,

1009 1982 1285 2022 quemadmodum
1309 1981 1342 2011 in
1366 1981 1438 2021 plus
1465 1981 1568 2011 tribus
1592 1980 1672 2010 Mss.
1705 1979 1871 2010 invenisse

1009 2044 1042 2065 se
1064 2038 1200 2064 testatur
1222 2034 1418 2074 Malaspina.
1465 2032 1562 2071 Quod
1592 2032 1712 2072 reliqui
1744 2032 1872 2062 codices

1008 2088 1131 2118 habent
1153 2096 1206 2118 CI.)
1229 2096 1325 2118 00100
1348 2096 1432 2122 1000,
1457 2086 1491 2116 111
1515 2096 1581 2125 (1110
1611 2085 1755 2126 primum
1779 2085 1872 2115 mille

1008 2141 1152 2181 ponitur,
1176 2147 1247 2171 tum
1269 2141 1383 2171 decem
1405 2140 1507 2176 milia,
1532 2144 1698 2180 postremo
1714 2139 1872 2179 quinqua-

1008 2195 1100 2234 ginta
1122 2195 1223 2231 milia,
1247 2200 1356 2234 aperte
1387 2194 1542 2224 vitiosum
1565 2199 1623 2224 est.
1653 2193 1782 2223 Deinde
1813 2203 1872 2232 pro

1008 2258 1069 2278 non
1093 2249 1132 2278 de
1154 2248 1293 2288 Malasp.
1317 2248 1404 2278 coni.
1427 2253 1457 2278 et
1487 2247 1569 2277 falsa
1599 2247 1669 2277 eod.
1701 2247 1733 2276 Y
1763 2251 1870 2276 aucto-

1007 2303 1100 2334 ritate
1122 2303 1227 2334 editur
1258 2313 1350 2332 mmo.
1393 2303 1503 2342 Magis
1533 2303 1640 2342 placet
1668 2302 1770 2332 altera
1800 2301 1870 2332 Ma-

1007 2358 1154 2397 laspinae
1177 2357 1329 2397 suspicio,
1354 2366 1455 2396 quam
1478 2356 1595 2396 recepi.

1050 2409 1167 2446 Cicero,
1192 2414 1251 2440 cet.
1286 2410 1332 2440 M.
1357 2408 1473 2440 Cicero
1495 2415 1564 2439 erat
1587 2414 1657 2439 tum
1681 2417 1741 2439 sex
1764 2418 1869 2438 3111105

1006 2467 1109 2493 natus.
1152 2463 1402 2493 Aristodemum
1437 2462 1642 2502 suspicamur
1671 2461 1770 2491 fuisse
1800 2461 1871 2492 lite-

1005 2522 1156 2552 ratorem,
1186 2516 1238 2546 eui
1276 2525 1356 2556 puer
1392 2515 1574 2547 absentiam
1611 2525 1705 2545 suam
1739 2524 1871 2545 excusa-

1004 2575 1071 2600 tam
1093 2570 1190 2610 eupit.

1046 2625 1094 2655 De
1113 2624 1226 2664 fratre
1256 2634 1311 2654 suo
1342 2634 1395 2664 111).
1426 2623 1576 2664 patrueli.
1615 2623 1656 2653 cf.
1692 2623 1801 2653 adnot.
1831 2623 1870 2652 ad

1006 2678 1032 2708 I.
1059 2679 1086 2714 5,
1111 2678 1139 2707 1.

1046 2730 1094 2760 De
1124 2730 1300 2760 Amalthea.
1331 2730 1407 2760 Vid.
1438 2730 1479 2760 ad
1511 2730 1555 2760 Π.
1588 2730 1614 2765 1,
1647 2729 1695 2758 11.
1726 2727 1870 2759 Orellius

1005 2785 1075 2815 sine
1091 2784 1174 2814 iusta
1196 2793 1292 2814 031153
1315 2793 1436 2814 nomen
1458 2783 1491 2813 h.
1514 2783 1535 2813 l.
1558 2782 1681 2813 Graeoe
1703 2781 1868 2821 scripsisse

1007 2838 1145 2868 videtur.
