2117 3533
271 171 356 211 282
665 170 749 210 ΕΡ.
783 170 859 210 AD
891 170 937 210 T.
972 168 1322 210 POMPONIUM
1355 168 1619 219 ATTIOUM.

270 306 407 348 datum
441 304 695 355 offenderem,
729 308 777 344 ut
809 304 929 345 etiam
962 303 1183 358 inquireret
1214 302 1257 344 in
1300 318 1406 355 eum,
1448 318 1567 359 quem
1606 303 1882 358 reliquissem?
1930 305 2020 347 Hoc

268 380 411 420 melius
444 383 483 418 et
526 377 648 417 huius
691 377 748 417 rei
791 377 907 432 plura
950 376 1130 432 exempla
1139 395 1150 427 3
1197 377 1393 418 senectuti
1440 377 1603 432 quidem
1642 382 1800 419 nostrae
1844 378 2020 433 profecto

269 453 413 507 aptius.
449 452 504 491 At
535 454 575 490 te
610 450 716 505 apud
750 465 855 501 eum,
892 450 949 491 dii
982 449 1098 491 boni!
1135 454 1286 505 quanta
1317 451 1360 491 in
1392 451 1522 505 gratia
1553 450 1684 505 posui,
1718 450 1834 503 eique
1866 449 1946 504 legi
1975 449 2021 490 li-

268 529 371 565 teras
403 538 484 564 non
517 526 608 563 tuas
642 522 710 564 sed
742 522 896 564 librarii
928 523 1005 564 tui.
1061 523 1292 564 Amicorum
1325 524 1463 565 literae
1496 538 1558 564 me
1592 523 1641 564 ad
1674 522 1924 577 triumphum
1956 537 2022 564 vo-

235 605 249 630 5
268 601 372 647 cant,
407 611 489 637 rem
525 612 547 637 a
579 595 709 647 nobis,
752 600 798 637 ut
840 611 913 651 ego
955 595 1138 647 arbitror,
1180 600 1341 651 propter
1381 596 1484 637 hanc
1526 592 1911 654 παλιγγενεσίαν
1953 610 2023 636 no-

268 674 389 711 stram
421 685 503 711 non
535 669 831 724 negligendam.
877 669 1011 721 Quare
1045 674 1090 710 tu
1124 684 1294 724 quoque,
1328 669 1384 710 mi
1416 669 1566 720 Attice,
1600 669 1733 724 incipe
1774 668 1818 709 id
1864 682 2022 723 cupere,

269 759 347 799 quo
380 758 452 784 nos
485 743 618 784 minus
651 742 779 797 inepti
813 741 1034 784 videamur.

267 909 359 950 peius
389 907 544 949 praefecit
573 907 764 948 Hispaniae,
796 906 916 938 Caesar
943 906 977 937 in
1011 905 1120 937 Gallia
1166 907 1232 937 des.
1256 906 1331 946 Ipse
1355 914 1408 936 eas
1430 905 1540 936 literas
1562 905 1741 935 dictaverat
1755 904 1891 936 librario
1907 904 2025 937 Attici.

267 964 314 994 M.
338 963 525 994 Antonium
554 962 625 993 sine
650 966 736 992 sorte
759 965 967 1002 quaestorem
994 959 1119 997 habuit,
1209 958 1385 989 Amicorum
1417 958 1542 989 literae.
1577 957 1628 990 Cf.
1656 957 1749 988 Fam.
1779 958 1826 989 II.
1858 958 1906 996 12,
1935 960 1964 996 3,
1995 964 2027 991 et

266 1015 354 1046 Phil.
378 1015 422 1045 ΙΙ.
445 1016 494 1045 50.
518 1014 609 1045 Caes.
632 1014 671 1045 B.
694 1013 732 1045 G.
756 1013 857 1044 VIII.
881 1014 909 1044 2.
1166 1013 1199 1043 h.
1223 1013 1244 1043 l.
1268 1014 1296 1050 8,
1320 1014 1349 1042 5.

312 1069 350 1100 Ut
373 1069 466 1100 etiam
488 1068 660 1110 inquireret
682 1074 742 1100 cet.
766 1078 799 1099 o:
822 1072 859 1099 ut
878 1068 935 1099 ille
950 1068 1051 1098 iratus
1068 1068 1122 1097 ob·
1212 1061 1496 1108 παλιγγενεσίαν,
1527 1063 1696 1094 Manutius
1724 1068 1811 1094 recte
1840 1064 1927 1104 expl.
1957 1064 2027 1105 dig-

267 1128 410 1155 servaret
432 1123 576 1154 actiones
599 1122 678 1159 eius,
701 1131 798 1163 quem
820 1121 1008 1162 provinciae
1034 1130 1122 1162 prae·
1168 1122 1306 1153 nitatem
1340 1125 1413 1162 post
1448 1119 1603 1151 exsilium
1637 1123 1872 1157 renascentem,
1912 1120 2028 1153 iubens

266 1178 406 1213 ficerem,
429 1176 602 1207 accusandi
625 1175 830 1206 occasionem
854 1183 1026 1215 quaerens.
1169 1174 1311 1206 conferri
1331 1174 1425 1205 Fam.
1446 1174 1526 1205 XV.
1548 1175 1577 1204 4.

307 1230 404 1271 Eique
426 1229 489 1270 Zeyz'
515 1229 626 1259 literas
648 1238 708 1258 non
731 1229 812 1265 tuas,
835 1228 893 1258 sed
923 1226 1048 1258 librarii
1078 1226 1126 1257 cm·
1212 1227 1328 1269 Inepti.
1359 1227 1474 1259 Cicero
1502 1237 1537 1259 se
1564 1232 1659 1258 vocat
1688 1227 1846 1268 ineptum,
1876 1227 1933 1268 qui
1961 1227 2028 1258 iam

266 1294 299 1315 o:
324 1283 390 1323 legi
413 1283 442 1314 ei
465 1282 584 1319 literas,
608 1291 674 1312 non
698 1286 754 1311 tua
775 1291 886 1318 manu,
909 1281 966 1312 sed
989 1291 1007 1311 a
1028 1280 1125 1311 libra-
1172 1281 1281 1312 senior
1317 1281 1522 1322 triumphum
1559 1280 1820 1321 concupiscebat.
1858 1279 1908 1312 Cf.
1938 1279 2027 1311 Suet.

267 1339 316 1369 rio
339 1342 394 1368 tuo
409 1336 554 1377 scriptas.
578 1335 693 1367 Cicero
708 1335 798 1367 enim
813 1336 955 1376 finxerat
970 1344 1004 1366 se
1020 1335 1126 1365 Attici
1173 1334 1274 1376 Vesp.
1298 1335 1347 1366 12.

266 1391 377 1423 literas
400 1389 571 1431 accepisse,
596 1389 630 1420 in
655 1389 774 1430 quibus
797 1394 892 1420 erant
923 1388 1027 1420 Caelii
1058 1388 1125 1418 lau-

871 1494 969 1536 VJJ.
1034 1495 1100 1548 (A.
1142 1493 1187 1535 U.
1225 1495 1267 1534 O.
1305 1492 1423 1548 704.)

336 1614 376 1652 1.
410 1610 588 1662 Quintus
620 1608 726 1650 filius
759 1609 822 1664 pie
857 1624 964 1659 sane,
998 1624 1061 1650 me
1095 1608 1256 1662 quidem
1290 1613 1395 1649 certe
1427 1607 1600 1649 multum
1633 1608 1817 1650 hortante
1848 1607 1918 1649 sed
1942 1621 2029 1648 cur-

271 1689 437 1734 rentem,
472 1683 649 1724 animum
682 1683 807 1737 patris
841 1682 903 1723 sui
937 1682 1060 1723 sorori
1088 1686 1181 1722 tuae
1205 1680 1491 1722 reconciliavit.
1525 1682 1631 1722 Eum
1654 1681 1769 1722 valde
1793 1681 1913 1722 etiam
1935 1684 2029 1721 tuae

269 1757 407 1798 literae
440 1756 679 1797 excitarunt.
724 1754 832 1806 Quid
867 1754 1050 1809 quaeris?
1085 1754 1252 1795 Confido
1285 1769 1382 1804 rem,
1416 1759 1463 1794 ut
1496 1754 1694 1805 volumus,
1728 1769 1827 1795 esse.
1876 1753 1946 1794 Bis
1980 1752 2030 1794 ad

234 1849 248 1874 5
270 1835 308 1871 te
343 1834 459 1871 antea
492 1830 633 1885 scripsi
666 1829 715 1870 de
748 1844 788 1869 re
821 1844 909 1870 mea
941 1827 1141 1878 familiari,
1176 1827 1209 1868 si
1243 1827 1360 1868 modo
1393 1825 1470 1868 tibi
1516 1826 1694 1868 redditae
1738 1826 1876 1867 literae
1921 1828 2029 1875 sunt,

271 1904 436 1954 Graece,
472 1900 527 1947 ἐν
559 1899 838 1961 αἰνιγμοῖς.
879 1901 1041 1943 Scilicet
1072 1900 1175 1941 nihil
1204 1905 1264 1941 est
1286 1900 1543 1941 movendum.
1579 1901 1657 1942 Sed
1679 1905 1814 1941 tamen
1837 1895 2032 1954 ἀφελῶς

271 1976 542 2031 percontando
575 1975 623 2016 de
657 1973 887 2016 nominibus
921 1973 1101 2023 Milonis,
1137 1977 1190 2023 et,
1224 1977 1271 2013 ut
1304 1973 1504 2028 expediat,
1539 1977 1586 2014 ut
1618 1973 1719 2014 mihi
1754 1972 1918 2028 recepit,
1942 1971 2031 2013 hor-

269 2049 392 2090 tando
425 2048 577 2104 aliquid
610 2053 656 2090 tu
688 2048 882 2103 proficies.
941 2050 981 2088 2.
1015 2047 1102 2101 Ego
1136 2045 1356 2087 Laodiceae
1391 2051 1639 2101 quaestorem
1680 2045 1923 2087 Mescinium
1967 2059 2032 2085 ex-

271 2126 446 2177 spectare
479 2122 592 2172 iussi,
626 2126 672 2163 ut
705 2120 905 2162 confectas
939 2120 1113 2161 rationes
1146 2119 1232 2173 lege
1264 2119 1370 2160 Iulia
1403 2119 1509 2174 apud
1543 2119 1641 2160 duas
1672 2119 1853 2160 civitates
1877 2132 2032 2172 possem

216 2211 249 2236 10
270 2196 506 2250 relinquere.
557 2194 744 2235 Rhodum
778 2194 866 2235 volo
900 2207 1113 2248 puerorum
1147 2207 1280 2242 causa,
1316 2192 1409 2233 inde
1454 2207 1573 2246 quam
1618 2192 1791 2247 primum
1837 2190 2031 2240 Athenas,

271 2271 344 2311 etsi
378 2269 537 2311 Etesiae
570 2269 683 2310 valde
717 2268 872 2309 reflant.
923 2265 1000 2308 Sed
1034 2265 1150 2321 plane
1186 2265 1274 2306 volo
1307 2265 1370 2306 his
1404 2264 1720 2319 magistratibus,
1755 2278 1924 2318 quorum
1967 2278 2031 2303 vo-

312 2403 331 2434 9
348 2402 465 2443 possim
488 2420 529 2425 —

316 2530 334 2568 ξ
358 2529 385 2558 1.
411 2527 462 2558 Me
484 2546 524 2550 —
547 2527 694 2557 hortante
716 2525 773 2557 sed
792 2528 975 2557 currentem.
1001 2525 1132 2556 Curren-
1153 2534 1154 2544 ¹
1174 2535 1275 2566 qaere.
1300 2525 1412 2565 Vulgo
1430 2524 1555 2564 possim,
1591 2524 1678 2564 quod
1711 2528 1895 2563 temporum
1924 2531 2034 2552 conse-

275 2584 333 2612 tem
358 2579 480 2610 hortari
503 2579 561 2619 (V.
584 2580 612 2616 9,
637 2579 670 2619 1>
694 2579 745 2609 vel
768 2578 903 2608 incitare
936 2578 992 2617 (ad
1023 2577 1063 2616 Q.
1094 2577 1131 2608 fr.
1153 2561 1155 2599 l
1176 2579 1299 2610 cutioni
1349 2588 1536 2619 repugnans
1580 2577 1725 2608 correxit
1765 2575 2032 2616 Wesenbergius,

277 2636 303 2665 Ι.
328 2635 355 2671 1,
381 2634 432 2673 16)
456 2633 633 2664 illustravit
654 2633 840 2672 Malaspina
862 2642 1055 2672 comparans
1075 2631 1131 2665 Gr.
1154 2660 1155 2674 3
1176 2634 1314 2664 Emend.
1338 2643 1368 2673 p.
1392 2633 1441 2663 21.
1464 2651 1504 2654 —
1526 2632 1575 2663 De
1604 2642 1637 2663 re
1667 2631 1707 2662 cf.
1738 2631 1830 2661 Fam.
1861 2631 1907 2660 II.
1937 2629 1984 2667 17,
2014 2629 2034 2659 2

278 2683 470 2719 σπεύδοντα
500 2683 664 2730 ὀτρύνειν.
696 2685 744 2715 Cf.
769 2686 891 2717 Moseri
913 2685 1027 2726 Symb.
1051 2685 1132 2717 Crit.
1154 2678 1156 2704 ¹>
1177 2695 1209 2721 et
1231 2691 1250 2719 4
1274 2694 1304 2720 et
1329 2689 1490 2729 imprimis
1514 2688 1556 2719 V.
1581 2689 1629 2725 20,
1662 2688 1677 2717 1
1710 2698 1756 2728 sq.
1800 2686 1960 2726 Deposuit
1988 2695 2034 2716 ra-

278 2744 321 2774 V.
344 2754 373 2783 p.
397 2743 425 2774 7.
449 2742 603 2773 Ceterum
625 2741 748 2781 inspice
771 2751 820 2782 ep.
843 2744 871 2779 3,
897 2743 914 2772 8
936 2742 968 2772 h.
994 2743 1014 2772 l.
1155 2784 1156 2787 Ἴ
1178 2742 1282 2774 tiones
1305 2742 1470 2773 confectas
1493 2741 1676 2771 Laodiceae
1699 2746 1730 2770 et
1752 2739 1930 2779 Apameae.

320 2796 378 2826 Bis
407 2813 446 2818 —
478 2796 583 2824 antea.
616 2794 648 2824 h.
677 2794 699 2824 l.
729 2795 757 2831 4,
789 2796 806 2824 :3
843 2800 875 2825 et
911 2795 938 2831 5,
975 2795 990 2824 1
1023 2804 1069 2835 sq.
1099 2791 1132 2825 ἐν
1155 2820 1156 2832 ,
1219 2795 1359 2825 Rhodum
1374 2795 1442 2825 volo
1452 2804 1619 2834 puerorum
1636 2802 1743 2823 causa.
1767 2792 1862 2823 Fam.
1879 2790 2032 2827 11.17,1.

279 2845 462 2893 αἰνιγμοῖς,
486 2851 522 2876 ut
544 2846 588 2876 II·
613 2846 661 2882 19,
685 2847 714 2877 5.
1155 2844 1156 2882 ἶ
1178 2848 1316 2881 Rhodum
1341 2848 1519 2879 Ciceronum
1541 2857 1638 2879 causa
1653 2856 1821 2887 puerorum
1840 2854 2033 2876 accessurum

318 2904 443 2936 Scilicet
467 2901 549 2932 nihil
571 2903 617 2932 est
639 2901 816 2932 movendum
842 2912 897 2932 uo:
925 2911 991 2932 non
1025 2901 1133 2941 palam
1155 2887 1157 2942 ξ
1171 2903 1268 2942 puto,-
1293 2911 1389 2942 neque
1410 2900 1446 2931 z'd
1468 2903 1570 2931 tamen
1593 2901 1717 2930 certum.
1755 2898 1916 2938 Cupiebat
1945 2896 2034 2928 enim

279 2958 529 3000 improbandum
553 2960 601 2987 est
625 2960 656 2987 et
679 2956 808 2987 irritum
832 2955 1028 2992 faciendum,
1045 2956 1134 2996 quod
1156 2948 1157 2979 l
1179 2954 1322 2985 insulam
1345 2958 1376 2984 ct
1399 2953 1445 2984 rei
1469 2952 1596 2983 navalis
1619 2952 1725 2992 gloria
1753 2956 1785 2982 et
1815 2950 1933 2981 artium
1963 2957 2035 2989 ope-

278 3023 363 3042 uxor
386 3016 416 3043 et
438 3010 635 3041 Philotimus
659 3009 863 3049 gessemmff'
885 3007 1079 3039 Gronovius.
1156 2981 1157 3029 l
1180 3008 1269 3038 ribus
1292 3013 1323 3039 et
1346 3006 1553 3047 eloquentiae
1576 3006 1692 3037 studiis
1715 3005 1836 3036 claram
1852 3003 2035 3034 adolescen-

319 3064 357 3093 Ea
368 3061 612 3093 —hortandom
630 3067 662 3092 et
678 3061 844 3092 monendo
856 3060 1083 3097 Philotimum,
1097 3066 1134 3091 ut
1181 3060 1268 3091 tibus
1291 3061 1472 3091 ostendere.

279 3117 465 3153 satisfaciat,
489 3115 767 3157 quemadmodum
791 3114 871 3144 mihi
891 3114 1055 3154 pollicitus
1077 3118 1134 3144 est.
1156 3124 1157 3151 i
1222 3113 1348 3144 Etesiae
1370 3114 1525 3144 dicuntur
1547 3123 1565 3143 a
1596 3112 1729 3143 Graecis
1758 3110 1858 3147 venti,
1889 3110 1944 3150 qui
1973 3117 2037 3139 cer-

320 3170 337 3207 ξ
361 3170 388 3199 2.
423 3168 459 3197 Ut
483 3168 642 3208 consectas
672 3165 810 3197 >uniones
834 3175 1010 3204 *possem
1039 3165 1132 3197 relz‘n-
1155 3154 1157 3188 l
1182 3168 1221 3198 tis
1252 3168 1330 3199 anni
1356 3167 1558 3207 temporibus
1582 3166 1685 3198 maria
1707 3164 1915 3197 infestabant.
1961 3161 2036 3193 Vid.
