2117 3533
226 199 268 226 vr
935 186 1262 227 PRAEFATIO.

225 361 300 402 rari
335 360 585 408 ostendisset,
621 358 737 398 multi
772 357 896 397 exorti
933 360 1041 406 sunt,
1080 356 1149 409 qui
1182 357 1224 396 in
1258 357 1337 396 illis
1371 357 1632 397 emendandis
1665 365 1704 396 ct
1728 355 1973 411 explicandis

225 444 464 487 laudabilem
510 441 760 496 diligentiam
802 444 1010 495 ponerent.
1078 439 1261 493 Longum
1306 445 1365 481 est
1406 455 1542 481 omnes
1585 454 1837 489 enumerare3
1879 439 1976 480 satis

225 532 300 573 erit
331 530 556 571 nominasse
590 528 650 569 Io.
699 528 803 580 Aug.
846 526 1075 575 Ernestum,
1117 522 1267 564 Christ.
1309 523 1414 565 God.
1459 524 1708 574 Schutzium,
1752 523 1813 564 Io.
1857 523 1975 578 Casp.

225 614 433 663 Orellium,
471 611 565 653 Alb.
600 610 692 652 Sad.
727 608 1075 663 W'esenbergium,
1123 607 1268 648 Reinh.
1314 608 1532 649 Klotzium.
1578 608 1734 649 Horum
1779 607 1976 662 imprimis

225 699 386 754 ingenio
419 702 459 738 et
492 695 701 751 diligentia
735 695 918 735 effectum
954 697 1027 742 est,
1064 698 1107 733 ut
1140 692 1358 734 habeamus
1392 693 1580 748 epistolas
1612 693 1834 734 innumeris
1867 692 1976 733 vitiis

225 787 412 839 purgatas
446 786 485 823 et
519 780 699 836 quamvis
732 794 812 821 11011
847 778 961 828 tales,
996 778 1132 833 quales
1165 777 1263 832 legit
1296 778 1506 819 Cornelius
1539 779 1690 833 Nepos,
1716 782 1820 819 certe
1843 777 1976 818 minus

224 867 410 922 indignas
444 865 647 920 scriptoris
680 863 841 918 ingenio
875 866 915 903 et
948 866 1044 912 arte,
1080 877 1198 916 quam
1231 862 1275 902 in
1309 862 1486 916 antiquis
1519 861 1765 903 editionibus
1810 862 1976 903 circum·

225 952 419 993 feruntur.
464 948 840 1004 Interpretationem
875 947 1131 1002 epistolarum
1166 947 1239 988 soli
1273 949 1467 989 Ernestus
1500 952 1540 988 et
1583 946 1795 988 Schutzius
1836 948 1977 1002 attige-

223 1041 330 1087 runt,
364 1035 430 1077 1116
464 1033 707 1075 brevissimis
741 1033 974 1088 plerumque
1009 1032 1339 1075 adnotationibus
1375 1035 1613 1076 sententiam
1650 1033 1856 1075 verborum
1888 1050 1977 1089 ape-

223 1123 341 1172 riens,
376 1121 441 1161 hic
475 1105 722 1174 superiorum
756 1119 1019 1173 interpretum
1054 1117 1174 1160 verba
1208 1124 1404 1174 repetens,
1440 1124 1479 1160 et
1512 1118 1583 1160 ubi
1616 1119 1675 1160 illi
1710 1119 1769 1160 vel
1803 1123 1978 1159 errarent

223 1208 283 1248 vel
316 1208 495 1247 tacerent
528 1217 619 1244 suas
653 1201 939 1257 explicationes
981 1201 1146 1253 addens,
1194 1218 1272 1256 quo
1316 1203 1358 1243 in
1403 1218 1545 1257 genere
1588 1203 1774 1244 nonnihil
1819 1217 1977 1257 quoque

223 1292 413 1333 debemus
447 1291 552 1344 Aug.
585 1288 798 1338 Matthiae,
833 1288 922 1342 plus
957 1288 1021 1329 Fr.
1059 1287 1303 1338 Hofmanno,
1348 1287 1417 1342 qui
1463 1288 1627 1329 selectas
1661 1287 1864 1329 Ciceronis
1897 1287 1979 1343 epi-

222 1376 341 1417 stolas
374 1375 416 1416 in
450 1388 568 1416 usum
602 1372 890 1426 discipulorum
935 1372 1232 1412 commentariis
1273 1372 1566 1412 instruxerunt.
1614 1372 1763 1412 Verum
1811 1371 1885 1412 etsi
1930 1371 1978 1411 de

222 1464 362 1503 horum
397 1459 576 1501 omnium
610 1457 798 1499 laudibus
832 1457 932 1498 nihil
968 1457 1134 1499 detraho
1167 1462 1383 1512 gratusque
1418 1456 1598 1513 accipioſj
1631 1472 1732 1511 quae
1766 1456 1977 1506 dederunt,

221 1548 263 1588 in
297 1550 466 1600 utroque
498 1548 633 1584 tamen
665 1557 808 1596 genere
844 1547 883 1582 et
917 1541 1157 1583 emendandi
1191 1546 1230 1582 et
1263 1541 1474 1582 enarrandi
1509 1541 1655 1582 multos
1689 1545 1794 1582 recte
1819 1555 1977 1595 operam

223 1646 335 1672 suam
368 1643 512 1686 ponere
557 1642 670 1682 posse
714 1626 897 1676 arbitror,
949 1631 1164 1681 antequam
1208 1625 1346 1667 licebit
1393 1640 1633 1680 quemquam
1678 1625 1977 1680 reprehendere,

225 1714 330 1769 quod
363 1713 572 1768 ingenium
605 1718 645 1753 et
678 1711 917 1752 industriam
952 1711 994 1752 111
1028 1711 1090 1752 1115
1123 1712 1375 1767 potissimum
1410 1710 1524 1752 libris
1556 1710 1823 1752 collocaverit.
1873 1710 1979 1751 Nam

222 1806 261 1841 et
294 1799 336 1840 111
370 1797 487 1840 rebus
520 1797 645 1838 multa
679 1802 774 1837 sunt
808 1795 985 1836 nondum
1020 1796 1116 1836 satis
1149 1795 1361 1845 illustrata,
1396 1800 1435 1835 et
1468 1795 1510 1835 in
1543 1793 1673 1835 verbis
1706 1809 1821 1848 saepe
1846 1794 1979 1835 haere-

223 1899 324 1925 mus.
367 1884 453 1924 Nec
486 1883 631 1923 mirum
665 1882 707 1922 111
741 1879 933 1935 epistolis,
969 1895 1048 1920 non
1083 1895 1128 1920 eo
1161 1880 1328 1920 consilio
1363 1879 1534 1933 scriptis,
1570 1883 1616 1919 ut
1649 1878 1861 1919 ederentur
1895 1882 1935 1919 et
1957 1892 1979 1918 a

224 1968 390 2026 posteris
425 1968 664 2022 legerentur,
698 1966 826 2006 multa
858 1965 1002 2014 inesse,
1039 1979 1138 2018 quae
1172 1964 1288 2005 nobis
1322 1963 1490 2004 obscura
1524 1962 1618 2011 sint,
1665 1976 1789 2016 quum
1835 1962 1895 2003 vel
1929 1961 1979 2003 ab

224 2055 457 2111 aequalibus
491 2054 694 2109 scriptoris
728 2057 880 2108 praeter
917 2052 1097 2093 Atticum
1140 2065 1220 2091 non
1264 2048 1397 2089 omnia
1442 2047 1664 2102 potuissent
1707 2046 1893 2101 intelligi,
1941 2052 1981 2088 et

223 2140 333 2182 nulla
366 2139 494 2181 Attici
527 2139 694 2194 epistola
728 2137 913 2192 supersit,
950 2152 1049 2190 quae
1083 2134 1268 2177 tenebras
1302 2132 1445 2187 pellere
1481 2132 1619 2186 possit.
1656 2130 1847 2189 Accedit‚}
1872 2131 1977 2185 quod

224 2224 379 2265 codices
413 2223 564 2278 scripti,
600 2223 669 2277 qui
705 2222 774 2263 has
810 2220 1061 2275 antiquitatis
1096 2218 1283 2272 reliquias
1318 2220 1539 2265 servarunt,
1583 2215 1826 2270 turpissimis
1872 2215 1979 2256 vitiis

225 2307 444 2357 abundant,
480 2311 520 2347 et
553 2305 660 2360 quod
693 2305 792 2346 falsa
825 2305 960 2359 opinio
995 2304 1042 2344 de
1078 2303 1152 2343 fide
1194 2302 1245 2357 etss
1277 2301 1514 2342 auctoritate
1561 2299 1742 2340 codicum
1791 2299 1981 2340 Bosiano-

225 2409 311 2436 rum
345 2392 529 2440 editores,
565 2390 733 2431 maxime
768 2388 976 2438 Orellium,
1012 2393 1051 2428 et
1084 2388 1256 2436 criticos,
1287 2387 1327 2427 111
1352 2385 1498 2440 quibus
1526 2385 1576 2424 W
1580 2383 1836 2438 esenbergius
1860 2399 1979 2438 parvo

226 2476 565 2519 Emendationum
598 2473 732 2515 libello
768 2473 988 2528 principem
1020 2473 1150 2512 locum
1186 2470 1409 2524 occupavit,
1445 2468 1601 2523 decepit
1635 2474 1674 2508 et
1719 2468 1892 2518 induxit,
1940 2478 1983 2509 ut

228 2568 381 2619 praeter
416 2561 691 2602 necessitatem
728 2576 749 2601 a
794 2560 929 2601 codice
976 2558 1158 2600 Mediceo
1205 2557 1467 2598 discederent.
1518 2556 1606 2596 Nec
1650 2570 1742 2596 sane
1784 2555 1898 2596 facile
1938 2556 1977 2597 in

229 2662 371 2702 magno
405 2660 568 2686 numero
603 2646 841 2699 optimarum
877 2644 1107 2693 lectionum,
1150 2658 1247 2697 quas
1282 2642 1412 2682 Simeo
1452 2641 1604 2689 Rosius,
1651 2639 1812 2680 criticus
1857 2639 1982 2693 magis

229 2731 359 2773 audax
393 2745 510 2784 quam
544 2730 653 2780 felix,
688 2730 757 2771 ubi
793 2730 1038 2770 divinatione
1073 2743 1171 2783 opus
1214 2732 1287 2776 est,
1333 2742 1353 2767 e
1400 2723 1605 2765 codicibus
1650 2724 1732 2764 suis
1777 2723 1982 2764 decurtato

231 2816 310 2869 (Y),
346 2814 568 2855 Crusellino
604 2814 685 2867 (X),
721 2814 986 2854 Tornaesiano
1022 2814 1095 2866 (Z),
1145 2810 1434 2866 deprompsisse
1479 2824 1519 2850 se
1566 2807 1788 2855 affirmavit,
1839 2805 1982 2859 aliquis

230 2897 410 2938 fraudem
447 2897 673 2951 suspicatus
707 2902 811 2937 esset
846 2912 978 2937 eamve
1013 2895 1279 2950 suspicionem
1315 2894 1403 2934 aliis
1447 2892 1665 2947 probasset,
1710 2890 1789 2931 11151
1832 2890 1983 2930 Τ1160(].

231 2985 506 3024 Mommsenus
539 2982 581 3022 in
615 2981 858 3022 bibliotheca
892 2982 1073 3022 Parisina
1106 2981 1323 3022 detexisset
1356 2978 1717 3021 animadversiones
1749 2975 1848 3015 Sim.
1872 2974 1981 3015 Bosii

234 3071 273 3110 in
310 3076 457 3124 septem
493 3068 726 3123 posteriores
760 3067 881 3107 libros
916 3067 1172 3122 epistolarum
1207 3066 1255 3106 ad
1291 3065 1486 3112 Atticum,
1537 3076 1634 3116 quae
1671 3061 1703 3100 si
1737 3075 1826 3101 cum
1862 3057 1978 3101 editi>-
