2117 3533
307 157 390 195 286
697 155 781 196 ΕΡ.
816 155 891 195 AD
923 155 969 195 T.
1005 153 1353 195 POMPONIUM
1387 154 1650 196 ATTIOUM.

303 287 454 342 cepisse
496 287 545 327 de
597 287 671 328 hac
714 302 755 327 re
799 287 1008 342 epistolam
1057 287 1246 343 scriptam
1295 287 1534 329 accuratius.
1614 290 1654 329 4.
1699 289 1786 343 Ego
1833 287 2058 330 tabellarios

302 366 457 414 postero
491 360 553 400 die
587 360 637 401 ad
671 375 739 401 vos
772 375 878 401 eram
911 360 1118 411 missurus,
1153 375 1254 415 quos
1286 365 1384 416 puto
1408 364 1500 401 ante
1524 364 1712 402 venturos
1735 376 1855 416 quam
1877 365 2058 402 nostrum

303 432 524 473 Saufeium.
559 432 636 473 Sed
670 448 762 473 eum
796 432 880 474 sine
916 432 1013 473 meis
1046 432 1174 474 literis
1208 433 1258 474 ad
1290 438 1329 474 te
1364 434 1497 474 venire
1532 434 1598 474 vix
1631 438 1784 475 rectum
1806 438 1904 474 erat.
1941 435 2059 476 5.Tu

299 505 411 555 mihi,
448 509 492 545 ut
524 505 738 560 polliceris,
774 504 822 545 de
856 505 1030 546 Tulliola
1062 520 1163 555 mea,
1198 505 1240 546 id
1274 511 1348 556 est,
1382 505 1431 547 de
1464 505 1689 556 Dolabella,
1733 507 1966 561 perscribes,
2011 507 2058 549 de

297 593 338 618 re
372 577 548 634 publica,
584 593 703 633 quam
737 578 949 633 praevideo
983 578 1025 619 in
1059 579 1226 619 summis
1259 579 1462 634 periculis,
1498 579 1545 620 de
1580 580 1825 631 censoribus,
1873 582 2058 623 maxime-

295 665 371 704 que
405 650 454 692 de
488 651 627 705 signis,
660 650 824 702 tabulis,
869 650 965 704 quid
1010 652 1092 701 fiat,
1138 651 1396 693 referaturne.
1456 652 1599 693 Idibus
1644 653 1809 695 Octobr.
1855 654 1926 695 llas
1967 655 2057 697 dedi

294 723 443 775 literas,
479 740 558 779 quo
592 724 670 776 die,
706 730 752 766 ut
785 723 940 776 scribis,
976 724 1121 766 Caesar
1155 725 1404 766 Placentiam
1437 726 1615 780 legiones
1647 731 1831 781 quatuor.
1885 728 2056 779 Quaeso,

295 797 391 850 quid
424 797 540 840 nobis
574 798 755 840 futurum
789 800 874 841 est?
909 799 958 839 111
992 813 1079 840 arce
1114 798 1286 840 Athenis
1322 799 1441 840 statio
1477 815 1563 841 mea
1595 815 1704 841 nunc
1739 800 1882 855 placet.

334 966 355 993 4
370 963 553 1003 perscribas
576 981 617 987 —

336 1108 354 1147 ξ
377 1109 406 1138 5.
430 1107 473 1137 Ta
496 1107 570 1138 mz'lcz'
591 1126 633 1131 —
648 1106 832 1146 per-scribes.
856 1107 908 1138 Ita
929 1107 1058 1138 facilius
1072 1107 1152 1138 haec

293 1162 510 1201 corriguntur,
534 1172 633 1202 quam
655 1162 683 1192 si
706 1167 832 1193 retento
856 1161 1037 1201 perscribas
1067 1161 1153 1193 exei-

294 1218 379 1248 disse
402 1223 524 1248 statuas
549 1216 647 1247 velim.
671 1217 770 1256 Quod
792 1217 922 1248 scribit:
947 1217 985 1247 (le
1011 1216 1148 1248 Tulliola

298 1280 375 1307 mea,
398 1269 434 1299 id
458 1272 504 1300 est
526 1269 564 1300 de
585 1269 754 1300 Dolabella
777 1274 824 1300 est
854 1279 887 1301 se
918 1270 1026 1310 ipsum
1056 1269 1154 1300 corri-

293 1323 411 1363 gentis.
433 1322 621 1354 Gronovius
644 1323 847 1364 comparavit
866 1332 882 1354 e
897 1322 998 1353 Floro
1013 1323 1099 1353 1111.
1116 1323 1150 1353 2:

292 1376 331 1406 de
353 1375 547 1407 successione
582 1376 728 1407 Caesaris
755 1377 895 1412 senatus,
925 1375 962 1406 ἰαί
989 1378 1036 1405 est
1068 1374 1153 1406 Pom-

289 1432 379 1471 peias
401 1432 554 1473 (oyitabat.
576 1432 674 1463 Adde
698 1442 741 1463 ex
762 1432 813 1462 his
837 1432 942 1473 epistt.
966 1432 1046 1462 VII.
1071 1432 1098 1469 7,
1117 1432 1150 1464 7:

293 1484 465 1515 Aclsenlior
495 1486 548 1515 Cn.
586 1484 737 1525 Pompeio,
766 1484 801 1515 id
830 1486 877 1515 est
911 1484 944 1515 Τ.
973 1484 1150 1524 Pomponio,

292 1540 421 1581 aliaque
444 1541 477 1571 in
501 1542 611 1572 adnot.
634 1541 738 1573 Cortii
760 1542 800 1571 ad
822 1540 914 1571 Fam.
938 1541 983 1571 II.
1008 1540 1056 1578 17,
1081 1541 1109 1571 6.

1200 1109 1336 1148 privatis
1360 1110 1455 1141 nimii
1477 1116 1604 1142 sumtus
1626 1112 1743 1143 fierent
1772 1112 1805 1142 in
1836 1111 1940 1152 signis
1968 1111 2060 1142 tabu-

1200 1161 1306 1203 lisque
1329 1163 1487 1194 emendis.
1518 1163 1630 1203 Quum
1652 1170 1762 1195 autem
1785 1164 1890 1196 edicta
1912 1164 2059 1195 censoria

1200 1225 1267 1245 nou
1290 1215 1451 1247 haberent
1472 1216 1540 1247 vim
1574 1223 1772 1257 perpetuam,
1802 1221 1928 1257 poterat
1955 1218 1994 1248 de
2024 1226 2058 1248 re

1200 1268 1377 1299 constituta
1406 1270 1447 1299 ad
1475 1275 1626 1300 senatiun
1656 1269 1778 1307 referri,
1808 1270 1874 1310 qui,
1913 1269 1940 1301 si
1977 1279 2057 1310 opus

1200 1322 1382 1359 videbatur,
1407 1321 1532 1354 sctum
1554 1324 1595 1354 (16
1618 1333 1656 1354 66
1679 1323 1826 1355 faciebat.

1245 1376 1360 1407 Caesar
1383 1375 1580 1407 Placentiam
1604 1377 1742 1418 leyz'ones
1764 1379 1896 1418 quatuor
1919 1386 1962 1408 sc.
1982 1377 2056 1408 due-

1200 1435 1291 1460 turus
1327 1434 1405 1461 erat.
1448 1430 1627 1462 Rumorem
1666 1436 1803 1462 eventus
1840 1441 1908 1462 non
1942 1431 2056 1461 confir-

1198 1482 1309 1513 mavit.

1240 1538 1280 1568 Iu
1302 1547 1377 1568 arce
1398 1538 1533 1568 Atlcem's
1555 1549 1589 1569 o:
1612 1539 1646 1569 in
1670 1548 1708 1570 ea
1729 1544 1819 1579 parte
1838 1539 2055 1577 Athenarum,

1200 1602 1283 1632 quae
1316 1592 1437 1622 dicitur
1467 1591 1625 1633 Cecropia
1653 1592 1706 1623 vel
1737 1602 1807 1622 arx.
1837 1592 1925 1622 Plin.
1946 1592 1990 1622 H.
2013 1591 2054 1622 N.

1198 1645 1279 1676 VII.
1310 1646 1327 1685 ξ
1358 1646 1427 1676 194.
1471 1646 1523 1676 Ibi
1557 1646 1692 1677 fortasse
1720 1646 1891 1677 habitabat
1912 1646 2054 1683 Aristus,

1198 1702 1282 1741 apud
1306 1711 1405 1741 quem
1426 1706 1497 1731 tum
1519 1701 1753 1739 diversabatur,
1776 1701 1874 1731 Tusc.
1898 1700 1941 1733 V.
1964 1702 1993 1731 8.
2015 1719 2056 1723 -

1197 1753 1301 1785 Statio
1322 1755 1516 1795 plerumque
1539 1760 1587 1786 est
1608 1755 1808 1786 vocabulum
1821 1754 1972 1791 militare,
1988 1764 2053 1785 non

1198 1815 1307 1840 tamen
1324 1819 1460 1850 semper.
1484 1809 1606 1841 Scribit
1621 1815 1731 1841 autem
1746 1819 1780 1841 se
1803 1810 1945 1849 gaudere
1969 1809 2054 1849 quod

1197 1873 1280 1893 amc
1302 1863 1446 1894 Athenis
1470 1868 1553 1895 esset
1578 1863 1694 1905 potius,
1718 1873 1817 1904 quam
1839 1863 1974 1901 Romae,
1997 1862 2053 1893 ubi

1196 1916 1306 1948 minor
1328 1921 1396 1948 erat
1418 1917 1584 1949 securitas.

335 1593 530 1635 Mariamque
551 1594 591 1624 de
612 1594 720 1633 siquis,
752 1594 878 1631 tabulis,
907 1593 984 1635 quid
999 1595 1076 1635 fiat,
1105 1604 1152 1625 re-

284 1646 466 1687 feraturne.
491 1648 614 1679 Scribit
636 1649 676 1679 de
699 1649 813 1679 eadem
836 1658 870 1679 re
893 1647 1034 1686 Caelius,
1058 1648 1150 1679 Fam.

294 1701 393 1731 VIII.
418 1702 466 1738 14,
489 1703 519 1732 4.
542 1701 613 1733 Scis
634 1701 765 1741 Appiam
791 1711 946 1732 censorem
961 1702 1013 1732 hic
1027 1704 1150 1733 ostenta

283 1756 428 1796 jacere?
450 1757 488 1788 de
510 1758 609 1798 siquis
632 1759 662 1788 et
688 1757 814 1794 tabulis,
836 1758 876 1788 de
898 1758 968 1798 ayri
992 1758 1088 1795 modo,
1113 1758 1151 1788 de

294 1822 368 1842 aere
384 1812 489 1842 alieno
503 1812 653 1843 acerrime
670 1812 791 1854 ayere?
813 1812 961 1853 Apparet
975 1813 1078 1853 igitur
1089 1813 1151 1844 hoe

294 1869 439 1904 tempore
462 1864 610 1905 Appium
633 1864 811 1896 Claudium
841 1864 1024 1896 Pulchrum
1054 1870 1084 1896 et
1112 1865 1151 1896 L.

295 1916 512 1957 Calpurnium
532 1916 690 1950 Pisonem
712 1926 863 1950 censores
886 1917 1039 1956 edixisse,
1063 1927 1105 1950 ne
1135 1928 1154 1949 6

817 2281 1284 2335 LIBER
1383 2280 1522 2335 Vll.

902 2526 940 2566 J.
1007 2526 1071 2578 (A.
1113 2525 1158 2565 U.
1197 2526 1237 2566 c.
1279 2526 1396 2580 704).

360 2639 400 2678 1.
434 2638 632 2679 Dederam
665 2639 849 2693 equidem
883 2640 932 2680 L.
966 2639 1126 2681 Saufeio
1159 2640 1294 2680 literas
1328 2644 1368 2680 et
1400 2638 1585 2680 dederam
1620 2639 1670 2680 ad
1702 2643 1741 2680 te
1762 2653 1903 2689 unum,
1928 2636 2046 2694 quod,

296 2726 420 2765 quum
453 2726 533 2751 non
567 2715 670 2751 esset
702 2712 893 2766 temporis
925 2711 1025 2753 mihi
1060 2712 1110 2753 ad
1144 2711 1401 2753 scribendum
1436 2712 1545 2763 satis,
1580 2716 1715 2753 tamen
1747 2711 1950 2753 hominem
1972 2710 2047 2752 tibi

294 2787 377 2823 tam
411 2782 644 2824 familiarem
678 2784 762 2824 sine
796 2785 894 2825 meis
927 2785 1054 2825 literis
1088 2785 1137 2826 ad
1170 2790 1210 2826 te
1243 2785 1376 2826 venire
1410 2784 1616 2836 nolebam,
1660 2785 1742 2836 sed,
1786 2789 1832 2825 ut
1875 2784 2046 2839 philoso-

257 2867 270 2891 ῠ
295 2855 366 2912 phi
399 2854 620 2907 ambulant,
654 2856 725 2897 has
758 2855 835 2897 tibi
868 2856 1071 2897 redditum
1104 2857 1154 2898 iri
1187 2857 1377 2912 putabam
1411 2858 1535 2913 prius.
1592 2857 1662 2899 Sin
1695 2858 1774 2898 iam
1807 2857 1895 2898 illas
1939 2871 2045 2898 acce-

294 2929 404 2985 pisti,
439 2929 516 2970 scis
548 2944 611 2969 me
644 2928 825 2971 Athenas
858 2930 1012 2971 venisse
1047 2930 1175 2985 pridie
1208 2930 1306 2972 Idus
1340 2930 1549 2982 Octobres,
1592 2947 1612 2972 6
1646 2931 1739 2972 navi
1771 2944 1971 2985 egressum
2002 2929 2044 2970 in

338 3107 356 3146 ξ
382 3107 410 3137 1.
440 3105 490 3137 Cf.
519 3105 582 3137 VI.
612 3106 640 3142 9,
670 3105 760 3136 cuius
789 3106 946 3146 epistolae
974 3116 1145 3147 6161611161]-
1170 3098 1173 3146 J
1243 3104 1282 3136 Ut
1303 3104 1484 3146 philosophi
1510 3105 1680 3136 ambulant.
1710 3105 1913 3146 Philosophi,
1942 3103 2044 3137 homi·

294 3165 364 3193 tum
385 3160 438 3192 hic
463 3159 601 3192 breviter
621 3164 818 3191 recensetur.
1165 3158 1171 3204 J
1196 3168 1253 3191 nes
1275 3159 1381 3197 otiosi,
1416 3169 1483 3191 non
1513 3159 1675 3196 festinare,
1704 3160 1760 3191 sed
1790 3160 1880 3192 tarde
1912 3158 1973 3191 iter
2000 3158 2043 3191 fa·
